3753 5871
1226 247 1400 300 biber
1428 249 1846 302 Torum-Do
1884 251 2083 302 Rom
3067 249 3177 310 ⁴33

354 436 389 520 5
433 435 503 505 3.
552 436 838 506 curent
875 454 1164 522 quoque
1192 436 1548 521 Episcopi
1578 441 1692 519 ut,
1728 441 2084 507 accurato
2112 437 2534 505 inventario
2562 437 2923 517 confecto,
2967 442 3172 507 uten-

175 543 356 611 silia
398 542 649 611 omnia
692 543 808 612 vel
857 544 1050 611 bona
1098 544 1401 612 mobilia
1448 544 1700 613 domui
1760 545 2166 630 episcopali
2223 546 2421 614 forte
2468 545 2772 614 addicta
2819 550 3043 629 atque
3091 546 3173 614 in

175 666 474 718 mensae
507 650 839 719 dominio
869 651 1309 734 constituta,
1348 651 1444 720 ad
1492 670 1984 720 successorem
2032 672 2121 721 ex
2160 657 2320 721 toto
2358 671 2754 739 secureque
2793 654 3171 722 transmit·

175 758 465 824 tantur.

1450 985 1711 1055 Offm·
1754 987 1892 1056 VI.

736 1126 848 1194 Do
884 1126 1312 1194 dimissione
1349 1131 1425 1195 ot
1471 1127 2019 1213 permutatione
2070 1127 2607 1214 beneficiorum.

1447 1336 1627 1405 CAN.
1675 1337 1873 1404 1484.

356 1461 803 1530 Ordinarius
838 1480 928 1530 ne
961 1461 1316 1530 admittat
1349 1462 1851 1530 dimissionem
1896 1461 2231 1530 beneficii
2273 1480 2319 1530 a
2352 1461 2625 1530 clerico
2657 1462 2737 1528 in
2776 1461 3179 1528 maioribus

180 1568 572 1637 ordinibus
612 1570 1029 1638 constituto
1079 1571 1386 1654 factam,
1446 1570 1594 1637 nisi
1638 1575 1932 1638 constet
1975 1589 2142 1638 eum
2193 1570 2608 1638 necessaria
2653 1570 2750 1637 ad
2796 1569 3178 1638 honestam

176 1677 799 1745 sustentationem
837 1677 1140 1745 aliunde
1180 1677 1471 1760 habere,
1511 1681 1589 1746 et
1626 1677 1839 1745 firmo
1886 1677 2350 1763 praescripto
2385 1696 2551 1745 can.
2595 1679 2727 1746 584
2766 1678 2818 1747 ¹.

1451 1855 1628 1922 CAN.
1679 1854 1875 1921 1485.

363 1975 719 2043 Dimissio
745 1974 1103 2057 beneficii,
1131 1974 1346 2042 cuius
1373 1973 1601 2042 titulo
1626 1973 1943 2042 clericus
1978 1974 2369 2043 ordinatus
2403 1976 2581 2060 fuit,
2612 1976 2833 2044 irrita
2862 1981 3000 2060 est,
3036 1977 3184 2045 nisi

182 2101 535 2168 expressa
575 2083 855 2151 mentio
905 2081 1041 2150 fiat
1089 2082 1439 2150 clericum
1483 2082 1692 2150 illius
1735 2082 1965 2150 titulo
2009 2088 2428 2167 promotum
2470 2084 2728 2167 fuisse,
2777 2084 3180 2169 eidemque,

177 2193 270 2261 de
327 2211 691 2260 consensu
749 2191 1161 2273 ordinarii,
1230 2190 1462 2258 alium
1521 2191 1933 2275 legitimum
1994 2192 2490 2260 ordinationis
2549 2193 2855 2261 titulum
2911 2193 3175 2262 substi-

177 2302 415 2368 tuisse
444 2297 498 2366 ².

1452 2403 1632 2472 CAN.
1684 2403 1880 2471 1486.

362 2531 885 2597 Dimissionem
943 2527 1461 2596 beneficiorum
1518 2528 1598 2595 in
1664 2528 2126 2595 commodum
2183 2528 2500 2596 aliorum
2560 2529 2678 2596 vel
2738 2530 2874 2597 sub
2930 2530 3187 2614 aliqua

180 2637 636 2719 conditione,
678 2653 865 2720 quae
900 2636 1141 2720 ipsam
1189 2634 1522 2703 beneficii
1560 2635 2055 2720 provisionem
2095 2640 2231 2704 aut
2274 2635 2647 2704 redituum
2685 2637 3182 2722 erogationem

183 2746 543 2830 attingat.
592 2744 1041 2812 Ordinarius
1080 2743 1476 2811 admittere
1531 2744 1812 2829 nequit,
1870 2744 2018 2812 nisi
2062 2745 2141 2811 in
2184 2762 2363 2812 casu
2410 2763 2553 2830 quo
2596 2745 3027 2813 beneficium
3083 2747 3183 2814 sit

182 2854 597 2940 litigiosum
658 2857 733 2921 et
782 2852 1119 2920 dimissio
1168 2851 1304 2921 fiat
1362 2853 1458 2919 ab
1505 2853 1873 2921 alterutro
1925 2872 2013 2921 ex
2068 2853 2541 2940 litigantibus
2593 2854 2673 2919 in
2725 2854 3180 2923 commodum

185 2961 505 3029 alterius
544 2961 598 3029 ³.

1467 3070 1643 3137 CAN.
1694 3069 1892 3135 1487.
2354 3127 2367 3137 .

365 3189 399 3271 ξ
447 3192 513 3255 1.
564 3188 1031 3257 Permutatio
1055 3188 1371 3255 duorum
1393 3186 1911 3255 beneficiorum
1938 3186 2100 3254 fieri
2120 3187 2365 3254 valide
2395 3187 2676 3272 nequit,
2712 3187 2857 3254 nisi
2882 3191 3186 3272 propter

185 3298 565 3367 Ecclesiae
608 3297 1120 3366 necessitatem
1151 3296 1268 3364 vel
1303 3296 1710 3364 utilitatem
1745 3295 1986 3363 aliave
2020 3296 2222 3363 iusta
2263 3296 2354 3362 de
2385 3313 2637 3377 causa,
2675 3296 2835 3363 sine
2869 3296 3188 3364 aliorum

183 3405 660 3487 detrimento,
691 3405 784 3472 de
819 3421 1181 3471 consensu
1220 3403 1547 3488 patroni,
1581 3403 1645 3470 si
1678 3407 1960 3489 agatur
1980 3404 2071 3471 de
2110 3402 2460 3471 beneficio
2491 3403 2681 3470 iuris
2712 3408 3183 3488 patronatus,

183 3518 261 3583 et
310 3512 701 3582 Ordinarii
742 3512 912 3596 loci,
959 3531 1106 3580 non
1151 3516 1399 3580 autem
1440 3512 1726 3579 Vicarii
1768 3511 2157 3580 Generalis
2200 3512 2358 3579 sine
2399 3512 2761 3596 peculiari
2804 3514 3182 3597 mandato,

186 3640 320 3690 nec
369 3620 655 3689 Vicarii
693 3620 1181 3705 capitularis,
1224 3623 1301 3689 et
1336 3623 1629 3688 servato
1676 3619 2140 3704 praescripto
2183 3637 2347 3685 can.
2393 3620 2521 3687 186
2565 3618 2613 3687 ⁴.

372 3738 405 3821 ξ
452 3736 519 3804 2.
570 3738 1017 3805 ordinarius
1064 3737 1274 3804 intra
1316 3755 1634 3805 mensem
1682 3754 2120 3804 consensum
2175 3741 2502 3820 praestet
2552 3737 2668 3805 vel
2719 3739 3048 3823 deneget3
3109 3740 3187 3806 et

187 3846 645 3931 permutatio
681 3846 883 3914 valet
923 3864 971 3913 a
1011 3849 1380 3914 momento
1429 3862 1829 3913 consensus
1881 3845 1976 3911 ab
2019 3844 2421 3912 Ordinario
2465 3847 2811 3929 praestiti
2848 3848 2900 3915 ⁸.

365 3963 398 4046 ξ
444 3963 512 4031 3.
563 3961 1100 4031 Beneficiorum
1132 3961 1584 4046 permutatio
1608 3960 1909 4028 admitti
1937 3960 2194 4045 nequit
2222 3961 2317 4028 ab
2341 3962 2767 4045 Ordinario,
2804 3960 2869 4030 si
2903 3968 3180 4031 utrum·

186 4089 325 4155 que
362 4074 497 4138 aut
530 4071 977 4138 alterutrum
1014 4068 1444 4137 beneficium
1481 4069 1581 4137 sit
1629 4068 1802 4136 Sedi
1846 4068 2321 4153 Apostolicae
2358 4073 2811 4137 reservatum
2849 4070 2901 4138 ⁸.

365 4335 388 4371 ¹
423 4335 597 4387 Cone.
621 4333 908 4392 Trident„
934 4344 1077 4384 sess.
1104 4332 1252 4392 xxl,
1280 4333 1351 4382 do
1375 4330 1510 4389 ret„
1538 4342 1588 4381 c.
1621 4329 1669 4390 2;
1694 4328 1752 4382 S.
1789 4329 1932 4381 Plus
1956 4331 2024 4390 V,
2051 4334 2236 4382 const.
2263 4344 2293 4380 ι
2328 4331 2561 4391 Quanta
2589 4327 2885 4379 Eccksiae
2909 4341 2959 4386 n,
2990 4328 3021 4378 1
3045 4338 3169 4387 apr.

184 4428 331 4487 1568,
376 4426 402 4486 5
432 4426 482 4486 3;
518 4424 576 4476 8.
609 4424 675 4475 0.
708 4423 780 4474 de
812 4423 982 4482 Prop.
1026 4419 1171 4474 Fide
1210 4421 1298 4481 (0.
1332 4420 1400 4472 G.
1421 4421 1837 4480 —Albanlae),
1872 4421 1938 4472 18
1969 4431 2095 4479 apr.
2139 4418 2287 4479 1757,
2321 4420 2398 4471 ad
2433 4421 2482 4471 1.

354 4520 379 4555 ²
428 4515 600 4568 conc.
631 4513 920 4573 Trident„
952 4524 1094 4563 sess.
1126 4511 1274 4573 xxl,
1305 4513 1375 4563 de
1402 4512 1538 4571 ret„
1569 4522 1616 4561 c.
1651 4510 1699 4572 2;
1736 4510 1795 4563 S.
1828 4510 1895 4562 0.
1928 4511 2016 4570 0.,
2048 4509 2424 4568 landonem,
2454 4511 2488 4562 9
2515 4510 2664 4561 febr.
2703 4507 2850 4568 1726,
2883 4506 2961 4558 ad
2989 4508 3040 4568 1,
3073 4506 3175 4568 3-6;

185 4607 408 4665 Acten„
436 4606 501 4659 20
534 4609 731 4665 mart..
764 4606 798 4657 3
824 4616 972 4665 apr..
1004 4603 1069 4654 22
1101 4604 1243 4654 maii
1272 4603 1418 4664 1734;
1449 4601 1763 4654 Poniflcale
1793 4601 1983 4661 Rom„
2023 4601 2118 4654 tlt.
2154 4600 2239 4650 Do
2271 4598 2575 4652 ordinibus
2605 4594 2993 4655 conterendis.

363 4700 389 4736 ³
423 4697 595 4748 Cone.
629 4696 917 4755 Trident„
953 4705 1096 4745 sess.
1131 4694 1297 4752 XXV,
1334 4695 1405 4745 ds
1436 4693 1571 4752 res„
1606 4704 1655 4743 c.
1691 4693 1741 4753 7,
1773 4693 1855 4753 15;
1897 4692 2120 4743 Paulus
2154 4692 2254 4750 IV,
2291 4693 2453 4741 motu
2487 4699 2679 4750 propr.
2726 4701 2756 4737 ι
2789 4685 2960 4737 Inter
2989 4690 3172 4738 caete·

187 4798 285 4837 ras
312 4803 360 4848 a,
390 4787 454 4838 27
477 4799 608 4838 nov.
634 4786 780 4846 1557,
806 4787 834 4846 5
859 4786 910 4846 2;
931 4785 1074 4836 Plus
1095 4784 1195 4845 IV,
1219 4787 1403 4836 const.
1436 4798 1466 4834 ι
1489 4783 1816 4833 Romanum
1840 4780 2182 4842 Pontificem
2203 4795 2251 4840 t,
2278 4780 2342 4831 17
2363 4783 2474 4831 oet.
2501 4777 2648 4838 1564,
2674 4778 2700 4838 5
2731 4778 2834 4838 1-3;
2866 4777 2924 4830 S.
2948 4777 3090 4831 Plus
3107 4779 3176 4838 V,

186 4883 370 4931 const.
397 4894 427 4930 ι
453 4880 687 4940 Quanta
711 4875 1009 4928 Ecclesiae
1035 4890 1084 4937 n,
1108 4877 1140 4927 1
1166 4886 1291 4935 apr.
1319 4874 1467 4934 1568,
1504 4875 1528 4934 5
1555 4875 1603 4935 43
1626 4876 1809 4925 const.
1839 4888 1869 4921 α
1899 4869 2302 4922 tricolor-abilis
2327 4886 2375 4929 »,
2403 4872 2433 4920 1
2459 4869 2580 4920 lun.
2612 4868 2761 4929 1569,
2797 4869 2823 4929 5
2854 4867 2958 4930 3-8ς
2986 4872 3172 4922 const.

187 4986 216 5019 ι
255 4969 445 5021 Hodie
488 4985 536 5029 a,
571 4969 636 5020 14
668 4981 799 5019 nov.
836 4967 984 5026 1569,
1031 4967 1057 5027 5
1091 4968 1141 5028 1;
1176 4965 1531 5017 Benedictus
1565 4963 1715 5022 XIV,
1760 4965 1946 5013 const.
1985 4975 2015 5011 ι
2052 4961 2124 5011 ln
2159 4960 2399 5010 sublimi
2437 4974 2484 5019 ιο,
2523 4959 2587 5010 29
2622 4971 2756 5019 aug.
2796 4959 2944 5020 1741,
2978 4960 3004 5020 5
3036 4960 3088 5021 3,
3125 4962 3174 5021 43

190 5062 246 5111 8.
279 5061 343 5112 0.
376 5060 464 5119 0.,
494 5059 791 5116 caurien„
818 5060 851 5111 9
876 5061 939 5109 et
963 5058 1029 5109 30
1056 5058 1158 5108 lul.
1191 5056 1336 5115 1774:
1362 5055 1598 5107 Nullius
1634 5054 1693 5103 8.
1725 5052 1928 5103 Iacobi
1955 5052 2026 5102 de
2054 5050 2303 5110 spatha,
2338 5049 2402 5101 21
2430 5061 2557 5110 apr.
2588 5050 2735 5101 1792.

361 5155 389 5188 ⁴
424 5150 488 5201 0.
513 5151 565 5209 5,
590 5150 641 5210 7,
673 5149 724 5209 8,
755 5150 820 5208 Χ,
849 5150 919 5199 de
949 5159 1146 5197 rerum
1171 5146 1621 5207 permutatione,
1651 5143 1766 5204 111,
1793 5144 1875 5203 19;
1905 5154 1956 5193 c.
1983 5154 2105 5202 un„
2139 5143 2209 5191 de
2233 5153 2431 5191 rerum
2459 5141 2911 5202 permutatione,
2943 5141 3058 5201 111,
3086 5142 3169 5200 10,

187 5242 247 5290 ιιι
277 5240 401 5299 V103
433 5239 492 5291 S.
524 5239 588 5291 0.
622 5239 710 5298 0.,
742 5237 1080 5295 Novar-ten„
1112 5236 1146 5288 6
1173 5240 1286 5288 oct.
1324 5236 1471 5293 1703.
1504 5236 1581 5287 ad
1621 5235 1669 5285 1.

357 5333 384 5369 ὅ
422 5330 740 5391 Gregorius
776 5328 942 5386 xnl.
973 5330 1157 5380 const.
1196 5342 1226 5375 α
1264 5326 1538 5376 Humano
1568 5325 1669 5375 vi.»
1700 5322 1918 5375 iudicio
1950 5339 1998 5385 t,
2030 5324 2063 5376 5
2096 5325 2213 5374 lan.
2255 5323 2403 5383 1584,
2438 5322 2466 5385 5
2501 5323 2549 5373 7.

362 5422 386 5459 ⁸
424 5420 484 5472 S.
517 5421 661 5471 Plus
690 5419 758 5479 V,
790 5422 975 5469 const.
1009 5433 1039 5469 ι
1068 5417 1140 5467 In
1174 5415 1544 5476 conterendis
1574 5430 1623 5476 t,
1662 5415 1729 5468 18
1757 5418 1934 5468 mart.
1968 5414 2115 5475 1567,
2151 5415 2177 5475 5
2208 5414 2258 5466 6.

205 5547 213 5555 ’
307 5564 503 5615 σοαεω
536 5560 696 5614 luri·
731 5560 1027 5612 Canonici.
2988 5552 3043 5596 28

3326 527 3344 574 'a
