3753 5871
508 196 621 256 514
1650 197 1846 248 σοαπ
1885 196 2046 248 [πίε
2096 196 2377 249 canonos

1796 421 1973 489 CAN.
2008 422 2204 490 1830.

684 542 718 624 ξ
766 543 832 608 1.
881 542 1080 609 Huic
1115 542 1585 611 iuriiurando
1612 545 1727 613 vel
1756 545 2072 612 maxime
2100 545 2305 613 locus
2340 551 2454 613 est
2480 564 2648 613 cum
2683 547 3067 630 adiuncta,
3112 565 3322 631 quae
3344 546 3486 614 civi·

507 650 648 719 lem
674 650 789 718 vel
816 651 1237 734 religiosum
1264 670 1620 736 personae
1647 655 1927 720 statum
1955 652 2388 737 respiciunt,
2422 653 2644 722 aliter
2672 654 3067 739 comperiri
3095 660 3488 740 nequeunt.

690 757 724 839 ἕ
771 756 837 824 2.
890 758 1034 827 Sed
1079 759 1328 827 eodem
1364 759 1739 827 abstineat
1772 760 1993 827 iudex
2034 765 2193 828 tum
2230 760 2311 827 in
2347 762 2595 829 causis
2637 762 3194 845 criminalibus,
3240 768 3401 831 tum
3430 764 3496 831 in

509 865 1018 949 contentiosis,
1054 867 1120 933 si
1150 866 1240 933 de
1271 866 1435 934 iure
1470 867 1586 934 vel
1618 887 1697 935 re
1727 867 1978 952 magni
2016 868 2241 954 pretii
2270 874 2541 955 agatur
2572 875 2707 937 aut
2738 869 2830 938 de
2867 871 3073 939 facto
3107 871 3345 937 nimii
3372 889 3495 938 mo·

511 974 766 1055 menti,
799 978 934 1040 aut
959 974 1025 1039 si
1051 973 1191 1049 ius,
1229 992 1370 1053 res,
1400 974 1683 1042 factum
1714 993 1860 1042 non
1898 976 1999 1044 sit
2027 976 2409 1061 proprium
2438 995 2794 1060 personae
2818 979 2942 1045 cui
2977 978 3497 1046 iusiurandum

505 1086 698 1149 esset
725 1081 1198 1155 deferendum
1239 1080 1287 1148 ².

682 1190 716 1272 §
762 1191 828 1257 3.
881 1191 1174 1258 Deferri
1203 1196 1451 1259 autem
1480 1192 1616 1260 hoc
1643 1191 2161 1260 iusiurandum
2198 1198 2441 1277 potest
2475 1195 2629 1262 sive
2661 1214 2751 1263 ex
2779 1194 3037 1278 officio,
3075 1195 3250 1262 sive
3281 1195 3378 1263 ad
3403 1195 3494 1261 in·

511 1298 867 1365 stantiam
902 1298 1214 1366 alterius
1257 1298 1521 1383 partis,
1556 1299 1673 1367 vel
1710 1301 2155 1383 promotoris
2197 1301 2556 1385 iustitiae,
2593 1302 2708 1370 vel
2741 1301 3160 1371 defensoris
3202 1303 3502 1385 vinculi,

506 1406 572 1473 si
604 1406 883 1474 iudicio
913 1408 1264 1475 intersint
1296 1404 1350 1473 ².
3610 1394 3611 1397 '

690 1512 723 1594 ξ
769 1515 836 1579 4.
885 1512 1357 1598 Regulariter
1399 1515 1781 1583 deferatur
1816 1516 1886 1583 ei
1921 1517 2048 1600 qui
2083 1516 2450 1601 pleniores
2485 1518 2704 1588 habet
2740 1520 3229 1604 probationes
3276 1518 3334 1584 ³.

680 1624 714 1706 ξ
760 1623 827 1690 5.
876 1622 1159 1691 Iudicis
1183 1628 1432 1692 tamen
1461 1629 1575 1693 est
1603 1623 1900 1692 decreto
1924 1623 2232 1694 definire
2256 1644 2355 1692 an
2381 1631 2458 1695 et
2485 1628 2778 1710 quando
2809 1628 3177 1695 adiuncta.
3202 1647 3492 1697 concur

513 1734 710 1811 rant,
748 1747 884 1797 cur
921 1729 1439 1797 iusiurandum
1481 1731 2018 1815 suppletorium
2067 1732 2344 1801 deferri
2379 1732 2664 1801 debeat.

1783 1888 1962 1957 cm.
1994 1888 2191 1956 1831.

680 2015 714 2096 ξ
762 2017 827 2080 1.
879 2013 1066 2081 Pars
1101 2015 1223 2081 cui
1266 2013 1785 2081 iusiurandum
1823 2013 2361 2097 suppletorium
2399 2013 2737 2082 defertur
2770 2014 2851 2082 in
2899 2015 3118 2084 rebus
3165 2034 3371 2101 quae
3411 2015 3493 2082 ad

503 2125 663 2193 eius
699 2128 978 2192 statum
1013 2122 1302 2189 civilem
1346 2122 1461 2189 vel
1508 2122 1932 2205 religiosum
1972 2141 2117 2189 non
2155 2123 2557 2206 pertinent,
2599 2127 2845 2208 potest
2866 2142 2971 2211 ‘ex
3017 2125 3231 2193 iusta
3274 2142 3491 2192 causa

503 2232 693 2301 illud
731 2250 1070 2300 recusare
1100 2232 1215 2298 vel
1244 2230 1324 2296 in
1355 2229 1861 2298 adversarium
1903 2230 2191 2298 referre,
2226 2227 2279 2292 ⁴.

532 2343 536 2348 ’
679 2342 713 2424 ξ
759 2340 827 2407 2.
876 2341 1157 2421 Quanti
1195 2344 1443 2408 autem
1484 2339 1662 2407 haec
1711 2339 2080 2407 recusatio
2124 2339 2467 2407 facienda
2506 2338 2631 2421 sit,
2676 2343 2927 2407 utrum
2969 2338 3179 2407 iusta
3218 2339 3356 2422 sit,
3402 2357 3488 2406 an

503 2452 753 2536 potius
782 2449 1229 2517 confessioni
1254 2448 1833 2532 aequiparanda,
1870 2447 2140 2514 iudicis
2164 2452 2278 2515 est
2304 2447 2698 2515 aestimare
2729 2445 2783 2513 ⁵.
3610 2518 3611 2525 χ

675 2559 709 2642 ξ
754 2559 821 2626 3.
873 2556 1401 2625 Iusiurandum
1437 2555 2003 2641 suppletorium,
2041 2555 2135 2622 ab
2169 2572 2320 2621 una
2357 2557 2572 2639 parte
2609 2553 3080 2639 praestitum,
3118 2558 3377 2638 potest
3405 2553 3488 2620 ab
3610 2628 3611 2647 χ

502 2670 744 2738 altera
770 2665 1193 2752 impugnari
1254 2664 1306 2730 ⁸.

1790 2772 1969 2839 om.
2001 2769 2197 2837 1832.
3610 2842 3611 2849 ¹

676 2900 758 2971 Si
788 2900 880 2970 de
903 2901 1067 2974 iure
1096 2900 1192 2968 ad
1218 2898 1469 2967 damni
1499 2896 2040 2982 reparationem
2066 2899 2381 2979 constet,
2418 2895 2544 2964 sed
2580 2894 2964 2979 quantitas
2988 2894 3252 2964 damni
3279 2893 3479 2964 aesti-
3610 2898 3611 2913 ¹

502 3011 692 3078 mari
721 3015 921 3079 certe
956 3028 1101 3077 non
1136 3007 1397 3094 possit,
1431 3006 1652 3074 iudex
1692 3010 1936 3090 potest
1975 3005 2177 3089 parti
2213 3022 2399 3090 quae
2430 3003 2779 3072 damnum
2821 3021 3045 3088 passa
3081 3008 3227 3088 est,
3266 3002 3480 3072 iusiu-
3610 3055 3611 3108 1

506 3120 819 3188 randum
839 3119 1169 3201 deferre,
1213 3116 1405 3202 quod
1450 3114 2038 3182 aestimator-ium
2076 3112 2356 3180 dicitur
2424 3109 2475 3177 '.

1746 3272 1923 3340 CAN.
1966 3271 2163 3339 1833.

681 3396 774 3464 In
809 3397 1205 3465 deferendo
1238 3394 1722 3462 iureiurando
1754 3395 2308 3462 aestima-torio:

772 3506 868 3570 1.⁰
913 3504 1145 3572 Iudex
1188 3523 1236 3571 a
1273 3508 1510 3590 parte,
1566 3522 1751 3589 quae
1788 3504 2139 3571 damnum
2183 3521 2403 3588 passa
2444 3506 2581 3584 est,
2634 3506 2845 3586 petat
2884 3509 2968 3571 ut
3007 3504 3145 3570 sub
3195 3500 3479 3570 iurisiu-

508 3613 725 3680 randi
773 3613 1171 3680 sanctitate
1216 3612 1553 3695 designet
1601 3629 1716 3678 res
1762 3611 1904 3700 sibi
1952 3611 2244 3678 ablatas
2300 3610 2415 3678 vel
2473 3610 2643 3678 dolo
2690 3609 3047 3694 perditas,
3096 3624 3483 3692 earumque
3610 3643 3611 3646 =

505 3719 826 3804 pretium
863 3725 938 3787 et
966 3719 1287 3787 valorem
1321 3719 1718 3786 secundum
1750 3718 2202 3803 probabilem
2241 3736 2450 3784 suam
2480 3716 3069 3786 aestimationem
3103 3717 3479 3802 exprimas

755 3830 856 3895 2.“
901 3829 983 3896 Si
1021 3827 1308 3896 taxatio
1354 3828 1585 3896 iudici
1625 3827 1857 3894 nimia
1902 3827 2269 3910 videatur,
2318 3844 2477 3894 eam
2518 3826 2614 3894 ad
2661 3824 3110 3909 aequitatem
3154 3824 3472 3901 reducat,

498 3958 679 4025 prae
704 3938 939 4006 oculis
971 3936 1246 4005 habens
1273 3936 1519 4003 omnia
1547 3935 1826 4003 indicia
1855 3940 1932 4003 et
1957 3939 2395 4017 argumenta
2424 3953 2564 4001 usu
2595 3934 3098 4016 comprobata.
3130 3928 3472 4000 adhibitis

498 4049 748 4130 etiam,
788 4048 853 4114 si
883 4066 1069 4131 opus
1098 4046 1222 4128 sit,
1257 4045 1544 4129 peritis,
1580 4063 1726 4130 quo
1752 4045 1989 4127 magis
2024 4044 2328 4111 veritati
2358 4046 2436 4111 et
2463 4041 2799 4110 iustitiae
2827 4040 3274 4110 consula-tur
3305 4039 3356 4105 ⁸.

1780 4205 1961 4274 CAN.
1998 4205 2196 4272 1834.

681 4327 715 4410 ξ
762 4329 828 4393 1.
879 4327 1043 4395 Non
1073 4329 1308 4396 solum
1339 4333 1515 4397 ante
1543 4328 1808 4396 initam
1834 4329 2037 4395 litem
2065 4332 2318 4411 partes
2340 4326 2730 4395 convenire
2757 4328 3073 4410 possunt
3095 4329 3181 4393 ut
3201 4329 3467 4393 contro·

500 4435 744 4502 versia
770 4454 901 4521 per
933 4436 1447 4504 iusiurandum
1474 4436 1569 4504 ab
1596 4436 1963 4503 alterutra
1991 4435 2518 4520 praestandum
2549 4432 3030 4518 transigendo
3063 4433 3465 4508 dirimatur,

682 4633 704 4668 ²
740 4632 1001 4694 Regulae
1031 4633 1355 4684 servandae
1386 4633 1449 4683 in
1480 4631 1718 4684 iudiciis
1747 4631 1907 4692 apud
1941 4630 1999 4684 S.
2034 4631 2105 4682 R.
2147 4631 2337 4683 Rotae
2365 4631 2671 4692 Tribunal,
2707 4633 2740 4682 4
2768 4643 2903 4694 aug.
2946 4632 3094 4692 1910,
3129 4631 3157 4692 ί
3197 4632 3316 4685 150.

676 4733 701 4767 ²
739 4724 997 4784 Regulae
1029 4723 1354 4776 servandae
1384 4724 1448 4773 ln
1478 4723 1716 4774 ludlclls
1743 4722 1903 4783 apud
1934 4721 1992 4774 S.
2027 4722 2097 4773 R.
2131 4722 2320 4774 Rotae
2356 4722 2662 4783 Tribunal,
2694 4723 2727 4773 4
2756 4733 2891 4784 aug.
2932 4722 3081 4781 1910,
3124 4722 3152 4783 ί
3183 4724 3302 4783 155,
3334 4733 3386 4771 n.
3416 4719 3457 4767 1.

674 4822 701 4857 ³
735 4813 994 4874 Regulae
1020 4812 1345 4865 servandae
1371 4814 1434 4864 ln
1465 4813 1703 4864 iudiciis
1728 4812 1888 4873 apud
1916 4812 1974 4866 S.
2013 4813 2082 4864 R.
2122 4813 2312 4865 Rotae
2337 4812 2644 4873 Tribunal,
2672 4813 2704 4863 4
2738 4823 2871 4873 aug.
2902 4812 3051 4872 1910,
3084 4811 3112 4872 ί
3138 4811 3254 4863 157.

673 4912 703 4948 ⁴
734 4902 799 4955 G.
833 4903 916 4961 36,
948 4903 1013 4962 X,
1050 4903 1121 4953 de
1154 4903 1554 4961 iureiurando,
1590 4903 1672 4962 11,
1706 4902 1787 4953 24.

673 5001 699 5036 ⁸
735 4994 994 5055 Regulae
1028 4993 1352 5046 servandae
1386 4994 1448 5045 in
1474 4992 1712 5046 iudiciis
1739 4992 1899 5054 apud
1932 4992 1990 5045 S.
2022 4993 2092 5044 R.
2122 4992 2312 5044 Rotae
2338 4993 2644 5052 Tribunal,
2671 4994 2705 5043 4
2737 5004 2873 5054 aug.
2902 4992 3051 5051 1910,
3084 4991 3112 5052 ί
3139 4990 3257 5044 158.

675 5090 700 5126 ⁸
737 5085 996 5146 Regulae
1025 5084 1350 5136 servandae
1380 5085 1440 5134 ln
1469 5082 1708 5138 iudiciis
1733 5084 1890 5144 apud
1920 5083 1979 5135 S.
2010 5083 2080 5135 B.
2112 5083 2301 5135 Rotae
2333 5082 2641 5143 Tribunal,
2669 5083 2701 5133 4
2728 5094 2863 5145 aug.
2892 5081 3040 5142 1910,
3075 5081 3101 5142 3
3134 5082 3250 5133 159.

678 5179 704 5217 7
727 5175 791 5228 G.
824 5176 874 5235 7,
911 5176 977 5236 Χ,
1018 5176 1089 5226 (le
1121 5174 1233 5234 his,
1268 5185 1418 5234 quae
1446 5173 1509 5222 vi
1534 5177 1798 5224 metaeeavc
1828 5184 2009 5223 causa
2037 5173 2209 5233 fiunt,
2249 5173 2299 5234 1,
2330 5173 2412 5234 4ος
2440 5184 2491 5224 c.
2521 5171 2606 5232 32,
2638 5172 2704 5231 X.
2739 5173 2810 5223 (le
2839 5168 3244 5230 iureiurando,
3279 5171 3358 5230 11,
3387 5165 3451 5222 2⁴3

499 5267 760 5328 Regulae
793 5265 1119 5318 servandae
1150 5266 1213 5316 in
1244 5263 1483 5318 ludicils
1512 5264 1672 5326 apud
1704 5263 1762 5317 S.
1800 5264 1869 5315 Β.
1905 5263 2095 5317 Rotae
2133 5263 2439 5322 Tribunal,
2473 5263 2505 5313 4
2537 5273 2671 5323 aug.
2705 5262 2854 5322 1010,
2892 5260 2919 5322 5
2956 5260 3191 5314 loo-182.

676 5360 699 5398 ⁸
727 5356 790 5409 C.
826 5357 876 5418 7,
909 5357 974 5416 X,
1007 5357 1078 5407 de
1110 5355 1222 5415 his,
1257 5366 1405 5415 quac
1443 5356 1506 5406 vi
1533 5357 1798 5406 metusve
1837 5365 2018 5405 causa
2047 5354 2218 5413 nunt,
2255 5352 2305 5414 1.
2336 5352 2417 5405 40.
