3753 5871
488 309 638 352 xxvx
1625 292 1822 343 Gnaeo
1867 290 2030 343 lurco
2068 291 2352 344 canonici

486 477 883 551 versitatis:
934 499 1023 548 ea
1082 475 1303 569 igitur
1358 496 1532 565 pars
1582 475 1888 548 Bullarii
1939 475 2397 548 Benedictini
2444 476 2624 567 quin
2675 476 3104 549 authentica
3149 476 3491 550 habenda

486 622 603 708 sit,
648 642 869 692 nemo
917 620 1229 693 dubitat.

661 764 882 852 Quod
925 768 1121 835 iuris
1167 767 1545 835 novissimi
1604 762 1968 854 reliquum
2018 767 2198 849 erat,
2245 762 2321 833 id
2372 761 2702 835 Bullario
2765 763 3104 833 Romano
3168 762 3489 835 contine·

482 907 722 992 batur,
769 907 994 997 quod,
1041 907 1496 996 privatorum
1544 907 1933 978 hominum
1982 927 2207 995 opera
2273 906 2552 995 pluries
2611 905 2918 993 editum,
2963 906 3168 978 Actis
3215 906 3487 998 Grego-

482 1049 568 1119 rii
616 1049 777 1120 XVI
827 1049 1431 1123 concludebatur.
1480 1051 1687 1121 Adde
1720 1056 1973 1121 tamen
2006 1050 2206 1141 leges
2252 1048 2759 1140 proximorum
2793 1049 3262 1135 Pontificum,
3296 1048 3485 1121 Can-

476 1192 815 1266 cellariae
846 1194 1316 1283 Apostolicae
1351 1192 1696 1284 Regulas‚
1730 1193 2121 1265 Sacrarum
2158 1192 2832 1284 Congregationum
2863 1199 2939 1264 et
2967 1192 3477 1265 Tribunalium

479 1337 863 1407 Romanae
913 1336 1179 1408 Curiae
1209 1337 1505 1408 decreta
1551 1343 1623 1408 et
1671 1358 2052 1426 responsa.
2088 1337 2255 1422 Qua
2301 1336 2378 1408 in
2426 1359 2504 1407 re
2554 1336 2930 1426 cognitum
2965 1344 3079 1408 est
3110 1338 3480 1423 omnibus,

479 1497 839 1565 responsa
888 1477 1555 1569 Congregationum
1610 1479 1857 1551 Sacris
1893 1479 2187 1550 Ritibus
2234 1485 2309 1550 et
2334 1430 2850 1569 ‘ludulgentiis
2894 1484 3478 1570 praepositarum

478 1618 553 1689 in
602 1620 1066 1693 authenticas
1113 1622 1434 1713 syllogas
1459 1623 1779 1695 redacta
1818 1644 2010 1695 esse.

655 1763 739 1832 In
788 1763 1153 1835 eiusmodi
1200 1735 1657 1852 condicione,
1685 1768 1784 1838 'ad
1831 1728 2250 1856 postremos
2298 1765 2521 1839 hosce
2570 1788 2831 1854 annos,
2874 1766 2991 1837 ius
3038 1765 3476 1838 canonicum

474 1907 935 1979 versabatur.
969 1908 1077 1978 Ex
1124 1908 1214 1979 iis
1245 1914 1494 1979 autem
1529 1930 1720 2000 quae
1753 1908 2100 1995 diximus,
2132 1909 2518 2003 penspicue
2548 1917 2880 2001 apparet,
2911 1908 3474 1981 saluberrimum

478 2047 886 2121 Innocentii
938 2050 1065 2136 111,
1116 2051 1421 2122 Honorii
1476 2052 1602 2138 111,
1651 2052 1984 2144 Gregorii
2032 2052 2157 2139 IX,
2207 2052 2564 2126 Bonifacii
2598 2053 2767 2124 VIII
2815 2059 2889 2126 et
2936 2052 3236 2126 Ioannis
3264 2049 3473 2123 XXII

474 2192 888 2279 consilium,
919 2195 1380 2284 proponendi
1430 2194 1773 2268 videlicet
1795 2195 2166 2268 Ecclesiae
2214 2217 2466 2269 sacros
2512 2218 2839 2271 canones
2870 2197 2947 2268 in
2976 2218 3213 2269 unum
3259 2195 3477 2267 colle-

473 2339 653 2421 ctos,
685 2356 876 2426 quos
914 2338 1237 2429 populus
1285 2338 1732 2411 christianus
1778 2343 1852 2410 et
1897 2338 2188 2413 facilius
2234 2345 2490 2412 nosset
2535 2348 2607 2412 et
2654 2339 3079 2431 diligentius
3125 2342 3475 2423 servaret,

473 2480 888 2570 depositum
956 2482 1522 2573 insequentibus
1588 2482 1962 2555 aetatibus
2021 2484 2273 2569 fuisse,
2319 2483 2664 2574 quamvis
2722 2504 2994 2554 causae
3042 2482 3224 2554 illud
3268 2501 3474 2553 exse·

469 2624 743 2707 <mendi
811 2631 1349 2716 permanerent,
1402 2625 1629 2696 immo
1699 2625 1952 2715 potius
2013 2626 2457 2714 procedente
2521 2630 2851 2716 tempore
2913 2624 3471 2699 invalescerent.

471 2766 548 2837 Si
595 2765 713 2838 cui
768 2767 961 2838 enim
1016 2766 1375 2852 libuisset,
1436 2773 1610 2840 ante
1672 2760 2117 2841 hodiernum
2180 2768 2401 2855 diem,
2463 2768 2843 2858 dispicere,
2902 2769 3081 2858 quid
3142 2765 3473 2840 Ecclesia

471 2911 563 2982 de
626 2915 827 2984 certo
885 2912 1204 3002 quodam
1255 2911 1688 3003 disciplinae
1743 2911 1983 3003 capite
2039 2912 2603 3002 praescriberet,
2667 2912 2914 2985 varios
2977 2910 3282 3002 quidem
3341 2929 3470 2981 eos

469 3055 733 3141 sontes,
801 3077 990 3145 quos
1061 3056 1677 3142 enumeravimus,
1746 3057 2136 3129 consulere
2206 3058 2626 3148 cogebatur.
2699 3057 2959 3146 Itaque
3029 3076 3247 3128 nemo
3316 3074 3469 3124 non

466 3199 670 3270 videt
716 3205 1076 3288 quantum
1124 3199 1398 3290 negotii
1446 3200 1763 3271 antehac
1810 3199 2226 3272 facesseret.
2253 3197 2433 3269 iuris
2481 3197 2818 3270 canonici
2851 3197 3177 3269 studium
3194 3223 3230 3268 ε·
3247 3196 3469 3288 idque

467 3340 605 3410 erit
650 3346 800 3410 tam
852 3339 1325 3412 manifestum
1361 3362 1583 3432 quam
1619 3342 1825 3432 quod
1872 3340 2212 3428 maxime,
2245 3342 2308 3412 si
2353 3341 2783 3412 attendatur
2813 3340 2907 3410 ad
2938 3360 3027 3411 ea
3057 3357 3251 3429 quae
3298 3359 3470 3410 con-

466 3489 920 3574 sequuntur:
974 3485 1042 3553 1·
1078 3484 1160 3554 ln
1210 3484 1561 3570 Bullario,
1594 3484 1669 3554 in
1701 3484 2260 3556 collectionibus
2291 3503 2484 3575 quae
2525 3482 2913 3555 Sacrarum
2957 3481 3470 3574 congregatio·

466 3647 644 3697 num
694 3632 765 3695 et
798 3625 1310 3697 Tribunalium
1357 3626 2022 3699 ecclesiasticorum
2070 3627 2365 3699 decreta
2411 3631 2481 3697 et
2532 3646 2892 3716 responsa
2940 3625 3344 3712 continent,
3391 3624 3466 3695 in

468 3769 670 3841 Actis
727 3770 1003 3857 Synodi
1051 3772 1548 3859 Tridentinae,
1595 3772 1670 3842 in
1719 3772 1926 3844 Actis
1976 3774 2482 3864 Romanorum
2541 3771 2980 3843 Pontificum
3027 3763 3154 3861 qui
3206 3769 3470 3860 Grego-

466 3913 578 3985 rio
627 3912 791 3983 XVI
848 3920 1385 4000 successerunt,
1448 3935 1645 3986 unus
1707 3920 2042 3987 servatur
2103 3916 2286 3987 ordo
2349 3915 2739 4005 temporis;
2802 3914 2879 3985 in
2937 3911 3268 3984 Gratiani
3313 3911 3463 3982 De-

461 4063 660 4129 creto
708 4057 826 4128 vix
876 4058 1107 4143 ullus;
1158 4076 1468 4129 mancus
1514 4059 1833 4149 denique
1880 4066 1955 4132 et
2000 4060 2475 4149 imperfectus
2537 4055 2612 4127 in
2661 4056 2827 4127 aliis
2876 4053 3223 4145 Corporis
3284 4051 3465 4125 iuris

460 4203 797 4274 canonici
868 4203 1237 4292 partibus;
1285 4203 1602 4293 exempli
1669 4205 1927 4295 gratia,
1991 4205 2083 4276 de
2154 4204 2247 4275 iis
2315 4224 2507 4293 quae
2578 4221 2865 4273 sacram
2920 4197 3460 4271 ordinationem

461 4348 892 4438 impediunt,
952 4347 1152 4438 quod
1213 4354 1327 4419 est
1387 4354 1900 4439 argumentum
1968 4349 2152 4418 satis
2213 4346 2652 4430 involutum,
2700 4343 2940 4433 agitur
3000 4342 3206 4414 libris
3255 4343 3307 4428 I,
3357 4342 3460 4412 111

458 4498 532 4563 et
594 4493 709 4578 IV,
771 4497 925 4562 tum
1002 4491 1249 4563 minus
1312 4492 1524 4581 plene
1587 4498 1655 4562 et
1720 4494 2062 4582 perfecte,
2123 4497 2278 4561 tum
2343 4488 2504 4559 sine
2567 4487 2720 4559 ullo
2783 4508 3026 4559 rerum
3092 4491 3460 4560 contextu.

456 4637 529 4705 2·
564 4636 672 4705 Ex
722 4635 1204 4719 documentis,
1236 4657 1428 4725 quae
1476 4636 1549 4705 in
1585 4634 1915 4707 fontibus
1946 4635 2127 4706 iuris
2159 4619 2501 4705 canonici
2528 4632 2956 4716 afferuntur,
2989 4631 3192 4701 haud
3225 4650 3462 4719 pauca

456 4779 657 4850 omni
707 4783 957 4848 carent
1004 4778 1341 4862 utilitate,
1374 4785 1443 4848 et
1478 4799 1699 4867 saepe
1749 4777 2278 4868 impedimento
2325 4782 2501 4847 sunt
2548 4777 2645 4847 ad
2693 4776 2875 4847 iuris
2922 4772 3260 4845 canonici
3307 4778 3462 4842 stu-

456 4922 682 5006 dium,
730 4926 984 5009 utpote
1032 4942 1223 5011 quae
1273 4921 1388 4991 vel
1450 4922 1748 4992 easdem
1815 4940 1935 4991 res
1997 4920 2254 4990 crebro
2316 4920 2652 4992 recinunt
2714 4918 2826 4989 vel
2883 4918 3118 5007 legem
3184 4914 3459 5005 proprii

452 5063 774 5140 nominis
822 5064 1098 5135 nullam
1150 5065 1448 5135 habent.
1481 5065 1554 5134 3·
1585 5064 2051 5135 Documenta
2097 5065 2458 5153 quaedam
2511 5059 3069 5150 responsionem
3107 5057 3457 5130 exhibent

454 5229 588 5296 pro
631 5207 986 5298 singulari
1034 5229 1212 5279 casu
1260 5208 1532 5292 datam,
1581 5228 1671 5277 ex
1719 5211 1869 5296 qua
1916 5206 2214 5296 quidem
2263 5208 2492 5298 legem
2547 5224 3010 5276 communem
3061 5224 3195 5274 seu
3241 5223 3458 5292 gene·

454 5352 678 5421 ralem
729 5351 971 5442 colligi
1021 5358 1093 5423 et
1139 5352 1447 5441 exprimi
1495 5356 1870 5442 oporteat;
1905 5352 2138 5423 multa
2185 5351 2408 5442 igitur
2456 5351 2529 5420 in
2578 5348 2942 5421 eiusmodi
2992 5344 3459 5419 documentis

450 5515 1020 5583 supervacanea,
1070 5495 1301 5565 multo
1351 5496 1583 5584 plura,
1630 5495 2040 5584 eademque
2086 5516 2308 5585 saepe
2356 5493 2609 5578 ardua,
2656 5494 2891 5565 labori
2950 5489 3238 5581 privato
3293 5487 3458 5559 reli-
