3753 5871
1048 283 1226 336 moer
1272 282 1527 346 Quintus
1559 306 1581 318 ·
1618 280 1706 330 Do
1754 280 2005 333 Densus
2041 284 2103 332 et
2139 280 2352 334 Poenis
3082 277 3189 337 027

206 493 653 561 expressum,
710 478 849 543 aut
900 474 965 542 si
1005 474 1345 557 clericae,
1392 473 1541 540 iam
1586 472 1968 558 depositus
2020 477 2095 540 et
2141 471 2400 541 habitu
2442 470 2774 540 clericali
2821 470 3184 557 privatus,

204 601 426 669 grave
460 582 702 650 adhuc
737 581 1169 650 scandalum
1207 600 1339 665 per
1382 599 1658 648 annum
1702 581 2050 665 praebere
2089 583 2353 666 pergat
2383 577 2434 648 ¹.
2676 664 2679 669 ι

381 690 415 773 ξ
461 690 529 758 3.
578 690 753 757 Alia
780 696 893 759 est
927 690 1245 756 verbalis
1275 708 1401 757 seu
1430 689 1799 773 edictalis,
1827 707 2016 775 quae
2049 690 2210 757 sola
2243 689 2612 757 sententia
2642 689 3045 775 irrogatur,
3078 688 3193 758 ita

206 803 453 867 tamen
501 802 591 866 ut
637 816 888 867 omnes
941 816 1114 866 suos
1173 796 1481 865 effectus
1530 796 1888 865 iuridicos
1938 796 2194 865 statim
2246 796 2517 864 habea-t
2564 794 2724 863 sine
2773 795 2933 862 ulla
2992 813 3187 864 exse·

201 905 519 990 cutione3
581 906 733 973 alia
788 905 1042 989 realis,
1096 903 1163 972 si
1217 908 1604 973 serventur
1666 903 2057 973 sollemnia
2104 903 2567 990 praescripta
2622 903 2704 970 in
2768 901 3194 972 Pontificali

203 1013 538 1082 Romano
575 1013 627 1081 ².

1412 1257 1839 1326 TITULUS
1885 1257 1968 1324 X.

905 1387 1010 1456 Do
1053 1384 1386 1454 remediis
1430 1386 1844 1471 poenalibus
1890 1385 1964 1452 et
2003 1385 2483 1470 poenitentiis·

1496 1576 1757 1645 omn-1·
1795 1577 1861 1644 Ι.

1195 1700 1306 1768 De
1346 1701 1688 1769 remediis
1737 1700 2192 1787 poenalibus.

1480 1878 1660 1947 olm.
1704 1878 1902 1947 2306.

386 1986 730 2054 Remedia
775 1986 1117 2072 poenalia
1152 1990 1374 2055 sunt:

463 2097 558 2161 1.·
602 2094 940 2177 Monitio;

465 2202 564 2268 2:
605 2201 1019 2287 Correpti03

466 2310 566 2378 3.⁰
610 2309 1119 2396 Praeceptum;

463 2420 563 2485 4.·
606 2418 1019 2504 vigilantia
1037 2417 1091 2487 ⁸.

1472 2528 1650 2597 OAN.
1698 2529 1896 2597 2307.

385 2669 578 2736 Eum
634 2670 762 2755 qui
804 2675 1145 2738 versatur
1187 2670 1265 2737 in
1321 2671 1656 2755 proxima
1701 2671 2082 2739 occasione
2133 2671 2485 2738 delictum
2527 2671 3036 2739 committendi
3079 2672 3198 2739 vel

205 2776 285 2842 in
324 2794 566 2860 quem,
604 2795 694 2845 ex
737 2776 1220 2862 inquisitione
1258 2784 1583 2862 peracta,
1622 2779 1871 2863 gravis
1908 2779 2234 2864 suspicio
2264 2779 2468 2847 cadit
2505 2779 2761 2847 delicti
2796 2780 3191 2864 commissi,

202 2884 655 2953 ordinarius
698 2904 830 2970 per
865 2904 941 2954 se
983 2886 1101 2954 vel
1135 2904 1266 2971 per
1301 2887 1817 2972 interpositam
1864 2906 2252 2973 personam
2290 2896 2584 2957 moneat
2617 2885 2669 2954 ⁴.

1487 3079 1663 3147 CAN.
1715 3078 1912 3147 2308.

391 3220 473 3289 Si
497 3239 587 3289 ex
610 3221 1513 3290 alicuiusconversatione
1544 3221 1975 3289 scandalum
2001 3221 2119 3291 vel
2144 3225 2395 3310 gravis
2419 3225 2704 3293 ordinis
2732 3227 3198 3310 perturbatio

205 3328 577 3411 oriantur,
612 3335 725 3399 est
763 3329 970 3398 locus
1001 3329 1479 3413 correptioni,
1514 3332 1606 3397 ab
1649 3331 2052 3400 Ordinario
2083 3351 2215 3416 per
2254 3352 2333 3401 se
2361 3333 2481 3400 vel
2512 3351 2643 3417 per
2677 3333 3192 3418 interpositam

205 3453 625 3519 personam,
677 3438 899 3505 etiam
951 3456 1085 3521 per
1133 3438 1521 3523 epistolam
1582 3439 1992 3517 faciendae,
2055 3439 2553 3525 peculiaribus
2604 3441 3194 3511 accommodatae

201 3544 759 3614 conditionibus
794 3565 1149 3630 personae
1185 3553 1260 3615 et
1306 3548 1491 3615 facti
1527 3547 1618 3616 de
1665 3567 1810 3633 quo
1842 3548 2097 3633 agitur
2124 3545 2177 3613 ⁸.

1486 3744 1662 3812 CAN·
1711 3743 1908 3812 2309.

391 3889 425 3972 ς
473 3891 538 3955 1.
587 3887 766 3955 Tam
797 3859 1109 3956 monitio
1133 3906 1350 3974 quam
1373 3888 1747 3973 correptio
1772 3891 2022 3973 potest
2041 3906 2200 3956 esse
2222 3889 2339 3956 vel
2362 3888 2663 3975 publica
2682 3889 2799 3956 vel
2824 3893 3109 3957 secreta
3132 3887 3184 3956 ⁶.

391 3994 426 4077 ξ
473 3994 539 4061 2.
587 3995 978 4080 Correptio
1017 3996 1129 4078 vel
1176 3996 1488 4063 monitio
1527 3996 1826 4081 publica
1878 3995 2010 4067 flat
2060 3998 2177 4066 vel
2216 4015 2465 4066 coram
2509 3997 2800 4067 notario
2842 4002 2979 4066 aut
3020 3997 3191 4068 duo-

203 4100 347 4170 bus
381 4102 724 4183 testibus,
760 4103 877 4170 vel
911 4120 1043 4187 per
1075 4103 1463 4187 epistolam
1507 4104 1618 4173 ita
1654 4108 1902 4189 tamen
1938 4107 2028 4172 ut
2056 4105 2149 4173 de
2182 4106 2597 4190 receptione
2639 4109 2717 4174 et
2757 4110 3012 4175 tenore
3047 4106 3191 4192 epi·

204 4210 448 4279 stolae
478 4230 566 4278 ex
600 4208 854 4295 aliquo
891 4209 1333 4279 documento
1360 4213 1652 4280 constet
1693 4211 1745 4279 ⁷.

393 4453 416 4491 ¹
456 4456 797 4507 pontificale
840 4454 1026 4515 Rom..
1082 4459 1178 4509 tlt.
1229 4457 1383 4507 Ordo
1425 4452 1844 4518 suspensionis,
1890 4454 2404 4517 nonsummum,
2451 4456 2853 4519 depositionis,
2899 4457 3196 4519 dunense-

209 4546 416 4604 τίοπίε,
451 4546 910 4607 dammationis.
944 4550 1003 4597 ct
1037 4547 1434 4598 restitutionis
1470 4559 1770 4598 sacrorum
1810 4549 2100 4600 ordinum.

387 4642 413 4675 2
456 4636 522 4689 G.
546 4637 595 4696 2.
622 4638 693 4686 do
717 4636 937 4696 poenis,
960 4637 1030 4696 V,
1053 4637 1103 4696 9,
1132 4636 1194 4688 ln
1224 4635 1348 4697 V103
1369 4636 1542 4689 Oonc.
1567 4636 1854 4698 Trident„
1888 4650 2029 4689 sess.
2056 4639 2220 4698 XIII,
2247 4642 2318 4691 do
2348 4639 2483 4698 ref..
2509 4651 2559 4691 c.
2592 4641 2640 4700 4;
2666 4638 3019 4690 Benedictus
3039 4635 3191 4700 XIV,

206 4736 301 4785 ep.
344 4726 567 4788 encycl.
609 4742 640 4776 ι
678 4726 866 4787 Quam
905 4737 1084 4786 orave
1131 4741 1180 4787 ι»,
1219 4726 1254 4777 2
1286 4730 1421 4788 aug.
1470 4726 1617 4787 1757,
1659 4727 1686 4788 ς
1724 4728 1829 4787 3-9,
1861 4727 1944 4790 16;
1992 4726 2332 4779 l‘ontlflcale
2373 4726 2559 4788 Rom..
2599 4728 2694 4779 tlt.
2738 4726 3195 4787 Dent-adauctus

200 4817 427 4873 torma.

385 4910 415 4945 ³
459 4907 517 4958 8.
562 4907 628 4960 O.
665 4907 770 4967 Ep.
805 4909 869 4959 et
909 4907 1072 4968 Res..
1114 4908 1283 4959 instr.
1320 4909 1384 4959 11
1419 4908 1539 4959 lun.
1579 4907 1728 4968 1880,
1762 4920 1821 4959 ιι.
1858 4909 1909 4968 1,
1940 4908 1989 4970 4;
2034 4906 2091 4959 S.
2124 4906 2190 4960 O.
2228 4908 2303 4960 de
2336 4907 2506 4968 Prop.
2545 4906 2707 4967 nde,
2745 4905 2915 4958 lustr.
2954 4918 3010 4957 a.
3042 4905 3190 4966 1883.

203 5008 264 5047 ιι.
306 4996 358 5055 Ῑ,
398 4996 500 5047 1v.

389 5090 419 5125 ⁴
461 5086 600 5149 Reg.
636 5086 720 5147 68,
750 5086 834 5144 72,
870 5087 941 5138 Β.
982 5088 1061 5146 .ῐ.,
1109 5089 1171 5138 ιιι
1203 5087 1331 5140 V10.

386 5180 413 5214 ⁸
459 5177 522 5228 O.
556 5179 606 5234 2.
638 5178 705 5236 Χ,
749 5179 820 5228 de
854 5175 1202 5236 puroauone
1234 5177 1534 5237 canonica,
1567 5179 1636 5240 v,
1670 5178 1752 5231 34.

396 5273 423 5308 ⁸
456 5267 519 5320 O.
555 5269 605 5329 2,
646 5269 713 5328 X.
746 5270 817 5319 de
848 5267 1197 5328 pur-vatione
1236 5268 1535 5324 canonica,
1572 5268 1641 5327 V,
1670 5267 1756 5328 84:
1790 5268 1849 5318 S.
1880 5268 1945 5322 G.
1980 5269 2086 5330 Ep.
2120 5270 2182 5322 et
2214 5267 2378 5330 Res..
2413 5267 2583 5319 lustr.
2618 5268 2682 5317 11
2714 5267 2836 5318 iun.
2872 5263 3019 5325 1880,
3057 5278 3113 5316 ιι.
3145 5265 3197 5325 6:

206 5359 270 5414 8.
316 5359 386 5411 Ο.
424 5357 498 5410 de
532 5358 701 5418 Prop.
738 5358 900 5419 Fide,
936 5357 1107 5409 lustr.
1142 5369 1199 5409 a.
1236 5355 1382 5416 1883,
1418 5369 1477 5408 ιι.
1513 5357 1615 5408 v1.

397 5453 425 5490 ⁷
463 5448 519 5499 S.
547 5451 611 5501 O.
642 5451 744 5509 Ep.
779 5452 842 5501 et
869 5448 1031 5509 Res..
1068 5449 1239 5513 lustr.
1270 5449 1335 5499 11
1361 5448 1481 5499 lun.
1510 5446 1657 5509 1880,
1687 5460 1742 5498 ιι.
1775 5446 1824 5508 ῦς
1852 5446 1911 5500 S.
1943 5445 2009 5499 O.
2038 5446 2112 5498 de
2138 5445 2307 5505 Prop.
2337 5445 2500 5505 Piae,
2529 5447 2701 5493 lustr.
2732 5458 2786 5494 a.
2814 5442 2964 5499 1888,
3000 5455 3057 5492 n.
3090 5442 3194 5494 VI.
