3753 5871
517 250 622 310 160
1649 248 1846 300 Oodeo
1891 248 2054 299 luris
2094 247 2375 300 canonici

698 441 731 521 ξ
778 439 844 505 2.
896 439 1278 507 Ordinarii
1310 440 1635 507 locorum
1663 441 2189 509 conservandis
2229 408 2740 525 religiosarum
2780 440 3079 507 dotibus
3110 440 3366 508 sedulo
3397 443 3503 508 in-

516 547 847 633 vigilent5
879 553 956 616 et
985 549 1421 631 praesertim
1449 548 1529 614 in
1563 565 1779 614 sacra
1807 547 2247 615 visitatione·
2270 547 2363 616 de
2401 547 2674 614 eisdem
2708 547 3070 615 rationem
3104 547 3410 632 exigant
3452 545 3502 612 ¹.

1807 705 1985 772 CAN.
2028 705 2180 772 551.

690 812 724 894 ἕ
772 815 838 879 1.
889 813 1045 879 Dos
1080 812 1465 895 religiosae
1500 812 1875 896 professae
1912 813 2066 880 sive
2099 817 2439 881 votorum
2476 813 2938 880 sollemnium
2979 814 3133 881 sive
3165 817 3504 881 votorum

516 920 961 1004 simplicium
1005 919 1264 1004 quavis
1307 919 1399 987 de
1435 938 1664 987 causa
1705 920 2116 988 discedenti
2161 921 2457 1003 integra.
2495 921 2957 988 restituenda
2992 926 3107 989 est
3154 909 3314 988 sine
3349 920 3500 987 fru-

520 1027 764 1093 ctibus
801 1027 948 1093 iam
987 1026 1303 1095 maturis
1343 1027 1395 1093 ².

694 1133 728 1215 §
775 1133 841 1198 2.
870 1133 977 1202 si
1028 1153 1202 1201 vero
1264 1133 1611 1217 religiosa.
1661 1134 1996 1217 professa
2047 1133 2144 1202 ad
2195 1134 2422 1200 aliam
2475 1134 2900 1218 religionem
2952 1152 3041 1200 ex
3093 1135 3501 1217 apostolico

513 1238 808 1309 indulto
842 1245 1202 1323 transeat,
1247 1242 1566 1308 durante
1611 1242 2006 1321 novitiatu,
2041 1241 2362 1323 fructus,
2399 1241 2608 1309 salvo
2639 1242 3100 1325 praescripto
3139 1259 3306 1308 can.
3345 1241 3499 1322 570,

516 1347 551 1429 ξ
588 1349 650 1429 13
681 1343 948 1415 einissa
982 1368 1154 1416 vero
1189 1367 1373 1416 nova
1412 1349 1892 1433 professione,
1934 1348 2069 1416 dos
2104 1350 2272 1433 ipsa
2302 1348 2475 1416 huic
2518 1348 2859 1434 religioni
2891 1350 3274 1432 debentur3
3307 1351 3373 1417 si
3404 1350 3500 1417 ad

513 1454 720 1523 aliud
749 1456 1071 1523 eiusdem
1103 1457 1408 1524 Ordinis
1430 1457 1986 1540 monasterium,
2013 1456 2183 1524 huic
2204 1456 2513 1525 debetur
2533 1456 2699 1540 ipsa
2726 1457 2861 1525 dos
2883 1476 2926 1524 a
2954 1457 3075 1524 die
3105 1458 3496 1525 transitus.

1797 1609 1974 1677 CAN.
2026 1606 2179 1677 552.

694 1718 728 1802 ξ
776 1721 841 1784 1.
891 1718 1432 1803 Religiosarum
1493 1718 1719 1787 etiam
1773 1723 2279 1802 exemptarum
2331 1718 2702 1786 Antistita
2753 1719 2968 1787 debet
3019 1720 3502 1787 Ordine-rium

514 1826 679 1909 loci,
721 1826 1010 1895 duobus
1045 1827 1306 1893 saltem
1355 1825 1728 1893 mensibus
1771 1831 1972 1908 ante,
2012 1827 2401 1894 certiorem
2440 1826 2686 1894 facere
2730 1827 2822 1894 de
2859 1829 3196 1911 proxima.
3231 1828 3500 1895 admis-

511 1934 716 2003 sione
741 1934 837 2002 ad
864 1934 1308 2002 novitiatum
1336 1939 1408 2001 et
1437 1934 1533 2001 ad
1562 1934 2092 2017 professionem
2121 1939 2281 2002 tum
2312 1934 2836 2018 temporariam
2869 1940 3027 2002 tum
3066 1940 3502 2020 perpetuam

511 2041 663 2109 sive
710 2042 1133 2109 sollemnem
1183 2041 1336 2107 sive
1376 2041 1782 2124 simplicem
1823 2041 1875 2108 ³.

688 2148 721 2231 ξ
768 2148 835 2213 2.
887 2148 1333 2215 ordinarius
1362 2148 1506 2214 loci
1534 2148 1675 2229 vel,
1715 2167 1801 2215 eo
1836 2149 2139 2215 absente
2166 2153 2302 2215 aut
2334 2147 2712 2232 impedito,
2756 2148 3096 2216 sacerdos
3124 2150 3219 2216 ab
3248 2149 3504 2217 eodem

507 2255 934 2340 deputatus,
987 2246 1447 2341 adspira-ntis
1488 2256 1972 2333 voluntatem,
2016 2257 2278 2324 saltem
2321 2256 2637 2341 triginta
2676 2257 2936 2324 diebus
2972 2262 3148 2324 ante
3188 2257 3500 2324 novitia·

510 2370 668 2431 tum
706 2371 781 2433 et
816 2367 991 2431 ante
1026 2364 1579 2448 professionem,
1621 2368 1706 2431 ut
1741 2382 1995 2448 supra,
2033 2364 2430 2447 diligenter
2464 2369 2538 2431 et
2572 2364 2908 2447 gratuito
2949 2366 3307 2448 exploret,
3352 2383 3501 2432 non

508 2475 754 2539 tamen
794 2472 1217 2538 clausuram
1249 2471 1696 2554 ingrediens,
1735 2490 1909 2538 num
1953 2490 2040 2539 ea
2077 2476 2339 2539 coacta-
2372 2472 2764 2540 seducta-ve
2805 2473 2930 2555 sit,
2966 2490 3064 2539 an
3097 2473 3287 2540 sciat
3321 2473 3505 2557 quid

507 2584 704 2664 agat;
740 2583 839 2661 et,
879 2579 944 2645 si
975 2578 1068 2647 de
1102 2579 1229 2663 pia.
1266 2579 1425 2646 eius
1458 2597 1546 2647 ac
1579 2580 1813 2648 libera
1846 2579 2233 2647 voluntate
2278 2580 2497 2663 plane
2532 2580 2980 2662 constiterit,
3028 2585 3208 2647 tunc
3251 2580 3501 2664 adspi-

512 2704 684 2753 rans
716 2686 992 2769 poterit
1028 2685 1122 2753 ad
1157 2686 1600 2754 novitiatum
1634 2687 1748 2755 vel
1780 2688 2066 2755 novitia
2092 2688 2188 2755 ad
2228 2687 2754 2771 professionem
2788 2687 3089 2755 admitti
3120 2686 3174 2752 ⁴.

1246 2911 1414 2975 Αιιτ.
1463 2911 1549 2975 11.
1596 2945 1674 2956 -
1716 2912 1814 2974 De
1852 2912 2269 2974 novitiorum
2306 2910 2748 2974 institutione.

1868 3074 1984 3127 AN.
2164 3110 2181 3128 .

682 3170 1112 3239 Novitiatus
1144 3168 1416 3253 incipit
1453 3061 1919 3253 susceptioone
1960 3062 2285 3253 Ιιεῗίῗῇιιε,
2320 3171 2436 3238 vel
2471 3170 2623 3238 alio
2665 3171 2880 3239 modo
2913 3172 2992 3238 in
3026 3173 3500 3241 constitutio·

509 3280 727 3349 nibus
761 3277 1223 3363 praescripto
1254 3277 1308 3346 ³.

684 3468 706 3503 ¹
743 3467 1013 3520 Clemens
1052 3468 1219 3528 xl11,
1260 3473 1446 3520 const.
1483 3482 1515 3518 ι
1554 3460 1724 3517 Inler
1753 3465 2112 3527 multiplices
2143 3481 2194 3528 ο,
2231 3468 2298 3520 11
2328 3466 2454 3520 dec.
2498 3467 2647 3529 1758,
2682 3468 2710 3530 ς
2744 3468 2849 3530 5-73
2882 3467 2942 3521 S.
2977 3468 3044 3522 0.
3082 3469 3188 3530 Dp.
3224 3472 3289 3523 et
3325 3470 3497 3532 Bes..

506 3553 845 3616 spoletana,
882 3557 949 3610 17
984 3557 1086 3609 lul.
1123 3557 1270 3619 15743
1300 3541 1632 3617 Euoabina,
1665 3557 1731 3608 15
1763 3556 1910 3608 mall
1942 3557 2089 3618 15963
2131 3555 2193 3609 S.
2225 3556 2290 3609 Ο.
2324 3556 2412 3617 0.,
2449 3554 2805 3617 olomucen..
2838 3558 2872 3610 7
2915 3559 3059 3619 iun..
3102 3558 3138 3610 2
3169 3571 3307 3621 auc.
3344 3560 3498 3620 1755,

504 3644 584 3698 ad
619 3646 701 3697 10.

680 3736 708 3774 ²
740 3734 799 3787 S.
831 3735 896 3787 C.
931 3736 1037 3795 Ep.
1067 3738 1129 3788 et
1156 3735 1321 3797 neg..
1352 3733 1691 3795 spoletana,
1723 3736 1790 3788 11
1820 3747 1952 3786 nov.
1986 3734 2134 3796 15783
2167 3733 2471 3793 Aeciden..
2509 3737 2576 3786 14
2603 3747 2734 3787 nov.
2766 3735 2914 3797 15813
2950 3735 3228 3794 Reatina.
3265 3737 3335 3789 19
3363 3737 3515 3798 iun„

503 3824 651 3886 16013
676 3823 931 3883 Comen„
957 3826 990 3876 1
1015 3824 1137 3876 dec.
1173 3824 1319 3885 17583
1345 3822 1740 3885 Fului-tatem,
1771 3835 1972 3876 mense
2004 3825 2181 3876 mart.
2208 3823 2355 3886 17963
2384 3823 2688 3882 Ver-enen..
2722 3823 2789 3876 m
2812 3822 2937 3876 dec.
2967 3823 3116 3886 1844,
3149 3824 3228 3876 ad
3256 3826 3308 3886 43
3335 3825 3497 3877 decr.

506 3928 537 3964 α
568 3912 880 3973 Perpennae
912 3927 962 3973 n,
996 3913 1031 3965 8
1064 3913 1209 3964 mall
1244 3912 1392 3973 1902,
1427 3924 1485 3964 ιι.
1523 3913 1606 3974 133
1647 3911 1709 3964 S.
1741 3911 1807 3964 0.
1839 3912 1929 3974 0.,
1963 3910 2304 3973 Ηροιοεαπα,
2339 3911 2372 3963 7
2412 3916 2475 3965 et
2517 3911 2583 3965 28
2616 3912 2789 3972 febr..
2833 3913 2899 3965 14
2932 3914 3109 3965 mart.
3146 3912 3296 3973 1722,
3331 3913 3412 3965 ad
3444 3912 3501 3974 ξ

505 3999 784 4052 Civitatis
819 4001 1212 4058 castellanae,
1246 4001 1279 4052 3
1312 4002 1486 4053 mart.
1532 3999 1679 4058 1792.
1717 4000 1795 4052 ad
1837 4000 1888 4052 2.

678 4094 706 4130 ⁸
742 4091 914 4142 conc.
957 4090 1245 4150 Trident„
1288 4102 1432 4142 sess.
1476 4090 1643 4150 XXV.
1688 4091 1760 4141 ae
1799 4089 2191 4151 renalarlbu.
2230 4101 2280 4142 c.
2313 4091 2396 4152 173
2432 4091 2550 4142 Leo
2596 4090 2767 4151 mn,
2806 4092 2991 4142 const.
3035 4104 3069 4142 ι
3118 4087 3406 4141 venditae
3457 4102 3499 4140 a

506 4180 741 4230 Olor-leto
776 4194 825 4239 »,
868 4179 903 4231 8
933 4179 1055 4231 dec.
1093 4179 1239 4238 1900,
1277 4179 1304 4240 ς
1347 4181 1398 4239 1,
1440 4191 1499 4231 ιι.
1536 4179 1671 4241 VII;
1704 4178 1764 4231 S.
1799 4178 1864 4230 C.
1902 4178 1990 4241 0.,
2038 4177 2438 4238 Bramme,
2471 4178 2537 4230 27
2570 4179 2719 4231 febr.
2757 4178 2904 4230 1610.

679 4272 708 4307 ⁴
742 4269 882 4330 Reg.
910 4269 992 4329 68,
1024 4268 1107 4330 72,
1135 4269 1205 4321 R.
1233 4270 1269 4321 J
1276 4305 1311 4329 .,
1338 4269 1401 4320 In
1423 4269 1550 4330 VI⁰;
1569 4268 1742 4320 conc.
1765 4268 2054 4330 Trident„
2081 4280 2231 4320 sess.
2255 4268 2421 4328 XXV,
2446 4270 2519 4320 ac
2547 4268 2938 4328 revelat-ibae,
2967 4280 3018 4320 c.
3050 4268 3133 4330 173
3157 4267 3215 4320 S.
3244 4268 3390 4320 Plus
3417 4269 3496 4329 V,

501 4361 685 4410 const.
726 4373 757 4409 α
798 4357 932 4408 Elei
966 4356 1429 4410 mendicantium
1461 4371 1512 4417 ι,
1548 4356 1614 4408 16
1655 4356 1800 4408 mall
1843 4357 1992 4418 1567,
2030 4358 2057 4419 I
2093 4359 2144 4418 1,
2188 4368 2250 4412 ιι.
2286 4356 2338 4418 6,
2377 4356 2404 4417 I
2441 4355 2492 4416 2,
2529 4368 2588 4408 ιι.
2620 4357 2671 4418 63
2706 4360 2890 4408 const.
2929 4371 2960 4407 α
2989 4355 3081 4406 Bo
3113 4365 3406 4415 cavernae
3441 4372 3498 4417 ι,

502 4448 567 4499 16
603 4459 738 4508 aug.
777 4447 925 4507 1567,
965 4447 992 4507 ὅ
1029 4446 1080 4507 2,
1115 4448 1166 4509 83
1199 4446 1468 4500 Clemens
1500 4446 1667 4507 XIII,
1709 4448 1899 4498 const
1937 4461 1968 4497 α
2001 4445 2172 4497 Inter
2212 4443 2569 4506 multiplices
2613 4460 2665 4506 ι,
2702 4447 2769 4499 11
2803 4446 2927 4498 dec.
2960 4445 3109 4506 1758,
3151 4446 3178 4507 8
3223 4445 3329 4507 5-73
3362 4445 3502 4498 Ole-

501 4548 666 4588 mens
692 4536 841 4595 XIV,
878 4547 967 4595 ep.
998 4536 1214 4598 encycl.
1247 4551 1278 4587 α
1305 4536 1485 4586 Decet
1520 4545 1697 4597 qaam
1729 4535 1984 4585 maxime
2012 4550 2062 4596 ι,
2090 4534 2154 4587 21
2187 4536 2339 4596 sept.
2368 4534 2516 4595 1769,
2548 4535 2575 4596 3
2604 4534 2688 4596 353
2716 4535 2833 4586 Leo
2861 4534 3027 4594 XIII,
3059 4537 3246 4586 const.
3280 4549 3312 4585 ι
3344 4533 3495 4585 Gon·

503 4625 665 4675 ditae
695 4638 731 4675 a
766 4623 1003 4674 ota-ricto
1041 4639 1092 4685 ι,
1123 4622 1158 4677 8
1189 4624 1313 4676 dec.
1344 4625 1495 4686 1900,
1539 4624 1566 4685 I
1600 4626 1652 4686 1,
1683 4636 1743 4676 u.
1776 4624 1913 4685 vn.
1957 4624 1985 4686 ς
2017 4624 2068 4685 2,
2099 4636 2158 4676 ιι.
2203 4624 2252 4685 Ι3
2285 4621 2345 4674 S.
2379 4622 2445 4675 Ο.
2479 4623 2586 4684 Dp.
2617 4625 2681 4675 et
2710 4623 2875 4685 Rea..
2909 4622 3248 4683 spoletana,
3280 4623 3345 4674 17
3376 4623 3490 4680 lul.

503 4714 649 4775 15743
698 4713 1042 4773 Bononiae„
1090 4715 1158 4766 10
1197 4714 1316 4766 lan.
1368 4715 1516 4775 15943
1558 4712 1870 4774 Aquilam,
1913 4714 1978 4766 15
2019 4715 2194 4766 mart.
2238 4713 2386 4775 15943
2433 4712 2793 4770 salmonea..
2834 4715 2900 4765 14
2938 4715 3113 4766 mart.
3157 4712 3305 4774 16173
3348 4712 3499 4763 Tar·

503 4804 723 4861 ritem,
760 4804 795 4855 9
829 4804 978 4854 febr.
1019 4803 1165 4865 17533
1210 4803 1269 4855 S.
1307 4802 1372 4855 O.
1411 4802 1499 4864 0.,
1550 4802 1784 4862 Lucem,
1819 4815 2020 4856 mense
2054 4804 2230 4854 mart.
2272 4801 2420 4865 15873
2463 4799 2723 4861 Nullius,
2759 4802 2826 4853 22
2864 4802 2986 4854 lun.
3026 4803 3174 4863 15953
3218 4799 3501 4861 Neapoli-

505 4895 665 4951 tana,
695 4893 729 4943 7
754 4895 929 4944 mart.
968 4893 1114 4954 16083
1142 4891 1446 4950 Manum„
1480 4894 1514 4944 9
1539 4892 1683 4945 mali
1720 4892 1867 4954 16263
1898 4891 2175 4953 Brauon..
2204 4891 2271 4943 18
2295 4903 2429 4943 nov.
2467 4890 2616 4951 1627,
2649 4892 2728 4944 ad
2755 4893 2804 4952 13
2840 4889 3177 4949 Hieracem,
3207 4891 3275 4942 10
3302 4895 3490 4944 mart.

499 4982 646 5043 16353
677 4982 1057 5039 Der-chonen..
1090 4982 1156 5034 28
1186 4994 1319 5043 ang.
1355 4982 1500 5044 16493
1532 4981 1790 5039 our-len..
1821 4982 1887 5033 10
1915 4992 2042 5043 apr.
2081 4980 2232 5040 1660,
2263 4979 2341 5033 ad
2370 4980 2420 5041 33
2457 4980 2852 5038 suessionen„
2885 4980 2951 5032 16
2988 4982 3137 5041 sept.
3173 4979 3322 5041 16623
3363 4978 3497 5031 Olc-

501 5083 749 5130 macen„
784 5073 849 5123 11
884 5072 987 5123 iul.
1033 5071 1180 5131 1665,
1219 5072 1298 5123 ad
1340 5066 1422 5131 113
1459 5069 1826 5129 Galat-itanc,
1871 5071 1903 5122 1
1937 5073 2051 5122 oct.
2088 5069 2234 5129 16673
2279 5067 2727 5128 Hispaniarum,
2764 5069 2832 5122 28
2862 5081 2996 5131 aug.
3037 5069 3185 5130 16883
3221 5069 3494 5128 papien..

499 5161 564 5212 26
598 5161 738 5220 ian..
772 5161 839 5212 16
870 5162 1041 5222 febr„
1074 5161 1140 5212 16
1168 5163 1345 5212 mart.
1378 5158 1525 5219 1743,
1557 5159 1636 5211 ad
1675 5160 1725 5220 13
1757 5157 2112 5216 olomucen..
2143 5157 2177 5209 7
2215 5157 2361 5220 iun..
2394 5157 2429 5209 2
2466 5169 2600 5219 aug.
2637 5158 2786 5218 1755,
2827 5157 2906 5210 ad
2936 5159 2988 5220 93
3023 5156 3081 5209 S.
3118 5156 3185 5210 0.
3222 5157 3299 5210 de
3332 5158 3498 5210 Beli-

497 5250 697 5312 glosis.
737 5249 974 5299 Ordinis
1006 5249 1287 5299 Fratrum
1327 5247 1643 5303 uiuorum.
1679 5249 1745 5301 19
1786 5249 1903 5300 lan.
1943 5247 2089 5299 1909.

671 5342 698 5377 ³
737 5339 909 5389 Cone.
942 5338 1229 5400 Trident„
1261 5350 1404 5391 sess.
1439 5338 1604 5399 XXV.
1641 5340 1711 5390 de
1743 5336 2134 5398 recalcribue,
2168 5348 2218 5388 c.
2257 5337 2339 5397 153
2375 5334 2439 5389 Β.
2473 5336 2536 5389 0.
2571 5336 2645 5389 de
2676 5336 3011 5400 Religiosls,
3051 5336 3208 5389 decr.
3245 5337 3314 5389 15
3352 5347 3496 5396 aug.

496 5428 644 5488 1912,
676 5439 733 5478 ιι.
771 5427 822 5478 3.
