3753 5871
1189 224 1367 276 Liber
1410 226 1672 287 Quartus
1706 248 1726 261 ·
1760 224 1849 275 Dc
1894 224 2272 275 Processimus
3129 221 3243 284 589

247 413 518 496 ferant,
568 431 801 498 neque
865 413 1039 480 aliis
1106 412 1668 498 probationibus
1737 412 2092 479 delictum
2162 411 2499 479 iudiciali
2579 430 2927 498 processu
3001 412 3239 481 evinci

298 538 445 587 0331
484 539 500 558 .

250 538 296 605 p
448 523 602 694 t'25’
649 627 731 696 si
768 628 1077 712 ipsemet
1109 592 1425 695 clericus
1461 628 1684 696 minis
1716 632 1850 696 aut
1880 629 2053 695 auis
2083 628 2440 696 adhibitis
2467 628 2732 697 mediis
2762 630 3122 714 impediat
3151 649 3243 697 ne

249 754 631 820 processus
684 736 1124 803 iudiciarius
1165 737 1614 804 instituatur
1658 742 1794 806 aut
1834 738 2178 821 inceptus
2221 735 2674 821 perficiatur3

505 843 603 910 3.⁰
651 844 732 912 Si
769 844 1146 927 processui
1181 843 1517 911 iudiciali
1550 844 2006 912 conficiendo
2040 845 2531 929 ferendaeque
2569 846 2981 914 sententiae
3022 845 3239 931 impe·

249 951 577 1019 dimenta-
623 953 1058 1020 exoriantur
1105 971 1193 1020 ex
1243 953 1574 1020 adversis
1611 953 1955 1020 civilibus
1996 953 2282 1038 legibus
2321 959 2455 1021 aut
2495 955 2705 1038 gravi
2750 954 3083 1021 scandali
3124 974 3238 1040 pe-

251 1059 482 1126 riculo
527 1060 575 1129 ¹.

1518 1205 1697 1273 CAN.
1747 1204 1945 1271 2192.

424 1342 825 1431 suspensio
854 1366 944 1415 ex
974 1347 1379 1415 informata
1408 1346 1861 1414 conscientia
1885 1347 2088 1417 valet
2111 1348 2176 1415 si
2202 1368 2289 1415 ex
2317 1348 2659 1432 pluribus
2686 1347 2982 1416 delictis
3016 1365 3244 1413 unum

249 1458 541 1521 tantum
574 1453 808 1522 tuerit
843 1454 1212 1521 occultum
1247 1452 1299 1518 ⁸.

1506 1595 1684 1663 OAN.
1732 1595 1928 1664 2193.

421 1737 786 1807 Prudenti
824 1738 1208 1806 Ordinarii
1250 1738 1566 1806 arbitrio
1604 1738 2053 1823 relinquitur
2086 1738 2593 1822 suspensionis
2627 1755 2927 1804 causam
2964 1755 3093 1804 seu
3127 1737 3243 1803 de·

252 1846 509 1912 lictum
550 1846 819 1913 clerico
861 1846 1279 1930 patefacere
1331 1850 1464 1914 aut
1511 1847 1841 1928 reticere,
1899 1846 2262 1930 pastorali
2306 1851 2555 1913 tamen
2599 1846 2937 1913 adhibita
2979 1845 3245 1913 sollici·

251 1953 510 2021 tudine
555 1958 632 2022 et
669 1955 1012 2036 caritate,
1060 1959 1167 2036 ut,
1210 1955 1274 2021 si
1311 1953 1665 2023 delictum
1705 1954 1975 2022 clerico
2023 1954 2505 2021 manifestare
2542 1954 2939 2029 censuerit,
2983 1971 3245 2037 poena,

251 2079 338 2127 ex
381 2061 715 2145 paternis
761 2080 945 2146 quae
989 2062 1522 2146 interposuerit
1576 2062 1906 2145 monitis,
1957 2062 2223 2129 nedum
2279 2063 2375 2128 ad
2420 2061 2913 2145 expiationem
2956 2061 3245 2145 culpae,

250 2187 502 2236 verum
535 2169 759 2236 etiam
790 2170 886 2236 ad
925 2168 1507 2238 emendationem
1540 2168 2043 2255 delinquentis
2072 2176 2147 2238 et
2177 2170 2272 2237 ad
2308 2168 2761 2237 occasionem
2798 2169 3084 2253 peccati
3123 2168 3245 2238 eli·

250 2275 675 2343 minandam
708 2275 1091 2344 inserviat.

1522 2419 1699 2488 CAN.
1751 2419 1949 2486 2194.

428 2559 510 2627 Si
551 2559 865 2627 clericus
904 2578 1282 2627 recursum
1326 2580 1369 2628 a
1415 2562 1895 2645 suspensione
1939 2561 2082 2629 sibi
2115 2561 2403 2628 inflicta
2440 2560 2896 2645 interponat,
2937 2559 3263 2655 Ordina-¹

258 2667 412 2734 rius
444 2668 537 2735 ad
575 2668 833 2736 Sedem
866 2669 1371 2752 Apostolicam
1405 2670 1701 2737 mittere
1733 2670 1949 2737 debet
1982 2669 2455 2753 probationes
2490 2668 2755 2752 quibus
2787 2670 3079 2735 constet
3109 2666 3246 2734 cle·

255 2775 489 2842 ricum
532 2775 886 2883 delictum
931 2796 1183 2844 revera
1237 2782 1702 2861 perpetrasse
1756 2777 1949 2862 quod
2003 2775 2599 2844 extraordinaria
2647 2775 2784 2842 hac
2837 2792 3078 2859 poena
3119 2791 3244 2858 pu·

258 2882 400 2952 niri
438 2889 659 2969 queat
688 2881 743 2951 ⁸.

436 3153 457 3189 ¹
497 3151 555 3204 S.
588 3152 652 3205 O.
686 3152 774 3213 C..
818 3153 1150 3209 Luc-conen..
1188 3152 1222 3204 8
1257 3158 1383 3212 apr.
1422 3152 1569 3212 1848:
1606 3152 1665 3202 Β.
1716 3150 1985 3210 Αραιὴαε
2025 3150 2367 3208 Gothorum,
2405 3151 2470 3203 26
2511 3153 2658 3204 febr.
2703 3151 2849 3212 185&
2889 3150 3251 3208 Ner-nonen„

259 3243 324 3292 22
352 3243 473 3294 dec.
506 3243 652 3302 1860:
680 3242 1032 3302 Leoponen„
1061 3243 1126 3294 27
1163 3244 1311 3294 febr.
1347 3241 1494 3304 187&
1522 3241 1835 3300 Patavina,
1875 3243 1941 3294 11
1972 3244 2119 3302 sept.
2151 3241 2298 3294 1880.

428 3338 453 3371 ¹
500 3332 558 3384 S.
591 3333 655 3384 C.
690 3333 775 3392 0.,
806 3333 1169 3393 Ber-nomen„
1197 3333 1231 3385 5
1256 3332 1381 3385 dec.
1413 3333 1560 3393 1863,
1591 3333 1624 3385 8
1659 3334 1784 3392 iul..
1816 3332 1882 3383 12
1907 3345 2040 3394 aug.
2071 3332 2219 3392 1865,
2256 3331 2335 3383 ad
2362 3333 2410 3392 13
2442 3331 2794 3391 Leopouen„
2831 3331 2895 3382 27
2923 3331 3071 3382 febr.
3102 3329 3250 3386 1875.

428 3427 456 3463 ³
501 3423 769 3475 Clemens
794 3424 859 3483 X,
889 3427 1072 3475 const.
1103 3438 1132 3474 ι
1159 3423 1423 3482 superna
1459 3439 1508 3484 n,
1541 3424 1604 3474 21
1633 3425 1752 3476 iun.
1788 3423 1938 3483 1670,
1968 3423 1995 3484 ⁸
2022 3423 2071 3485 5;
2102 3423 2160 3475 S.
2197 3423 2262 3475 C.
2294 3423 2400 3482 Ep.
2432 3424 2495 3474 et
2524 3422 2688 3484 Res..
2720 3420 2996 3478 Troiana,
3027 3420 3092 3472 28
3116 3432 3249 3482 aug.

259 3513 405 3574 1840:
438 3512 495 3565 S.
529 3513 593 3565 O.
626 3513 715 3574 C..
751 3513 1092 3570 Ver-cellen..
1126 3514 1188 3565 21
1223 3517 1398 3566 mart.
1435 3514 1582 3574 1643:
1622 3513 1965 3570 Bononien„
1999 3514 2066 3565 14
2096 3526 2228 3564 nov.
2264 3513 2410 3574 1654;
2453 3510 2798 3572 Gapritona,
2831 3511 2899 3563 16
2933 3510 3057 3562 dee.
3102 3511 3251 3569 1730,

260 3602 336 3654 ad
363 3606 412 3665 1;
440 3603 708 3662 oritana,
738 3604 804 3656 26
830 3617 987 3666 aug„
1024 3604 1088 3655 24
1120 3608 1268 3664 sept.
1298 3605 1448 3664 1735,
1486 3603 1563 3655 ad
1591 3604 1639 3664 2:
1667 3603 2003 3662 Lucionen„
2033 3603 2068 3655 8
2102 3614 2228 3663 apr.
2260 3602 2409 3663 1848,
2443 3602 2522 3654 ad
2549 3601 2601 3653 2.
