3753 5871
1512 264 1876 315 ommia
3081 266 3186 327 671

189 470 406 516 sensu
450 452 963 531 depumm,
1000 463 1289 528 quorum
1330 447 1542 511 etiam
1577 444 2069 509 conscientiam
2103 462 2491 525 oneramus,
2526 450 2602 511 et
2633 465 2772 510 non
2807 447 3018 512 aliter
3051 451 3187 513 exi·

185 560 373 639 turi,
410 559 605 621 nullo
640 557 844 621 modo
874 556 1127 620 reverti
1158 557 1470 634 possunt;
1499 554 1619 617 sed
1649 569 1887 617 eorum
1917 553 2091 632 loco,
2121 551 2248 617 alii
2279 554 2511 617 eodem
2544 571 2828 634 prorsus
2857 559 3190 636 tempore,

187 683 337 744 quo
370 665 627 727 infirmi
669 664 979 742 exibunt,
1014 662 1500 742 ingrediantur
1544 661 1594 724 ¹.

386 774 491 836 42.
540 774 720 837 Item
760 771 822 835 si
863 769 1162 850 aliquem
1206 769 1645 833 cardinalem
1697 768 1773 830 in
1824 767 2153 831 Oonclavi
2195 768 2345 832 vita
2382 770 2582 849 fungi
2625 770 2922 849 accidat,
2966 771 3191 850 ipsius

189 878 682 945 conclavistae
727 877 968 943 statim
1026 894 1064 940 e
1110 875 1435 940 conclavi
1493 877 1683 940 exire
1728 877 2002 954 debent,
2050 894 2270 956 neque
2313 878 2405 941 ad
2451 876 2746 941 alterins
2792 877 3193 941 Gardinalis

188 988 614 1050 famulatum
655 986 731 1048 in
762 986 995 1050 eodem
1027 983 1352 1048 Conclavi
1384 985 1644 1047 assumi
1681 987 2012 1064 poterunt
2050 985 2105 1047 ⁸.

386 1095 492 1157 43.
541 1093 738 1157 Sacri
787 1091 1049 1156 Palatii
1088 1092 1475 1171 Apostolici
1528 1091 1840 1155 Sacrista
1879 1108 2146 1171 quoque
2181 1108 2335 1154 cnm
2375 1108 2518 1155 uno
2556 1092 2660 1155 vel
2706 1091 3022 1172 pluribus
3072 1093 3188 1171 (ad

191 1202 272 1265 S.
310 1200 600 1281 collegii
631 1200 1023 1279 arbitrium)
1063 1197 1353 1263 Clericis
1389 1198 1911 1263 coadiutoribus
1947 1200 2022 1261 in
2057 1199 2277 1264 officio
2310 1198 2682 1279 Sacristae,
2715 1200 3015 1278 itemque
3048 1200 3188 1262 Ma·

191 1311 411 1391 gistri
444 1308 1044 1373 Gaeremoniarum
1077 1325 1217 1370 non
1251 1306 1487 1386 plures
1511 1324 1716 1386 quam
1747 1324 1864 1371 sex
1900 1306 2237 1371 Conclave
2262 1307 2770 1387 ingrediantur,
2800 1306 3201 1372 muneribus

188 1435 376 1497 quae
402 1418 492 1481 ad
519 1418 712 1497 ipsos
744 1415 1097 1495 pertinent
1129 1414 1466 1478 vacaturi.
1501 1415 1712 1478 Adsit
1738 1418 2096 1493 praeterea
2123 1431 2303 1478 nnus
2334 1414 2404 1477 S.
2437 1412 2728 1493 collegii
2761 1414 3194 1479 secretarius

188 1529 503 1603 tantum,
563 1540 746 1586 unus
790 1522 1181 1602 Religiosus
1237 1538 1363 1601 pro
1408 1521 1957 1586 confessionibus
2000 1521 2445 1601 excipiendis,
2497 1522 2636 1584 duo
2685 1522 2958 1601 Medici,
3010 1539 3192 1585 unus

188 1632 610 1711 chimrgus,
645 1647 826 1693 nnus
857 1630 1344 1693 Aromatarius
1376 1646 1531 1692 cum
1573 1647 1715 1693 uno
1754 1633 1882 1691 aut
1914 1629 2181 1692 duobus
2213 1629 2692 1709 servientibus,
2729 1630 2845 1709 qui
2880 1645 3113 1693 omnes
3147 1647 3194 1692 a

188 1740 447 1805 maiori
479 1743 680 1818 parte
706 1737 1183 1801 Oardinalium
1222 1738 1322 1801 vel
1358 1754 1400 1800 a
1440 1735 1800 1800 Oardinali
1831 1736 2230 1800 Camerario
2260 1753 2401 1800 una
2432 1736 2638 1800 si'mnl
2669 1753 2824 1800 cum
2858 1736 3189 1800 Cardina·

192 1848 387 1911 libus
425 1844 792 1925 capitibus
831 1844 1191 1924 Ordinum,
1230 1845 1315 1908 de
1348 1861 1682 1908 consensu
1715 1844 2001 1907 maioris
2036 1845 2262 1924 partis
2294 1843 2796 1923 cardinalium,
2832 1849 3041 1909 erunt
3072 1844 3190 1908 eli-

190 1954 428 2034 gendi;
477 1952 735 2032 aliique
792 1952 1156 2015 conclavis
1204 1952 1503 2015 utilitati
1565 1956 1774 2031 atque
1818 1951 2291 2015 commoditati
2342 1950 2740 2029 servientes,
2792 1952 2909 2031 qui
2958 1955 3193 2015 tamen

190 2062 437 2141 plures
469 2077 617 2124 esse
657 2076 795 2122 non
827 2059 1077 2124 debent
1109 2075 1312 2138 quam
1344 2060 1526 2138 qnod
1568 2059 1951 2123 necessitas*
1976 2058 2433 2138 postulaverit
2469 2061 2521 2121 ⁸.

1480 2348 1720 2411 cffm·
1748 2340 1902 2410 ΙΙΙ.

1186 2486 1292 2548 De
1321 2485 1639 2564 inpressu
1669 2487 1746 2547 in
1776 2484 2113 2547 coneum
2137 2487 2191 2553 ⁴.

387 2699 493 2759 44.
535 2697 900 2775 Exseqniis
946 2696 1258 2760 defuncti
1297 2694 1662 2757 Pontificis
1713 2696 1822 2773 (ut
1861 2694 2098 2773 supra)
2143 2691 2539 2773 persolutis,
2579 2697 2654 2756 et
2689 2691 2971 2755 interim
3021 2693 3167 2755 con

193 2803 384 2865 clavi
437 2808 822 2882 opportune
867 2807 1307 2883 praeparato,
1352 2801 1761 2866 cardinales
1801 2803 1874 2864 in
1921 2801 2295 2864 Basilicam
2344 2801 2579 2864 Sancti
2638 2800 2857 2880 Petri,
2904 2801 3008 2862 vel
3053 2799 3198 2862 alio

199 2929 337 2991 pro
362 2912 691 2992 temporis
717 2920 791 2977 et
810 2912 944 2976 loci
973 2911 1496 2993 opportunitate
1522 2910 1962 2991 conveniunt,
1989 2910 2107 2974 ubi
2137 2926 2261 2990 per
2283 2909 2633 2973 Decanum
2667 2898 2863 2972 Sacri
2885 2907 3201 2988 collegii,

195 3021 310 3086 vel
356 3037 436 3083 eo
473 3020 810 3099 impedito
850 3036 975 3099 per
1016 3019 1231 3083 alium
1284 3037 1368 3083 ex
1411 3018 1925 3098 antiquioribus
1974 3015 2488 3097 cardinalibus,
2535 3018 2754 3080 Missa
2794 3017 2881 3081 de
2924 3016 3197 3095 Spiritu

199 3129 471 3191 Sancto
512 3126 924 3205 celebratur,
962 3131 1036 3192 et
1078 3128 1151 3189 in
1191 3127 1327 3190 flue
1362 3145 1487 3206 per
1519 3128 1816 3207 aliquem
1854 3125 2255 3190 Praelatum
2291 3130 2420 3190 aut
2464 3124 2680 3188 alium
2721 3125 2943 3187 virum
2992 3125 3194 3188 eccle·

196 3236 566 3298 sia-sticum
601 3234 877 3298 doctum
911 3235 1249 3298 habeatur
1276 3235 1528 3313 oratio,
1564 3252 1700 3314 qua
1731 3238 2172 3313 moneantur,
2209 3237 2315 3312 ut,
2358 3233 2684 3313 sepositis
2713 3232 3029 3296 omnibus
3061 3233 3195 3311 pri-

196 3343 394 3405 vatis
423 3343 807 3421 affectibus,
844 3343 1065 3406 solum
1100 3342 1320 3405 Deum
1365 3359 1530 3422 prae
1563 3341 1783 3406 oculis
1826 3341 2179 3421 habentes,
2220 3340 2516 3404 Sanctae
2550 3338 2896 3404 Romanae
2938 3343 3013 3404 et
3048 3340 3196 3401 uni·

196 3449 460 3514 vei-sali
499 3450 847 3515 Ecclesiae
877 3451 963 3514 de
991 3450 1282 3515 Pastore
1313 3450 1676 3514 sufficienti
1709 3454 1784 3515 et
1813 3449 2061 3513 idoneo
2100 3449 2480 3528 providem,
2514 3448 2698 3510 omni
2731 3465 2872 3528 qua
2908 3450 3201 3527 possunt

196 3557 548 3622 brevitate
576 3561 653 3622 et
691 3556 1055 3637 diligentia
1088 3560 1355 3621 curent.

370 3665 475 3727 45.
510 3665 612 3729 Re
640 3664 878 3728 divina
907 3668 1213 3745 peracta,
1244 3666 1509 3745 statim,
1543 3665 1673 3745 vel,
1713 3665 1775 3729 si
1813 3663 2144 3729 Patribus
2173 3663 2408 3742 potins
2436 3662 2746 3744 libuerit,
2786 3678 3084 3742 vespere,
3119 3661 3207 3727 fit·

196 3774 563 3853 ingressus
605 3773 680 3835 in
727 3771 1086 3836 Conclave.
1146 3774 1456 3837 clericus
1501 3772 2100 3836 Caeremoniarum
2147 3772 2341 3850 capit
2394 3770 2681 3834 Crucem
2730 3769 3080 3849 Papalem.
3129 3773 3206 3836 et

198 3880 561 3959 prooedit:
617 3897 814 3959 quem
863 3879 1271 3944 Gardiuales
1309 3884 1714 3960 sequuntur,
1755 3880 2081 3959 Episcopi
2126 3879 2446 3959 primum,
2491 3879 2738 3942 deinde
2779 3878 3198 3956 Presbyteri,

201 3991 559 4067 postremo
594 3988 886 4051 Diaconi
923 4004 1075 4051 cum
1125 3988 1271 4050 suis
1306 3988 1548 4068 cappis
1593 3987 1953 4051 violaceis:
1999 3985 2286 4049 Crucem
2336 3985 2756 4065 praecedunt
2791 3983 3208 4049 Familiares.

199 4093 713 4170 cardinalium,
747 4098 819 4159 et
850 4095 1243 4159 immediate
1272 4093 1610 4157 cantores
1643 4093 1991 4173 Hymnum
2037 4092 2211 4154 Vem’
2242 4091 2533 4153 Creator
2573 4091 2883 4170 Spiritus
2916 4096 3197 4166 cantan-

201 4207 352 4267 tes:
401 4206 564 4282 post
605 4201 1014 4266 Cardinales
1049 4205 1433 4280 sequuntur
1464 4199 1799 4278 Praelati,
1847 4205 2056 4280 atque
2091 4201 2199 4263 ita
2234 4200 2474 4264 ordine
2511 4199 2976 4278 procedentes,
3029 4199 3199 4262 con·

198 4311 399 4375 clave
435 4309 946 4389 ingrediuntur,
993 4313 1067 4374 et
1109 4326 1263 4373 cum
1299 4309 1390 4372 ad
1425 4308 1827 4389 cappellam
1865 4309 2323 4388 pervenerint,
2363 4306 2841 4371 cardinalium
2880 4307 3201 4370 Decanus

200 4418 397 4498 apud
422 4417 670 4482 Altare
695 4417 868 4480 dicit
900 4416 1280 4480 orationem
1307 4416 1495 4478 Deus
1522 4417 1641 4494 qui
1675 4416 1885 4478 corda
1911 4415 2240 4493 flentium,-
2265 4434 2403 4496 qua
2436 4413 2662 4493 finita,
2693 4418 2844 4478 tum
2877 4431 3208 4493 praesens

201 4541 419 4604 quum
452 4525 665 4588 etiam
699 4527 1115 4588 memoratae
1148 4522 1702 4587 Constitutiones
1746 4543 1781 4585 α
1821 4522 2274 4586 Commissum
2310 4522 2525 4585 Nobis
2572 4543 2606 4582 n
2644 4522 2728 4585 de
2765 4521 2953 4584 civili
3002 4517 3202 4595 Veto,

201 4638 276 4698 et
307 4630 561 4696 Leonis
591 4631 766 4694 XIII
811 4651 846 4693 α
880 4630 1444 4693 Pmedecessorea
1475 4629 1718 4692 Nostri
1760 4652 1795 4692 »
1841 4630 2376 4710 (praetermissis
2405 4630 2520 4708 iis,
2566 4646 2742 4709 qnae
2775 4628 3052 4690 nonnisi
3092 4645 3204 4691 res

199 4742 346 4804 iam
411 4742 729 4818 peractas
777 4739 1181 4818 respiciunt)
1234 4740 1485 4802 iterum
1536 4742 1882 4818 leguntnr3
1933 4755 2014 4801 ac
2065 4737 2572 4815 iusiurandum,
2633 4737 2837 4799 iuxta
2884 4736 3203 4815 superius

207 4846 718 4927 praescripta-m
770 4847 1088 4920 formam,
1151 4847 1240 4909 ab
1289 4847 1607 4909 omnibus
1655 4844 2150 4909 cardinalibus
2210 4861 2457 4908 rursus
2504 4844 2876 4908 emittitur.
2931 4843 3199 4907 Deinde

202 4954 620 5018 cardinales
651 4957 811 5033 post
850 4956 1115 5018 brevem
1153 4970 1526 5018 sermonem
1564 4954 1875 5018 habitum
1912 4971 2037 5034 per
2067 4953 2442 5032 Decanum,
2480 4969 2616 5031 quo
2656 4969 2774 5016 eos
2805 4950 3199 5015 convenien-

392 5146 412 5178 ἱ
449 5146 536 5200 Pii
569 5147 644 5200 lv
676 5146 867 5199 const.
908 5166 934 5194 e
955 5146 1032 5199 In
1061 5146 1351 5212 aldomin
1370 5166 1420 5208 ι»,
1454 5145 1488 5213 g
1516 5145 1598 5198 u.

393 5248 414 5277 ¹
446 5245 619 5300 Clem.
654 5243 755 5298 xn
789 5243 1044 5311 Chirogr.
1083 5264 1109 5292 e
1133 5243 1371 5297 Avendo
1401 5245 1506 5297 noi
1526 5264 1576 5306 ι,
1611 5259 1670 5297 ιι.
1702 5244 1779 5296 16.

392 5347 418 5381 ⁸
448 5342 537 5397 Pii
571 5343 645 5396 tv
681 5343 873 5397 Const-
910 5363 937 5390 ι
958 5343 1034 5395 In
1074 5342 1364 5409 stipendia
1384 5363 1435 5405 ι»,
1468 5342 1501 5409 5
1533 5342 1619 5405 ¹s;
1653 5340 1825 5397 clem.
1859 5341 1961 5395 ΧΠ
2003 5340 2196 5396 const.
2234 5361 2261 5388 ι
2282 5340 2657 5410 Apostolatus
2698 5341 3025 5408 officium»,
3058 5339 3091 5407 5
3126 5342 3203 5395 13.

392 5445 417 5475 ⁴
447 5441 563 5497 Cir.
597 5440 1012 5496 Caeremoniale
1043 5440 1209 5509 Greg-
1242 5440 1360 5494 XV.
