3753 5871
412 306 523 366 w
1560 301 1756 353 Com
1801 302 1963 352 Iso-1⁸
2002 300 2285 352 canonici

1717 507 1896 573 CAN.
1940 506 2092 572 760.

602 628 789 696 Cum
838 630 1251 715 baptismus
1292 630 1428 697 sub
1474 630 1898 698 conditione
1946 630 2292 711 iteratur,
2332 629 2856 710 caeremoniae,
2900 629 2965 694 si
3006 628 3293 712 quidem
3337 629 3414 694 in

430 736 675 819 priore
705 737 1074 822 baptismo
1099 739 1411 806 omissae
1433 739 1768 821 fuerunt,
1798 737 2315 822 suppleantur,
2346 736 2551 804 salvo
2582 737 3043 821 praescripto
3066 754 3230 803 can.
3259 735 3413 817 759,

431 844 465 925 §
506 845 572 928 33
622 845 740 911 sin
793 851 1039 912 autem
1085 847 1162 911 in
1207 847 1454 930 priore
1496 847 1866 931 baptismo
1906 846 2284 914 adhibitae
2336 849 2537 927 sunt,
2598 845 2830 928 repeti
2871 846 2951 910 in
2999 845 3237 912 altero
3281 850 3416 912 aut

426 952 675 1019 omitti
713 956 1028 1036 possunt
1059 952 1108 1021 ².

1734 1079 1913 1147 cau.
1953 1077 2105 1144 761.

601 1201 882 1270 Curent
917 1202 1220 1286 parochi
1255 1206 1341 1269 ut
1375 1203 1444 1269 ei
1480 1203 1607 1286 qui
1642 1202 2094 1287 baptizatur,
2133 1201 2623 1269 christianum
2659 1201 3087 1284 imponatur
3133 1218 3416 1284 nomem

429 1310 621 1393 quod
665 1311 729 1376 si
762 1310 841 1378 id
872 1312 1221 1395 consequi
1255 1328 1402 1377 non
1446 1315 1824 1395 poterunt,
1873 1310 2154 1377 nomini
2189 1328 2236 1377 a
2280 1310 2714 1394 parentibus
2748 1309 3097 1393 imposito
3134 1308 3419 1376 addant

431 1434 692 1485 nomen
737 1418 1058 1485 alicuius
1105 1418 1365 1487 Sancti
1409 1424 1484 1486 et
1530 1419 1610 1486 in
1657 1419 1848 1486 libro
1898 1419 2441 1502 baptizatorum
2491 1422 2886 1501 utrumque
2946 1435 3205 1484 nomen
3257 1434 3412 1500 per-

427 1524 759 1593 scribant
791 1525 846 1593 ¹.

1700 1706 1960 1773 CAPUT
1997 1706 2130 1773 IV.

1654 1823 1766 1891 De
1832 1825 2177 1910 patrinis.

1735 2007 1913 2074 CAN.
1955 2006 2106 2072 762.

605 2130 640 2212 5
688 2131 753 2195 1.
802 2129 918 2196 Ex
976 2130 1482 2201 vetustissimo
1532 2130 1909 2200 Ecclesiae
1955 2147 2156 2198 more
2208 2149 2419 2199 nemo
2467 2130 2923 2199 sollemniter
2974 2131 3415 2214 baptizetur,

428 2237 574 2304 nisi
612 2256 827 2305 suum
863 2239 1155 2322 habeat,
1204 2241 1571 2323 quatenus
1602 2237 1765 2307 fieri
1798 2240 2061 2324 possit,
2100 2239 2478 2323 patrinum
2511 2237 2566 2305 ⁸.

604 2344 640 2428 ξ
685 2344 753 2412 2.
804 2345 1055 2422 Etiam
1081 2347 1160 2414 in
1186 2347 1556 2432 baptismo
1580 2348 1876 2432 privato
1900 2349 2270 2432 patrinus,
2300 2349 2364 2414 si
2394 2347 2617 2415 facile
2649 2347 2904 2415 haberi
2934 2351 3179 2431 queat,
3214 2347 3415 2414 adhi-

426 2453 711 2539 beatur;
736 2455 801 2521 si
825 2472 973 2522 non
997 2455 1453 2540 interfuerit,
1489 2456 1932 2524 adhibeatur
1956 2456 2037 2522 in
2066 2456 2499 2540 supplendis
2531 2456 2885 2539 baptismi
2910 2455 3416 2538 caeremoniis,

427 2561 554 2628 sed
601 2561 737 2629 hoc
781 2563 862 2629 in
899 2581 1078 2630 casu
1117 2563 1397 2631 nullam
1436 2564 1817 2631 contrahit
1854 2563 2321 2647 spiritua-lem
2360 2564 2870 2647 cognationem
2896 2561 2949 2628 ⁴.

1724 2740 1902 2807 om.
1947 2741 2100 2808 763.

608 2866 640 2948 ξ
690 2868 754 2931 1.
805 2867 991 2935 Cum
1052 2867 1467 2951 baptismus
1524 2867 1845 2934 iteratur
1891 2867 2027 2934 sub
2073 2867 2519 2950 conditione,
2571 2867 2761 2933 idem
2824 2867 3193 2951 patrinus,
3249 2885 3415 2951 qua·

431 2979 648 3042 tenus
692 2974 851 3042 fieri
888 2976 1148 3059 possit,
1189 2975 1655 3049 adhibeatur,
1696 2976 1820 3060 qui
1855 2977 1931 3042 in
1972 2976 2218 3059 priore
2254 2976 2622 3059 baptismo
2659 2976 2855 3043 forte
2898 2975 3167 3059 adfuit3
3212 2979 3426 3042 extra

429 3081 624 3148 hunc
653 3100 905 3149 casum
939 3082 1016 3147 in
1050 3082 1419 3165 baptismo
1457 3083 1971 3151 conditionato
2010 3083 2357 3167 patrinus
2399 3102 2545 3150 non
2579 3087 2691 3152 est
2729 3082 3208 3149 necessarius.

605 3188 638 3271 ξ
685 3189 752 3255 2.
805 3189 1091 3257 Iterato
1136 3190 1508 3274 baptismo
1564 3191 1700 3257 sub
1764 3191 2211 3275 conditione,
2283 3210 2514 3276 neque
2578 3192 2925 3274 patrinus
2994 3191 3120 3275 qui
3186 3190 3419 3274 priori

434 3299 805 3382 baptismo
864 3298 1137 3380 adfuit,
1205 3316 1438 3383 neque
1489 3299 1616 3383 qui
1669 3299 2095 3383 posteriori,
2148 3299 2659 3384 cognationem
2716 3299 3183 3383 spiritualem
3246 3317 3413 3365 con·

429 3404 690 3487 trahit,
740 3407 886 3472 nisi
921 3405 1111 3473 idem
1149 3406 1495 3490 patrinus
1533 3407 1609 3473 in
1651 3411 1963 3490 utroque
2000 3408 2368 3491 baptismo
2404 3407 2784 3475 adhibitus
2818 3408 3075 3474 fuerit.

1733 3582 1912 3648 CAN.
1954 3580 2105 3647 764.

610 3705 965 3773 Patrinus
1007 3724 1200 3773 unus
1241 3708 1562 3787 tantum,
1596 3704 1772 3772 licet
1802 3703 2077 3770 diversi
2110 3721 2328 3771 sexus
2368 3723 2411 3770 a
2445 3704 2913 3786 baptizando,
2953 3705 3066 3771 vel
3102 3703 3197 3770 ad
3233 3720 3420 3769 sum-

433 3831 631 3879 mum
675 3831 865 3879 unus
903 3817 980 3881 et
1030 3832 1178 3880 una
1218 3813 1714 3881 adhibeantur
1739 3811 1793 3878 ⁸.

615 4059 635 4094 ¹
677 4059 734 4110 8.
786 4061 849 4111 Ο.
899 4060 954 4111 8.
1000 4060 1114 4112 off.
1169 4060 1643 4122 (Notunghamsh
1685 4060 1717 4110 2
1754 4072 1881 4120 apr.
1934 4061 2081 4119 1879,
2128 4060 2211 4110 ad
2253 4061 2302 4119 1,
2338 4059 2388 4121 2;
2430 4057 2488 4111 8.
2533 4060 2599 4109 R..
2644 4060 2732 4120 0.,
2774 4058 3133 4120 Εὴεαοηεη.,
3185 4060 3248 4111 27
3288 4073 3419 4121 aug.

433 4146 581 4208 1836,
615 4148 694 4200 ad
727 4149 775 4197 4.

610 4237 636 4274 ²
674 4237 941 4289 Clemens
979 4238 1110 4295 xn,
1145 4239 1259 4289 lltt.
1293 4250 1386 4298 ap.
1424 4253 1452 4287 α
1486 4237 1854 4298 compertum
1896 4256 1943 4298 n,
1985 4241 2047 4289 24
2084 4252 2220 4301 aug.
2255 4240 2403 4301 1734,
2438 4240 2574 4292 dub.
2608 4240 2691 4301 11;
2722 4241 2839 4292 ntt.
2872 4252 2967 4301 ap.
3010 4257 3042 4292 ι
3075 4240 3422 4291 concredita

433 4326 615 4377 Nobis
654 4341 703 4386 ι,
735 4327 800 4378 13
829 4327 972 4377 maii
1005 4326 1151 4387 1739:
1184 4325 1539 4379 Benedictus
1571 4327 1723 4387 xlv,
1763 4339 1854 4389 ep.
1897 4329 2118 4390 encycl.
2155 4344 2187 4379 ι
2217 4326 2386 4378 Inter
2416 4329 2755 4389 omniaems
2787 4344 2837 4389 ι,
2871 4329 2903 4379 2
2943 4330 3092 4382 febr.
3128 4330 3275 4389 1744,
3314 4330 3341 4390 ὅ
3376 4330 3424 4390 3;

433 4418 618 4467 const.
653 4430 682 4466 α
713 4414 983 4465 Omnium
1014 4414 1482 4465 sollicitudinum
1517 4431 1566 4477 ι,
1596 4416 1664 4468 12
1688 4418 1837 4478 sept.
1869 4417 2017 4477 1744,
2053 4417 2081 4478 1
2112 4418 2195 4477 14,
2234 4417 2372 4469 dub.
2416 4417 2499 4478 11,
2537 4418 2565 4479 1
2598 4418 2680 4478 4ος
2710 4421 2896 4471 const.
2930 4434 2960 4468 α
2993 4419 3157 4479 Quod
3196 4419 3424 4478 provin·

435 4504 585 4555 ciale
627 4519 675 4565 n,
711 4506 740 4555 1
774 4517 908 4565 aug.
946 4504 1095 4564 1⁶:543
1129 4504 1187 4555 S.
1227 4504 1292 4555 C.
1337 4502 1412 4557 de
1451 4503 1874 4566 Sacramentls,
1916 4505 2181 4555 Romana
2216 4509 2277 4556 ot
2309 4505 2585 4565 aliarum,
2620 4507 2685 4559 13
2717 4510 2896 4559 mart.
2943 4508 3090 4568 1910,
3129 4508 3206 4559 ad
3244 4508 3341 4565 lx.
3379 4508 3425 4565 1:

438 4595 495 4643 8.
527 4594 592 4646 G.
626 4593 699 4646 de
730 4595 899 4655 Prop.
943 4595 1104 4653 Fide,
1140 4595 1307 4645 instr.
1350 4595 1450 4653 (ad
1481 4595 1605 4646 vic.
1640 4596 1746 4656 Δρ.
1783 4595 2006 4646 indiar.
2051 4594 2323 4655 orient).
2363 4596 2397 4647 8
2431 4599 2578 4656 sept.
2613 4595 2760 4656 1809,
2796 4608 2856 4647 ιι.
2889 4596 2971 4657 48ς
3000 4597 3172 4647 instr.
3215 4596 3280 4648 31
3314 4596 3420 4647 iul.

436 4682 582 4742 1902,
618 4694 676 4733 n.
705 4684 755 4744 ὃς
782 4683 1022 4735 Rituale
1053 4683 1240 4742 Rom..
1272 4685 1368 4735 tit.
1405 4684 1486 4743 11,
1523 4696 1574 4735 c.
1615 4686 1663 4744 1,
1697 4686 1768 4736 de
1797 4686 2168 4734 sumomonte
2199 4683 2476 4743 baptis-mi
2504 4685 2618 4736 rite
2647 4683 3139 4743 administrando,
3177 4696 3237 4735 n.
3269 4686 3351 4736 54.

614 4774 642 4812 ⁸
678 4773 849 4824 cone.
883 4773 1169 4831 Trident„
1202 4784 1345 4823 sess.
1380 4772 1577 4834 xxlv,
1619 4775 1689 4823 ‹1ss
1718 4774 1814 4833 res
1862 4773 2144 4831 matrim..
2173 4785 2222 4824 c.
2258 4773 2306 4835 23
2338 4773 2397 4826 8.
2435 4773 2503 4827 C.
2549 4773 2606 4826 8.
2644 4774 2760 4826 off.
2804 4774 3095 4833 (Mission.
3132 4773 3427 4835 Aegypti),

434 4863 469 4913 9
491 4862 613 4913 dec.
639 4862 784 4923 1745;
819 4863 986 4913 instr.
1027 4862 1127 4920 (ad
1155 4862 1502 4915 Administr.
1534 4864 1642 4924 Ap.
1679 4863 2001 4924 pertham),
2033 4864 2102 4915 15
2128 4867 2275 4923 sept.
2306 4863 2452 4924 1800:
2480 4862 2537 4916 8.
2566 4864 2631 4916 O.
2661 4863 2734 4915 de
2769 4865 2940 4924 Prop.
2972 4864 3118 4916 Fide
3152 4864 3241 4924 (C.
3273 4862 3341 4915 G.
3364 4890 3425 4900 —

439 4950 833 5013 Bardstown),
867 4952 899 5002 1
930 4963 1056 5012 apr.
1083 4952 1243 5012 186oe
1278 4950 1335 5003 8.
1370 4952 1439 5002 R.
1473 4952 1561 5012 0.,
1595 4950 2017 5012 Praefectum
2049 4952 2421 5012 Apostolum
2455 4951 2775 5012 Romanae
2814 4951 3133 5012 centrum,
3175 4953 3241 5003 16
3276 4952 3423 5003 tebr.

437 5039 585 5100 1887,
616 5038 695 5090 ad
726 5040 808 5100 113
843 5039 1084 5092 Rimale
1111 5040 1299 5101 Rom„
1332 5043 1426 5093 tit.
1465 5041 1547 5102 11,
1586 5054 1634 5093 c.
1673 5044 1723 5101 1,
1766 5043 1837 5091 de
1868 5043 2237 5092 eae-ramento
2273 5041 2549 5100 baptismi
2583 5042 2695 5092 rite
2726 5039 3217 5099 administrando,
3248 5052 3306 5091 n.
3350 5040 3428 5101 223

435 5139 484 5178 c.
517 5128 567 5188 3,
600 5128 672 5178 de
705 5126 992 5188 baptismo
1029 5129 1389 5188 adultorum,
1418 5141 1478 5181 n.
1507 5130 1558 5181 7.

613 5222 641 5255 ⁴
680 5217 738 5269 S.
777 5217 842 5271 O.
879 5219 951 5271 de
981 5219 1152 5280 Prop.
1186 5219 1349 5280 Fide,
1390 5220 1560 5272 instr.
1603 5220 1707 5280 (ad
1738 5221 1843 5281 Dp.
1887 5219 2211 5280 Scodram),
2246 5221 2310 5270 11
2341 5222 2490 5280 sept.
2523 5219 2672 5279 rm,
2702 5230 2761 5270 n.
2794 5221 2843 5270 4.

616 5312 642 5348 ⁸
678 5306 742 5358 O.
781 5308 896 5369 100,
930 5309 1044 5368 101,
1077 5309 1146 5358 D.
1180 5309 1279 5368 IV.
1319 5310 1390 5359 ds
1419 5320 1599 5369 cona:
1624 5321 1672 5361 c.
1710 5310 1761 5369 3,
1796 5309 1873 5359 de
1905 5308 2248 5368 comotione
2277 5306 2601 5368 apio-tcum,
2633 5307 2734 5368 lv,
2763 5308 2815 5370 3,
2848 5310 2911 5359 in
2938 5309 3066 5371 V103
3094 5308 3270 5360 Cone.
3303 5307 3429 5358 Tri-

437 5400 617 5461 dent.,
659 5410 804 5451 sess.
838 5397 1038 5457 XX1V,
1075 5398 1146 5449 ds
1177 5397 1290 5458 rot.
1324 5397 1604 5457 matrim„
1636 5411 1686 5450 c.
1721 5399 1768 5460 2;
1803 5397 1862 5450 8.
1896 5398 1963 5451 Ο.
1998 5396 2055 5450 8.
2089 5398 2204 5451 off.
2251 5397 2541 5458 (Mission.
2584 5398 2884 5460 Aoum),
2919 5399 2955 5451 9
2987 5397 3109 5449 dec.
3155 5396 3302 5458 17463
3333 5395 3429 5446 Ri-

439 5489 600 5542 tuale
626 5489 814 5549 Rom„
849 5489 943 5540 tit.
983 5487 1066 5549 11,
1095 5499 1145 5539 c.
1183 5489 1233 5548 1,
1267 5489 1337 5540 de
1367 5492 1735 5540 sacramento
1769 5487 2052 5547 baptismi
2081 5487 2196 5537 rite
2228 5486 2718 5545 administrando,
2750 5498 2805 5536 n.
2838 5486 2920 5546 22,
2952 5485 3033 5537 23.
