3753 5871
523 335 632 393 442
1659 335 1855 388 σοαπ
1901 334 2064 386 lum
2103 334 2383 388 Canania

527 520 733 588 intra
770 520 953 589 fines
990 522 1181 589 iuris
1227 523 1660 604 communis,
1707 523 2131 590 universum
2171 523 2845 591 administrationis
2895 522 3252 591 bonorum
3295 524 3534 590 eccle-

529 627 997 695 siasticorum
1041 630 1413 713 negotium
1459 630 1952 698 ordinandum
1994 634 2280 698 curent.

1795 790 1972 856 CAN.
2022 774 2216 856 1520.
2240 828 2250 838 ·

705 912 737 993 ξ
786 915 851 979 1.
900 913 1018 979 Ad
1062 914 1197 980 hoc
1237 931 1505 979 munus
1558 913 1701 979 rite
1743 913 2157 980 obeundum
2203 913 2514 998 quilibet
2554 912 3000 979 ordinarius
3041 912 3118 978 in
3165 929 3301 977 sua
3343 910 3533 977 civi·

526 1024 684 1088 tate
713 1020 1114 1104 episcopali
1140 1020 1550 1088 Consilium
1575 1021 1954 1091 instituat.
1985 1021 2176 1104 quod
2206 1025 2494 1088 constet
2521 1021 2882 1105 praeside,
2919 1020 3044 1104 qui
3069 1024 3184 1087 est
3207 1019 3537 1103 ipsemet

524 1127 999 1209 Ordinarius,
1028 1130 1104 1195 et
1135 1128 1420 1194 duobus
1448 1129 1561 1194 vel
1599 1129 1940 1212 pluribus
1963 1129 2147 1195 viris
2174 1128 2482 1211 idoneis,
2521 1129 2709 1195 iuris
2737 1129 2961 1195 etiam
2989 1127 3255 1206 civilis,
3291 1144 3534 1210 quan·

526 1237 709 1301 tum-
733 1233 893 1302 fieri
934 1238 1204 1319 potest,
1247 1236 1536 1319 peritis,
1591 1236 1684 1303 ab
1725 1236 1890 1320 ipso
1933 1235 2358 1317 Ordinatio,
2403 1236 2663 1303 audito
2705 1235 3082 1319 Capitulo,
3129 1234 3531 1318 eligendis,

526 1341 674 1409 nisi
716 1341 879 1409 iure
910 1342 1026 1410 vel
1058 1343 1590 1412 consuetudine
1634 1343 1995 1427 peculiari
2031 1345 2177 1410 iam
2223 1344 2378 1412 alio
2407 1343 2905 1428 aequivalenti
2942 1343 3159 1410 modo
3192 1342 3538 1425 legitime

523 1448 759 1517 fuerit
797 1443 1173 1533 provisum
1211 1449 1259 1517 ¹.
2997 1479 3002 1482 ·

707 1556 741 1637 ξ
787 1556 855 1621 2.
905 1557 1119 1623 Citra
1151 1557 1638 1640 apostolicum
1670 1557 2072 1640 indultum,
2105 1559 2161 1625 ii
2190 1576 2238 1625 a
2274 1575 2574 1624 munere
2605 1554 3239 1624 administratoris
3274 1554 3533 1621 exclu-

527 1663 835 1744 duntur,
879 1665 1004 1747 qui
1044 1683 1210 1730 cum
1262 1665 1661 1732 Ordinario
1701 1666 1843 1733 loci
1884 1667 2124 1750 primo
2171 1666 2282 1734 vel
2328 1664 2646 1731 secundo
2685 1662 3361 1749 consanguinitatis
3403 1661 3534 1729 vel

528 1768 915 1838 affinitatis
961 1770 1197 1854 gradu
1238 1771 1618 1839 coniuncti
1664 1772 1841 1839 sint.

708 1878 742 1960 ξ
788 1877 855 1945 3.
907 1878 1080 1946 Loci
1130 1880 1574 1947 Ordinarius
1617 1881 1696 1946 in
1743 1880 2365 1947 administrativis
2431 1879 2721 1946 actibus
2799 1877 3101 1944 maioris
3168 1877 3532 1943 momenti

529 1985 939 2052 Consilium
971 1985 1644 2055 administrationis
1680 1988 1943 2055 audire
1974 2007 2064 2055 ne
2092 1987 2667 2071 praetermittat3
2699 1985 2922 2052 huius
2951 1989 3201 2052 tamen
3232 1983 3538 2050 sodales

524 2096 777 2160 votum
818 2094 1093 2162 habent
1123 2099 1419 2162 tantum
1458 2096 1981 2177 consultivum,
2017 2095 2162 2161 nisi
2205 2094 2366 2162 iure
2395 2093 2765 2161 communi
2800 2093 2877 2158 in
2911 2092 3206 2159 casibus
3244 2091 3532 2174 speciaae

525 2200 701 2267 liter
732 2202 1097 2285 expressis
1128 2203 1245 2269 vel
1278 2222 1365 2269 ex
1399 2202 1677 2270 tabulis
1710 2203 2177 2269 fundationis
2218 2220 2468 2269 eorum
2502 2217 2902 2267 consensus
2939 2200 3281 2283 exigatur
3325 2194 3380 2264 ¹.

701 2308 735 2390 ξ
782 2311 848 2374 4.
902 2309 1209 2378 Sodales
1240 2310 1461 2377 huius
1494 2310 1806 2378 Consilii
1839 2310 2356 2377 iusiurandum
2390 2309 2482 2376 de
2520 2326 2821 2375 munere
2859 2306 3041 2374 bene
3072 2323 3161 2373 ac
3201 2305 3534 2373 fideliter

527 2415 1001 2500 adimplendo
1023 2434 1273 2484 coram
1305 2417 1709 2486 ordinario
1732 2418 2107 2486 emittant.

1798 2575 1977 2643 cm.
2027 2576 2222 2643 1521.

707 2689 740 2772 ξ
789 2691 854 2754 1.
905 2688 1214 2758 Praeter
1256 2690 1392 2758 hoc
1431 2690 1945 2759 dioecesanum
1999 2692 2410 2761 Consilium
2453 2695 3153 2780 administrationis,
3211 2697 3536 2765 Ordina-

531 2795 689 2864 rius
741 2796 885 2864 loci
929 2797 1009 2863 in
1051 2797 1774 2867 administrationem
1821 2799 2178 2868 bonorum
2228 2817 2414 2886 quae
2456 2803 2553 2870 ad
2597 2803 2925 2888 aliquam
2979 2804 3361 2872 ecclesiam
3407 2806 3538 2874 vel

528 2903 769 2972 locum
798 2904 1004 2988 pium
1036 2905 1414 2989 pertinent
1440 2909 1519 2976 et
1550 2925 1640 2975 ex
1668 2907 1832 2975 iure
1865 2908 1982 2977 vel
2012 2908 2290 2978 tabulis
2318 2910 2787 2979 fundationis
2817 2931 3031 2980 suum
3072 2931 3217 2981 non
3250 2912 3540 2983 habent

524 3011 1231 3095 administratorem,
1295 3018 1633 3084 assumat
1694 3015 1896 3083 viros
1961 3019 2331 3101 providos,
2397 3020 2698 3087 idoneos
2741 3024 2816 3088 et
2867 3020 3041 3088 boni
3084 3022 3531 3098 testimonii,

527 3118 817 3204 quibus,
858 3120 1115 3204 elapso
1141 3121 1491 3197 triennio.
1525 3123 1715 3191 alios
1745 3123 2088 3207 sufficiat,
2132 3127 2278 3193 nisi
2310 3126 2636 3194 locorum
2674 3127 3282 3197 circumstantiae
3311 3129 3533 3198 aliud

526 3225 889 3294 suadeant
935 3226 989 3294 ⁸.

705 3332 739 3414 ξ
786 3331 852 3399 2.
902 3330 1114 3412 Quod
1154 3336 1219 3401 si
1258 3335 1472 3403 laicis
1510 3341 1764 3421 partes
1802 3339 2160 3426 quaedam
2201 3340 2280 3407 in
2327 3341 2974 3410 administratione
3012 3342 3372 3408 bonorum
3412 3360 3532 3410 ec-

524 3440 1110 3509 clesiasticorum
1154 3444 1264 3509 vel
1317 3463 1407 3511 ex
1454 3445 1787 3530 legitimo
1841 3446 2310 3515 fundationis
2356 3466 2482 3515 seu
2541 3448 2934 3517 erectionis
2982 3449 3209 3517 titulo
3266 3449 3386 3516 vel
3433 3469 3534 3517 ex

527 3546 910 3615 ordinarii
949 3549 1094 3617 loci
1139 3551 1527 3620 volunta-te
1562 3557 2014 3638 competant,
2058 3555 2539 3623 nihilominus
2580 3556 2925 3623 universa
2965 3555 3538 3625 administratio

527 3654 821 3723 nomine
845 3655 1222 3725 Ecclesiae
1247 3658 1407 3741 fiat,
1443 3678 1532 3728 ac
1561 3661 1765 3730 salvo
1799 3661 1963 3730 iure.
1988 3663 2372 3732 ordinarii
2406 3663 2787 3741 visitandi,
2819 3663 3534 3757 exigendirationes

524 3766 601 3830 et
630 3762 1179 3846 praescribendi
1213 3766 1506 3834 modum
1543 3767 2220 3839 administrationis
2261 3771 2308 3838 ⁴.

1792 3925 1971 3992 CAN.
2031 3924 2225 3991 1522.

699 4031 1117 4125 Antequam
1162 4032 1808 4101 administratores
1851 4032 2211 4101 bonorum
2253 4033 2942 4119 ecclesiasticorum,
2987 4036 3079 4105 de
3122 4037 3391 4122 quibus
3443 4038 3534 4105 in

523 4153 688 4203 can.
743 4135 939 4220 1521,
993 4156 1207 4204 suum
1250 4156 1520 4205 munus
1558 4140 1859 4207 ineant:

791 4246 888 4310 1.⁰
934 4246 1221 4315 Debent
1277 4266 1355 4315 se
1399 4247 1581 4316 bene
1627 4253 1702 4316 et
1746 4248 2068 4316 fideliter
2113 4250 2769 4317 administratums
2821 4268 3070 4319 coram
3118 4251 3532 4320 ordinario

524 4352 667 4420 loci
707 4353 824 4421 vel
858 4353 1138 4422 vicario
1175 4354 1484 4423 foraneo
1527 4355 2013 4423 iureiurando
2046 4374 2326 4438 cavere3
3155 4382 3158 4391 ·

782 4458 882 4525 2.⁰
925 4458 1100 4529 Fiat
1122 4467 1554 4529 accuratum
1586 4481 1673 4529 ac
1696 4464 2132 4531 distinctum
2160 4464 2683 4545 inventarium,
2714 4465 2809 4531 ab
2834 4464 3173 4532 omnibus
3204 4466 3526 4533 subscri·

524 4567 867 4641 bendum,
896 4586 1139 4637 rerum
1168 4570 1679 4651 immobilium,
1710 4590 1957 4638 rerum
1983 4572 2363 4639 mobilium
2394 4572 2887 4656 pretiosarum
2920 4571 3328 4640 aliarumve
3350 4590 3528 4639 cum

706 4772 728 4808 ¹
765 4772 830 4825 C.
861 4773 911 4831 4,
943 4772 994 4831 5,
1029 4773 1101 4823 D.
1135 4772 1425 4833 LXXXIX:
1449 4784 1499 4824 c.
1533 4772 1616 4834 21.
1647 4772 1730 4833 22,
1759 4772 1823 4825 C.
1854 4773 2008 4834 XVI,
2036 4786 2092 4835 q.
2126 4773 2176 4835 7:
2205 4773 2263 4826 S.
2295 4773 2361 4826 C.
2392 4772 2466 4825 de
2497 4773 2667 4834 Prop.
2709 4773 2872 4833 Fide.
2901 4773 3075 4827 instr.
3114 4773 3216 4832 (ad
3242 4775 3369 4826 Vlc.
3408 4775 3524 4836 Δρ.

529 4864 752 4915 Indiar.
784 4863 1056 4923 orient),
1087 4861 1121 4914 8
1157 4866 1303 4923 sept.
1335 4863 1483 4918 1889.
1513 4876 1570 4914 ιι.
1602 4864 1684 4925 27;
1723 4864 1892 4915 instr.
1939 4864 2041 4923 (ad
2071 4864 2196 4917 Vlc.
2230 4864 2337 4925 Ap.
2373 4862 2544 4924 Sim),
2578 4863 2643 4917 18
2671 4867 2784 4916 oet.
2817 4863 2967 4924 1883,
3000 4877 3058 4916 n.
3094 4864 3242 4916 XIV.

696 4955 724 4991 ²
772 4951 830 5006 S.
870 4953 936 5005 C.
966 4952 1044 5004 de
1077 4952 1246 5013 Prop.
1282 4953 1446 5014 Fide,
1480 4953 1650 5006 lustr.
1694 4954 1795 5012 (ad
1827 4953 1950 5006 Vic.
1986 4955 2093 5014 Δρ.
2130 4954 2353 5006 Indiar.
2392 4953 2665 5015 orient),
2707 4953 2741 5004 8
2770 4956 2916 5014 sept.
2948 4953 3099 5014 1889,
3130 4965 3189 5005 n.
3229 4953 3521 5017 2⁷31nstr.

536 5045 638 5103 (ad
668 5044 792 5096 Vlc.
828 5044 933 5104 Δρ.
979 5043 1150 5103 Sim),
1182 5042 1248 5094 18
1277 5047 1389 5095 oct.
1424 5042 1572 5104 1883,
1614 5056 1672 5095 ιι.
1711 5043 1861 5097 xlv.

696 5138 721 5175 ³
767 5134 831 5188 C.
861 5134 911 5194 2,
950 5135 1022 5185 ae
1054 5133 1349 5193 munionis
1377 5133 1665 5193 domibus,
1690 5138 1761 5185 ιιι
1789 5135 2057 5195 episcopo
2094 5135 2215 5186 sint
2245 5135 2563 5193 subiectae,
2598 5134 2715 5195 ΙΙΙ,
2748 5136 2832 5195 11,
2866 5135 2927 5185 ln
2956 5134 3159 5196 Clem.;
3187 5134 3361 5186 Cone.
3392 5134 3527 5187 Trl-

525 5226 707 5286 dent„
742 5237 886 5278 sess.
916 5224 1052 5285 VII,
1081 5226 1153 5276 de
1177 5226 1313 5285 ret..
1340 5235 1390 5277 c.
1420 5223 1503 5286 153
1536 5237 1680 5278 sess.
1713 5226 1882 5286 XXV.
1912 5227 1984 5277 aa
2011 5225 2147 5284 ret„
2174 5237 2224 5276 c.
2257 5225 2307 5277 8.

699 5321 727 5354 ⁴
766 5316 830 5368 C.
862 5317 912 5376 2,
944 5317 1016 5366 de
1046 5315 1339 5375 relictoue
1370 5306 1657 5375 domibus.
1697 5320 1761 5367 ut
1790 5315 2058 5375 episcopo
2087 5316 2209 5367 sint
2239 5316 2556 5376 subiectae,
2590 5315 2706 5376 ΙΙΙ,
2740 5317 2825 5376 11,
2864 5315 2928 5366 in
2956 5297 3159 5377 Clem.;
3185 5314 3360 5368 Cone.
3393 5315 3525 5367 Tri·

527 5407 708 5467 dent..
740 5418 884 5458 sess.
916 5405 1051 5467 VII,
1084 5409 1155 5457 de
1183 5408 1318 5467 ret..
1354 5417 1405 5458 c.
1437 5407 1520 5468 153
1544 5419 1691 5460 sess.
1722 5406 1904 5467 XXII,
1937 5409 2008 5458 ae
2036 5408 2172 5467 ret„
2204 5419 2254 5459 c.
2287 5409 2337 5470 ος
2374 5420 2517 5459 sess.
2545 5406 2747 5467 XXIV,
2780 5407 2851 5457 de
2878 5406 3015 5466 ret„
3044 5417 3095 5457 c.
3127 5406 3177 5468 3;
3207 5404 3265 5458 S.
3306 5404 3374 5458 C.
3408 5406 3518 5467 En.

526 5495 588 5545 et
626 5494 789 5556 neg..
822 5494 1080 5553 Lucana.
1112 5497 1176 5548 11
1206 5497 1354 5548 febr.
1387 5495 1537 5556 18³2,
1569 5495 1649 5549 ad
1685 5498 1737 5547 1.
