3753 5871
561 128 674 188 6oe
1705 134 1904 185 coam
1941 133 2103 185 liu-u
2151 135 2433 186 omo-ici

729 319 783 444 ,ς
830 321 897 388 2.
940 321 1087 402 Qui
1121 325 1368 406 potest
1400 340 1448 388 a
1479 322 1638 406 lege
1682 322 2024 405 eximere,
2059 327 2310 407 potest
2345 341 2630 409 quoque
2668 342 2975 410 poenam
3012 324 3160 409 legi
3196 324 3544 394 adnexam

571 430 1180 616 remlgfgfeiudex
1224 537 1352 622 qui
1388 556 1479 606 ex
1517 487 1754 606 officio
1799 539 2132 623 applicat
2171 557 2481 625 poenam
2523 559 2568 608 a
2611 540 3005 625 Superiore
3038 540 3545 619 constitutam,

566 658 726 708 eam
773 643 996 710 semel
1031 643 1484 727 applicatam
1521 645 1899 716 remittere
1933 647 2214 734 nequit.

1827 854 1984 922 CAN
2061 851 2258 923 2237.

741 994 776 1077 ξ
824 996 891 1061 1.
941 995 1034 1062 In
1079 994 1378 1065 casibus
1422 996 1741 1081 publicis
1791 1000 2040 1082 potest
2084 995 2530 1064 ordinarius
2577 1014 2850 1082 poenas
2895 996 3094 1064 latae
3144 995 3549 1066 sententiae
3632 989 3633 1064 ζ

565 1099 728 1169 iure
763 1103 1136 1170 communi
1171 1106 1501 1172 statutas
1537 1104 1940 1187 remittere,
1984 1104 2354 1189 exceptis:
3632 1117 3633 1126 ¹

826 1211 924 1275 1.·
967 1208 1284 1277 Casibus
1318 1210 1409 1278 ad
1454 1211 1700 1279 forum
1736 1212 2280 1279 contentiosum
2328 1211 2688 1294 deductis3

832 1317 931 1383 2.⁰
975 1319 1330 1387 censuris
1364 1320 1538 1388 Sodi
1567 1320 2040 1404 Apostolicae
2072 1320 2488 1404 reservatis3

831 1426 931 1493 3.⁰
975 1425 1245 1495 Poenis
1281 1427 1780 1495 inhabilitatis
1815 1428 1911 1495 ad
1948 1427 2323 1510 beneficia,
2364 1426 2624 1511 officia,
2661 1427 3088 1511 dignitates,
3130 1444 3453 1494 munera
3480 1427 3547 1494 in

570 1533 932 1616 Ecclesia,
972 1550 1217 1601 vocem
1259 1535 1579 1602 activam
1627 1540 1705 1603 et
1744 1535 2113 1619 passivam
2155 1553 2496 1603 eorumve
2534 1534 3001 1619 privationis,
3046 1536 3548 1620 suspensionis

570 1644 996 1726 perpetuae,
1039 1642 1394 1709 infamiae
1435 1642 1649 1725 iuris,
1694 1642 2140 1726 privationis
2180 1643 2369 1710 iuris
2410 1647 2853 1728 patronatus
2892 1646 2971 1711 et
3005 1642 3396 1729 privilegii
3436 1660 3543 1710 seu

572 1749 861 1833 gratiae
889 1769 936 1816 a·
967 1749 1151 1817 Sede
1180 1750 1610 1832 Apostolica
1647 1767 2034 1817 concessae
2073 1748 2122 1815 ².

752 1857 786 1939 §
833 1858 899 1923 2.
951 1858 1043 1923 In
1088 1857 1384 1924 casibus
1426 1875 1603 1925 vero
1646 1856 1985 1938 occultis,
2036 1856 2251 1925 firmo
2294 1860 2754 1944 praescripto
2797 1878 2961 1926 can.
3009 1859 3187 1926 2254
3232 1864 3320 1929 et
3361 1859 3540 1943 229⁰,

564 1967 811 2050 potest
845 1963 1291 2032 Ordinarius
1335 1981 1610 2048 poenas
1643 1963 1842 2031 latae
1880 1964 2292 2033 sententiae
2326 1965 2490 2033 iure
2531 1967 2901 2034 communi
2938 1970 3275 2036 statutas
3314 1987 3451 2053 per
3487 1987 3549 2035 se

562 2071 681 2140 vel
713 2090 845 2157 per
870 2071 1101 2139 alium
1133 2072 1534 2154 remittere,
1567 2072 1894 2157 exceptis
1920 2072 2255 2141 censuris
2285 2073 2814 2158 specialissimo
2845 2076 2963 2144 vel
2999 2075 3318 2160 speciali
3356 2076 3551 2144 modo

564 2178 739 2247 Sedi
777 2178 1251 2262 Apostolicae
1290 2178 1684 2247 reservatis
1722 2178 1772 2243 ².

1836 2321 2015 2389 om.
2066 2321 2263 2390 2238.

734 2457 1025 2528 Poenae
1063 2459 1422 2541 remissio,
1456 2460 1530 2526 vi
1560 2465 1695 2528 aut
1725 2464 1923 2529 metu
1958 2463 2169 2546 gravi
2202 2465 2519 2546 extorta,
2553 2463 2718 2548 ipso
2755 2463 2917 2530 iure
2946 2462 3169 2530 irrita
3200 2467 3328 2532 est
3355 2460 3409 2527 ⁸.

1828 2671 2007 2739 om.
2055 2671 2252 2740 2239.

746 2813 781 2897 ὅ
828 2815 894 2880 1.
945 2813 1190 2882 Poena
1230 2814 1475 2883 valide
1524 2814 1806 2882 remitti
1846 2818 2096 2900 potest
2140 2815 2515 2899 praesenti
2555 2815 2674 2883 vel
2714 2814 3028 2897 absenti,
3069 2814 3420 2882 absolute
3453 2810 3544 2878 vel

569 2923 707 2990 sub
744 2921 1193 3006 conditione,
1226 2923 1307 2990 in
1341 2924 1511 2992 foro
1538 2928 1845 2992 externo
1873 2923 1989 2992 vel
2024 2923 2323 2992 interno
2352 2927 2672 2992 tantum.

744 3029 779 3113 ξ
824 3030 892 3096 2.
942 3031 1149 3099 Licet
1211 3049 1450 3117 poena
1511 3031 1737 3100 etiam
1809 3037 2156 3101 oretenus
2221 3032 2501 3100 remitti
2578 3032 2838 3116 possit,
2884 3031 2950 3099 si
2990 3033 3246 3099 tamen
3291 3030 3541 3114 scripto

572 3136 858 3206 inflicta
896 3138 1154 3221 fuerit,
1188 3138 1485 3223 expedit
1521 3143 1606 3208 ut
1636 3142 1859 3207 etiam
1893 3139 2055 3209 eius
2091 3140 2426 3208 remissio
2457 3139 2760 3224 scriptis
2797 3138 3280 3208 concedatur.

1843 3353 2019 3421 om.
2069 3352 2267 3420 2240.

523 3572 532 3582 ‚
739 3493 858 3562 Ad
912 3493 1569 3578 praescriptionem
1613 3494 1933 3562 actionis
1976 3494 2310 3579 poenalis
2352 3494 2545 3579 quod
2599 3495 2900 3577 attinet,
2946 3495 3294 3561 servetur
3336 3491 3532 3575 dispo

574 3599 751 3668 sitio
783 3617 948 3668 can.
998 3599 1194 3668 1703.

664 3947 668 3950 y
754 3885 777 3921 ¹
814 3883 880 3937 Ο.
921 3885 973 3946 4,
1002 3884 1071 3945 X,
1105 3885 1177 3935 ae
1214 3882 1472 3943 iudiciis,
1509 3883 1592 3944 11,
1624 3886 1676 3946 1:
1702 3895 1753 3935 c.
1785 3883 1835 3944 2,
1866 3884 1933 3945 X,
1970 3885 2040 3935 de
2075 3882 2431 3944 rapior-ibus,
2465 3880 2847 3935 incendiariis
2881 3887 2941 3936 ei
2971 3881 3371 3935 violatoribus
3399 3879 3532 3931 οων·

578 3974 823 4034 mrum,
856 3975 927 4037 V,
958 3974 1041 4037 17:
1072 3986 1124 4026 c.
1158 3974 1210 4034 2.
1240 3974 1307 4035 X,
1350 3975 1422 4025 ac
1452 3974 1749 4025 sententio
1779 3973 2421 4033 oecommunioationie,
2456 3973 2525 4035 V,
2555 3973 2639 4035 89:
2671 3972 3017 4026 Pontificale
3047 3972 3249 4034 Rom..
3287 3974 3381 4026 ut.
3416 3968 3530 4023 ordo

577 4066 1002 4130 amantionis,
1038 4064 1556 4124 νοουοιοαίαείοπίο,
1597 4064 2001 4127 depositionis,
2049 4065 2527 4126 disponsationis,
2566 4064 3025 4125 damantionis,
3072 4067 3134 4116 ot
3170 4060 3529 4116 miii-iiam

576 4166 881 4209 mororum
912 4154 1202 4204 ordinum.

749 4251 777 4288 ⁸
817 4246 884 4299 O.
920 4246 972 4305 4,
1001 4245 1070 4305 X,
1102 4246 1174 4296 de
1206 4244 1448 4296 crimine
1476 4244 1643 4305 talei,
1683 4245 1752 4305 V,
1784 4245 1865 4306 203
1903 4245 2077 4297 Cone.
2113 4245 2402 4305 Trident„
2434 4255 2579 4297 sess.
2613 4245 2812 4305 XXIV,
2855 4243 2928 4295 de
2958 4244 3093 4303 res..
3124 4253 3177 4294 c.
3211 4244 3271 4306 o:
3302 4244 3435 4294 Plus
3457 4237 3525 4291 11.

577 4340 764 4391 const.
803 4351 836 4388 ι
870 4334 1243 4397 Aminneae
1279 4334 1451 4386 Sedis
1488 4349 1537 4396 »,
1573 4335 1640 4388 12
1672 4339 1786 4388 oct.
1818 4334 1967 4398 180&
2013 4335 2073 4388 S.
2106 4335 2170 4388 O.
2207 4335 2265 4388 S.
2299 4334 2438 4396 off..
2477 4334 2632 4387 decr.
2673 4334 2738 4386 27
2776 4334 2899 4386 lun.
2948 4332 3095 4395 18⁰&
3134 4331 3195 4385 8.
3233 4334 3305 4387 C.
3334 4333 3415 4390 0..
3454 4327 3524 4379 0⁰·

573 4437 894 4483 Μωυσῆ..
925 4427 959 4477 4
987 4424 1112 4477 dec.
1144 4424 1290 4487 16323
1326 4424 1385 4476 Β.
1428 4425 1676 4486 poenit..
1708 4425 1741 4477 δ
1778 4425 1903 4478 dec.
1940 4425 2087 4479 1878.

751 4521 778 4557 ⁸
820 4516 886 4570 0.
920 4517 972 4576 5,
1003 4517 1070 4576 Χ,
1108 4517 1179 4565 de
1212 4514 1433 4576 reculis
1466 4514 1635 4575 iuris,
1671 4516 1741 4578 V,
1773 4518 1855 4579 413
1885 4527 1935 4567 c.
1979 4529 2103 4577 un..
2141 4516 2212 4568 de
2243 4515 2341 4575 iis,
2380 4526 2529 4575 quoe
2571 4518 2633 4567 vi
2664 4518 2929 4566 mrum
2971 4524 3157 4565 cam
3190 4514 3367 4574 mni,
3398 4511 3439 4569 1,
3465 4505 3518 4561 Ἀ.

578 4608 642 4659 ln
669 4607 796 4670 V1⁰;
826 4606 968 4669 Rea.
1000 4606 1085 4666 04,
1121 4606 1191 4657 R.
1234 4606 1315 4665 J„
1348 4606 1413 4657 ln
1449 4605 1578 4659 V10.
