3753 5871
1498 329 1862 380 Documento
3077 327 3186 385 713

1412 727 1754 810 Docmu.
1812 725 1964 807 VI.

400 921 514 992 Ex
561 921 1153 992 Constitutione
1201 921 1426 991 Pauli
1474 921 1631 990 PP.
1677 922 1764 990 111
1818 949 1847 983 ‹
1886 922 2248 991 Altitudo
2285 949 2344 1003 »,
2403 940 2429 989 1
2490 922 2682 991 lunii
2741 940 2964 1008 1537.

378 1179 504 1196 .....
547 1134 726 1198 Sane
750 1151 905 1196 cum
935 1134 1141 1212 sicut,
1179 1151 1315 1197 non
1344 1134 1490 1198 sine
1518 1135 1763 1213 grandi
1794 1139 1868 1197 et
1897 1133 2251 1212 spirituali
2288 1135 2539 1198 mentis
2568 1140 2849 1198 nostrae
2878 1135 3173 1214 laetitia,

189 1240 600 1319 accepimus,
637 1241 1074 1320 quamplures
1106 1241 1372 1304 incolae
1406 1241 1851 1304 occidentalis
1886 1247 1958 1305 et
1989 1241 2461 1304 meridionalis
2496 1242 2762 1321 Indiae,
2803 1244 2968 1307 licet
3007 1243 3174 1307 divi·

189 1365 319 1414 nae
353 1350 502 1412 siut
535 1347 709 1427 legis
745 1354 1083 1427 expertes,
1120 1350 1191 1412 Β.
1233 1350 1501 1428 Spiritu
1536 1354 1765 1413 tamen
1798 1353 2233 1427 cooperante,
2269 1349 2635 1428 illustrati,
2679 1366 2972 1429 errores,
3009 1368 3181 1429 quos

191 1459 523 1520 haetenus
560 1458 1034 1533 observarunt,
1075 1459 1351 1536 penitus
1397 1458 1483 1519 ab
1520 1474 1752 1520 eorum
1793 1458 2138 1520 mentibus
2178 1462 2252 1521 et
2286 1458 2609 1521 cordibus
2654 1458 3056 1537 abiecerint,
3093 1477 3177 1522 ae

192 1564 348 1627 fidei
372 1563 755 1626 catholicae
777 1564 1135 1627 veritatem
1164 1568 1236 1627 et
1265 1565 1336 1627 S.
1365 1563 1711 1628 Ecclesiae
1729 1565 2071 1628 unitatem
2099 1562 2447 1643 amplecti,
2468 1569 2542 1628 et
2568 1566 2938 1628 secundum
2964 1567 3176 1629 ritum

186 1671 491 1734 eiusdem
528 1653 880 1734 Romanae
909 1670 1257 1735 Ecclesiae
1292 1672 1516 1736 vivere
1550 1672 1942 1736 desiderent
1975 1677 2048 1736 et
2082 1678 2473 1750 proponant
2478 1718 2629 1736 ......
2675 1673 2900 1752 Super
2942 1691 3175 1737 eorum

188 1795 350 1841 vero
395 1778 857 1841 matrimoniis
914 1777 1039 1840 hoc
1088 1779 1583 1842 observandum
1632 1779 2082 1858 decernimus,
2145 1784 2225 1843 ut
2286 1781 2405 1858 qui
2456 1785 2619 1844 ante
2668 1782 3173 1845 conversionem

187 1887 424 1964 plures
468 1887 668 1949 iuxta
703 1885 937 1949 eoru'm
982 1903 1204 1950 mores
1243 1886 1584 1950 habebant
1621 1905 1892 1965 uxores,
1931 1892 2002 1951 et
2038 1904 2174 1951 non
2215 1889 2669 1952 recordantur
2703 1907 2906 1967 quam
2955 1890 3178 1968 primo

186 1994 603 2071 acceperint,
650 1993 958 2056 conversi
1006 1994 1094 2056 ad
1144 1994 1368 2072 fldem,
1415 2012 1622 2057 unam
1677 2013 1759 2059 ex
1803 1995 1951 2057 illis
1996 1995 2368 2074 accipiant,
2428 2013 2629 2074 quam
2675 1998 3043 2071 voluerint,
3094 2000 3179 2060 ut

184 2117 342 2162 cum
376 2118 459 2163 ea
484 2100 998 2163 matrimonium
1024 2102 1440 2164 contrabant
1471 2119 1596 2180 per
1619 2103 1825 2165 verba
1849 2104 1935 2166 de
1968 2105 2339 2183 praesenti,
2370 2109 2451 2167 ut
2476 2105 2691 2167 moris
2716 2108 2844 2182 est;
2872 2105 2989 2182 qui
3017 2121 3175 2168 vero

186 2208 643 2271 recordantur
679 2225 881 2285 quam
917 2208 1137 2286 primo
1167 2209 1580 2287 acceperint,
1611 2210 1773 2273 aliis
1803 2209 2133 2290 dimissis.
2167 2229 2315 2274 eam
2350 2211 2717 2275 retineant.
2755 2214 2859 2274 Ac
2890 2212 2991 2274 eis
3019 2229 3173 2275 con·

185 2315 515 2391 cedimus,
577 2318 660 2377 ut
703 2315 1052 2377 coniuncti
1111 2315 1320 2378 etiam
1380 2316 1453 2377 in
1502 2317 1711 2379 tertio
1759 2316 1979 2395 gradu
2039 2321 2182 2380 tam
2230 2318 2919 2397 consanguineitatis,
2969 2336 3171 2397 quam

185 2422 574 2500 affinitatis,
627 2439 763 2484 non
805 2421 1262 2485 excludantur
1301 2441 1346 2485 a
1394 2425 1855 2487 matrimoniis
1893 2424 2382 2488 contrahendis
2425 2426 2636 2490 donec
2688 2426 2846 2489 huic
2893 2426 2963 2488 S.
3014 2426 3173 2491 Sedi

186 2546 397 2608 snper
435 2529 561 2591 hoc
599 2528 788 2593 aliud
828 2530 1049 2593 visum
1087 2530 1304 2593 fuerit
1340 2531 1780 2595 statuendum
1787 2577 1914 2595 .....

1387 3105 1729 3187 DOCUM.
1785 3101 1980 3184 VII.

256 3296 751 3367 constitutio
796 3295 875 3365 S.
909 3294 1030 3407 Pii
1077 3296 1234 3365 ΡΡ.
1267 3297 1331 3365 V
1384 3324 1414 3358 ‹
1452 3295 1788 3375 Romani
1830 3295 2261 3365 Pontinas
2297 3322 2356 3377 ι,
2396 3311 2444 3363 2
2486 3294 2826 3382 Augusti
2869 3312 3011 3378 157
3029 3312 3093 3363 ι.

372 3525 662 3587 Romani
699 3524 1059 3587 Pontificis
1090 3541 1307 3602 aequa
1350 3528 1422 3587 et
1456 3524 1952 3602 circumspecta
2006 3522 2464 3611 providentia,
2531 3540 2615 3587 ne
2672 3539 2753 3585 ea
2809 3539 2982 3600 quae
3047 3539 3174 3602 pro

177 3632 452 3696 salubri
498 3631 827 3695 Indorum
870 3632 1137 3694 noviter
1178 3631 1267 3693 ad
1312 3631 1511 3694 fidem
1555 3647 2032 3694 conversorum
2077 3630 2453 3693 directione
2508 3629 2763 3692 sanciri
2807 3630 3057 3693 debent
3100 3633 3172 3692 et

180 3740 572 3857 terminari,
617 3739 915 3802 alicuius
950 3740 1432 3802 haesitationis
1468 3738 1790 3818 scrupulo
1826 3739 2250 3817 subiaceant,
2288 3738 2872 3801 declarationibus
2906 3741 2978 3801 et
3007 3738 3174 3800 aliis

174 3827 598 3927 opportunis
633 3847 985 3909 consuevit
1022 3845 1376 3925 providere
1419 3847 1758 3909 remediis.
1798 3845 1970 3908 Cum
2010 3847 2267 3923 itaque,
2308 3846 2488 3909 sicut
2524 3846 2933 3922 accepimus,
2973 3845 3171 3908 Indis

176 3957 253 4017 in
306 3970 431 4015 sua
481 3953 895 4016 infidelitate
937 3953 1372 4016 manentibus
1424 3954 1658 4032 plures
1711 3954 2206 4031 permittantur
2246 3969 2518 4032 uxores,
2566 3969 2738 4031 quas
2778 3953 2916 4031 ipsi
2958 3953 3169 4017 etiam

175 4061 548 4125 levissimis
583 4062 666 4124 de
701 4062 930 4123 causis
961 4061 1353 4140 repudiant,
1387 4062 1545 4124 hinc
1582 4061 1845 4124 factum
1875 4065 1983 4124 est
2015 4061 2194 4138 quod
2234 4060 2724 4139 recipientibus
2753 4061 3169 4139 baptismum

177 4168 590 4249 permissum
639 4169 734 4231 sit
776 4185 1170 4246 permanere
1222 4186 1376 4231 cum
1431 4186 1511 4231 ea
1556 4185 1789 4247 uxore,
1846 4185 2019 4246 quae
2067 4167 2271 4230 simul
2315 4184 2467 4229 cum
2513 4168 2765 4231 marito
2812 4168 3166 4247 baptizata

173 4276 444 4353 existit3
474 4281 547 4340 et
585 4276 744 4353 quia
779 4293 1264 4354 saepenumero
1295 4275 1637 4355 contingit
1667 4274 1860 4337 illam
1895 4291 2030 4337 non
2067 4292 2213 4339 esse
2248 4276 2537 4353 primam
2570 4276 2949 4354 coniugem,
2974 4276 3167 4338 unde

177 4389 326 4447 tam
376 4383 682 4445 ministri
725 4400 927 4460 quam
979 4384 1303 4461 Episcopi
1354 4383 1780 4462 gravissimis
1821 4382 2165 4460 scrupulis
2211 4386 2645 4461 torquentur,
2690 4382 3166 4445 existimantes

176 4492 359 4554 illud
387 4508 523 4553 non
551 4508 699 4553 esse
725 4507 955 4552 verum
991 4491 1522 4568 matrimonium
1554 4491 1670 4554 sed
1698 4490 1865 4568 quia
1897 4489 2339 4553 durissimum
2368 4495 2551 4555 esset
2586 4507 2908 4568 separare
2936 4508 3051 4553 eos
3078 4490 3166 4553 ab

176 4598 534 4676 uxoribus,
573 4574 728 4660 cnm
763 4598 1010 4676 quibus
1044 4598 1178 4676 ipsi
1217 4599 1372 4661 Indi
1411 4600 1826 4677 baptismum
1864 4602 2334 4676 susceperunt,
2374 4598 2667 4662 maxime
2711 4597 2873 4675 quia
2908 4597 3166 4659 diflicil-

175 4708 419 4768 limum
457 4706 643 4768 foret
682 4689 971 4784 primam
1015 4706 1366 4785 coniugem
1407 4706 1744 4783 reperire:
1791 4706 1947 4769 ideo
1986 4706 2152 4783 Nos,
2195 4706 2415 4768 statui
2453 4703 2794 4767 dictorum
2836 4703 3165 4767 Indorum

171 4818 472 4893 paterno
521 4812 775 4921 affectu
829 4813 1116 4891 benigne
1173 4811 1548 4891 consulere,
1601 4817 1807 4891 atque
1868 4814 2057 4891 ipsos
2116 4812 2495 4890 Episcopos
2542 4816 2615 4876 et
2659 4811 3020 4873 ministros
3076 4812 3165 4873 ab

169 4921 571 4983 huiusmodi
601 4919 946 4999 scrupulis
968 4920 1260 4985 eximere
1278 4920 1605 5000 volentes,
1634 4924 1823 4983 motu
1849 4920 2129 4998 proprio
2148 4923 2222 4983 et
2246 4937 2329 4982 ex
2352 4924 2545 4984 certa
2566 4919 2857 4983 scientia
2883 4918 3160 4997 Nostra,

164 5046 258 5091 ac
302 5026 727 5107 apostolicae
771 5028 1140 5106 potestatis
1177 5027 1627 5106 plenitudine,
1676 5032 1757 5091 ut
1797 5028 1983 5106 Indi,
2026 5027 2122 5090 sic
2161 5031 2244 5089 nt
2278 5026 2755 5105 praemittitur
2798 5025 3161 5104 baptizati,

163 5136 350 5201 etin
377 5135 693 5197 tuturum
721 5134 1144 5213 baptizandi,
1173 5153 1326 5197 cum
1357 5153 1591 5210 uxore,
1621 5152 1793 5214 quae
1818 5152 1975 5198 cum
2009 5135 2183 5213 ipsis
2210 5134 2427 5197 fuerit
2453 5133 2809 5212 baptizata
2837 5137 2911 5197 et
2939 5133 3159 5211 bapti-

162 5243 475 5315 zabitur,
505 5258 854 5306 remanere
879 5241 1179 5319 valeant,
1206 5248 1535 5321 tanquam
1558 5261 1713 5306 cum
1740 5261 1953 5306 uxore
1979 5242 2311 5321 legitima,
2341 5242 2505 5304 aliis
2537 5241 2865 5319 dimissis,
2892 5244 3162 5320 aposto·

166 5351 313 5413 lica
341 5349 786 5429 auctoritate,
818 5353 1055 5413 tenore
1087 5350 1574 5428 praesentium,
1608 5349 2061 5427 declaramus,
2093 5349 2738 5427 matrimoniumque
2770 5347 3158 5411 huiusmodi

158 5461 361 5520 inter
391 5475 511 5521 eos
547 5458 850 5537 legitime
878 5457 1253 5522 consistere
1283 5461 1413 5520 etc.
