3753 5871
396 66 506 126 7oe
868 67 1045 127 Prof-
1053 69 1231 126 Pron

395 255 754 324 [Professum
1764 267 1771 271 ’

521 335 555 403 5
584 342 635 399 2,
680 350 796 389 non
828 350 961 389 vero
992 336 1066 388 ab
1097 350 1165 389 eo
1201 336 1300 403 qui
1341 334 1658 389 transitad
1687 334 1845 388 aliud

521 417 924 470 monasterium
977 417 1230 470 eiusdem
1284 415 1530 478 Ordinis,
1575 418 1675 470 633
1712 415 1746 483 5
1776 418 1841 477 3,

519 496 755 550 effectus
775 496 1142 564 professionis
1163 496 1450 549 sollemnis
1464 496 1617 563 quod
1636 496 1845 554 attinet

516 578 594 631 ad
616 577 1065 640 matrimonium,
1091 578 1241 639 1119,
1265 578 1536 644 professio
1555 576 1845 630 sollemnis

519 673 595 711 an
630 657 945 725 aliquando
975 658 1075 711 flat
1104 657 1366 725 simplex,
1403 658 1526 719 δῶ,
1561 656 1688 711 vide
1719 657 1844 710 liul-

518 741 651 792 litas
679 739 1066 805 professionis
1098 738 1430 805 relioiosae.

395 820 765 873 Prohibe-tes
796 819 927 872 vide
964 821 1351 885 impedientes.

394 901 733 953 Prohibitioz
770 900 1001 952 ineundi
1024 902 1241 952 certum
1268 898 1693 952 matrimonium
1716 896 1845 950 vide

519 980 760 1033 voutam
781 981 1087 1046 Bedesiseg
1110 980 1410 1032 exercendi
1431 993 1659 1032 sacrum
1681 977 1848 1030 mini-

523 1061 766 1113 sterium
811 1059 900 1112 vei
946 1059 1221 1127 fungendi
1268 1061 1466 1127 aiiquo
1517 1059 1699 1113 officio
1753 1056 1846 1111 vel

518 1141 747 1207 publice
778 1140 1078 1194 accedendi
1109 1141 1184 1193 ad
1205 1141 1674 1202 communionem,
1701 1139 1842 1202 1956,

521 1221 663 1284 1958,
695 1220 825 1273 2222
853 1220 887 1288 5
917 1221 967 1272 2.

394 1329 457 1340 -
477 1301 749 1355 librorum
782 1301 912 1354 vide
942 1304 1117 1355 Libri.

395 1382 618 1436 Proles:
656 1382 1133 1452 susciplxendaest
1153 1382 1284 1435 flnis
1319 1383 1621 1449 primarius
1654 1381 1846 1435 matri·

520 1463 712 1524 monii,
734 1462 858 1516 1013
872 1463 980 1528 51,
1004 1463 1131 1515 eius
1153 1463 1418 1515 educatio
1439 1464 1843 1529 gravissimum

516 1541 767 1595 officium
789 1544 1112 1610 parentum,
1133 1543 1423 1609 1¹13(vide
1438 1545 1702 1597 Educatio
1718 1557 1845 1609 pro·

517 1623 610 1688 iis,
657 1625 948 1686 Parentes,
989 1624 1149 1690 etc.);
1198 1624 1302 1691 qui
1351 1624 1563 1690 prolem
1609 1623 1842 1684 habent,

516 1703 689 1755 etiam
719 1703 1056 1770 legitimam,
1079 1705 1349 1756 arcentur
1379 1719 1415 1756 a
1448 1717 1686 1757 munere
1716 1703 1845 1757 Car-

517 1782 826 1845 dinalatus,
848 1782 947 1838 232
977 1784 1063 1851 52
1095 1798 1152 1837 ιι.
1177 1784 1235 1845 2,
1268 1784 1341 1836 de
1369 1784 1709 1837 ineuntibus
1729 1797 1844 1836 ma-

515 1863 850 1916 trimonium
903 1877 1036 1916 cum
1086 1866 1248 1930 pacto
1300 1864 1582 1917 educandi
1627 1862 1842 1931 prolem

517 1945 679 1996 extra
712 1945 1040 2011 religionem
1063 1944 1421 2006 catholicam,
1442 1945 1570 1999 2319
1591 1945 1624 2013 5
1652 1946 1676 1997 1
1713 1961 1768 1997 ιι.
1789 1944 1841 2006 2,

514 2025 620 2075 aut
651 2025 990 2090 parentibus
1021 2024 1107 2077 ita
1127 2038 1248 2076 eam
1282 2025 1684 2087 educantibus,
1715 2026 1844 2079 2319

517 2102 588 2170 51
608 2117 666 2156 ιι.
680 2103 737 2164 4,
758 2105 884 2157 vide
901 2106 1626 2171 Legitimmssaegitimtio
1645 2107 1841 2171 prolis.

393 2186 723 2238 Pronissio:
760 2186 1134 2238 matrimonii
1169 2186 1299 2238 vide
1330 2188 1637 2252 sponsalis.

394 2292 455 2301 —
483 2265 665 2330 officii
710 2265 1097 2318 ecclesiastici
1133 2266 1204 2319 de
1241 2266 1370 2319 iure
1406 2281 1521 2319 non
1564 2266 1839 2328 vacantis,

389 2425 708 2479 Promotou
744 2425 886 2491 fidoi
917 2428 1077 2478 extra
1110 2426 1165 2479 S.
1201 2427 1732 2494 congregationemx
1774 2427 1837 2478 in

516 2509 714 2559 causis
750 2508 1100 2558 Sanctorum
1136 2517 1366 2564 semper
1402 2507 1608 2556 adesse
1644 2505 1839 2621 debeis

518 2577 654 2628 2010
789 2578 844 2634 1,
1818 2608 1832 2628 .

519 2645 656 2695 2040
691 2579 811 2712 55&
850 2644 981 2694 eius
1013 2643 1282 2700 officium,
1316 2643 1469 2698 2012,
1505 2643 1659 2699 2024,
1696 2576 1830 2692 {031

516 2725 570 2763 n.
605 2713 653 2768 2.
687 2713 840 2770 2046,
873 2713 1025 2768 2051.
1057 2713 1210 2769 2055.
1242 2712 1405 2769 2059,
1446 2712 1617 2770 quale
1652 2711 1842 2760 iusiu-

520 2782 770 2832 randum
812 2784 1115 2839 praestare
1156 2780 1381 2836 debeat,
1423 2780 1558 2831 2037
1600 2782 1628 2846 5
1671 2782 1717 2830 1.

906 2577 1034 2624 eius
1085 2573 1451 2631 constitutio,
1508 2575 1643 2624 2011

386 2931 450 2942 —
482 2903 544 2956 in
577 2903 633 2954 S.
668 2903 1146 2972 congregatione:
1180 2919 1404 2972 semper
1435 2906 1606 2959 etiam
1637 2906 1838 2960 adesse

513 2983 698 3045 debet,
752 2985 881 3037 mio
932 2984 964 3051 5
1000 2985 1045 3046 1,
1101 2985 1312 3039 dicitur
1363 2987 1656 3040 Promotor
1707 2987 1836 3040 fldei

508 3065 809 3132 generalis,
842 3065 970 3117 mio
1001 3065 1033 3132 5
1064 3065 1122 3127 2,
1158 3067 1286 3119 eius
1317 3067 1678 3128 constitutiO,
1711 3067 1835 3120 mli

510 3144 543 3211 5
578 3145 637 3206 2,
687 3146 817 3198 eius
866 3143 1131 3208 officium,
1183 3146 1311 3198 m
1347 3148 1452 3213 51,
1495 3146 1639 3207 wo,
1688 3146 1833 3210 mn,

506 3224 651 3285 2078,
690 3224 834 3285 wo,
878 3224 1022 3286 meo,
1062 3225 1190 3278 m
1232 3227 1381 3293 552,
1420 3229 1469 3288 3,
1509 3227 1832 3290 memmi»,

508 3304 635 3357 m
667 3318 724 3357 n.
762 3304 812 3364 2,
855 3305 984 3359 2103
1022 3305 1054 3372 5
1086 3307 1135 3367 3,
1169 3306 1297 3357 2110
1343 3307 1376 3373 5
1407 3306 1465 3368 2,
1509 3306 1681 3372 quale
1725 3308 1836 3359 ius-

507 3384 816 3437 iurandum
849 3387 1138 3451 praestare
1171 3386 1394 3447 debeat,
1425 3387 1551 3441 2037
1582 3385 1616 3453 5
1647 3386 1698 3439 5.

473 3466 746 3517 iustitiae
787 3466 1227 3519 constituendus
1268 3467 1329 3519 in
1372 3467 1615 3520 dioecesi
1659 3468 1719 3519 et
1759 3467 1834 3519 ad

506 3545 667 3612 quid,
709 3546 851 3607 1586,
884 3549 943 3599 et
975 3547 1145 3599 etiam
1182 3548 1243 3600 in
1279 3547 1554 3613 reiigione
1584 3546 1833 3601 clericali

505 3629 769 3691 exempta
797 3641 900 3693 pro
937 3640 1111 3679 causa
1142 3627 1491 3680 dimissionis
1531 3628 1766 3693 professi
1797 3642 1835 3680 a

507 3708 655 3759 votis
704 3708 1016 3774 perpetuis,
1057 3707 1155 3759 655
1190 3708 1223 3775 5
1255 3708 1317 3769 2,
1362 3708 1665 3774 quomodo,
1709 3706 1835 3760 1588

504 3787 537 3854 5
574 3787 633 3847 2,
684 3788 922 3853 quinam
976 3786 1297 3853 eligendus,
1350 3789 1491 3849 1589,
1544 3788 1669 3840 1588
1719 3787 1829 3854 51,

503 3865 868 3932 quandonam
892 3880 927 3918 a
951 3880 1188 3925 munere
1207 3868 1521 3921 exercendo
1542 3868 1832 3920 abstinere

504 3946 727 4007 debeat,
764 3947 889 4001 1613
918 3945 1029 4013 52,
1065 3949 1205 4013 quid
1237 3948 1288 4001 si
1320 3950 1619 4001 recusetur
1650 3950 1717 4001 ut
1737 3960 1834 4000 su·

502 4029 751 4092 spectus,
809 4028 933 4079 1614
985 4026 1017 4093 5
1056 4030 1115 4088 3,
1170 4042 1246 4080 an
1300 4029 1485 4095 possit
1532 4029 1829 4092 removeri,

506 4107 655 4168 1500,
692 4107 801 4173 ipsi
838 4108 941 4159 uni
966 4110 1290 4160 reservatur
1318 4109 1611 4161 accusatio
1641 4108 1832 4163 crimi-

503 4185 679 4248 nalis,
724 4187 870 4247 1934,
916 4189 1283 4253 quandonam
1321 4188 1508 4241 audiri
1549 4188 1754 4242 debeat
1793 4204 1832 4242 a

501 4266 710 4328 iudice,
752 4267 876 4319 1709
910 4268 1012 4333 53,
1049 4268 1188 4329 1786,
1232 4268 1355 4321 1793
1391 4267 1495 4334 52,
1530 4268 1671 4330 1841,
1707 4269 1833 4322 1856

499 4346 532 4413 5
563 4346 623 4407 2,
668 4346 850 4397 officia
882 4349 940 4399 et
978 4348 1134 4400 iura:
1171 4348 1233 4399 in
1265 4362 1441 4400 cauea
1471 4350 1831 4409 contentiosa

502 4426 886 4486 discutienda,
929 4427 1052 4479 1672
1083 4428 1115 4494 5
1147 4431 1198 4489 3,
1243 4426 1368 4480 1688
1397 4428 1431 4494 5
1461 4429 1511 4489 2,
1549 4428 1673 4480 1096
1712 4428 1747 4497 5
1777 4428 1828 4492 2,

503 4504 997 4572 174551,17595
1029 4507 1079 4566 2.
1117 4506 1536 4575 1773521811)
1566 4509 1669 4576 53,
1708 4509 1832 4564 1863

498 4587 531 4653 5
572 4587 633 4647 2,
683 4586 801 4638 1971
848 4587 941 4652 51
988 4600 1047 4638 ιι.
1089 4589 1147 4650 2,
1192 4589 1253 4640 ἰιι
1302 4603 1477 4642 causa
1523 4588 1827 4652 criminass,

500 4666 651 4729 1937,
706 4667 845 4728 1945,
900 4668 1050 4730 1955,
1101 4671 1163 4721 in
1210 4684 1473 4737 processu
1519 4671 1588 4723 de
1636 4671 1829 4724 dimis-

420 4749 431 4767 ⁰
498 4749 661 4801 sione
704 4748 963 4813 professi,
1009 4750 1139 4812 etc.,
1179 4752 1427 4813 663-665,
1464 4753 1522 4804 in
1563 4752 1829 4819 appella„

444 4825 455 4843 ⁰
497 4831 657 4882 tione
690 4831 1119 4895 interponenda,
1157 4831 1305 4894 1879,
1339 4846 1417 4884 an
1448 4832 1629 4900 possit
1662 4825 1826 4886 suam

498 4910 681 4962 iacere
705 4911 1043 4964 instantiam
1076 4912 1285 4966 actoris
1315 4914 1678 4979 peremptam,
1704 4913 1829 4965 1850

496 4988 528 5055 5
558 4992 617 5051 2,
657 5006 733 5043 an
771 4992 1085 5058 aiiquando
1122 4992 1324 5047 debeat
1371 4992 1712 5047 instantiam
1754 4994 1827 5047 ab

497 5069 612 5121 aiio
645 5072 929 5137 inceptam
956 5073 1239 5139 prosequi,
1267 5072 1416 5136 1784,
1439 5086 1516 5126 an
1539 5071 1719 5141 possit
1738 5074 1828 5127 in·

497 5151 793 5216 terponere
825 5154 1114 5215 quereiam
1148 5152 1433 5207 nullitatis
1464 5155 1666 5209 eontra
1700 5166 1826 5209 sen·

495 5556 3665 5674 ᾳᾲ--ῄ-----ι--Ι

1545 66 1742 118 Oodeo
1770 66 1933 130 Iar-is
1969 66 2255 118 onmia

2604 67 2968 125 Pron-Pub!

1947 253 2312 321 [Promotum

2071 336 2330 397 tentiam,
2367 335 2489 388 1897
2521 335 2554 402 5
2579 336 2635 397 1,
2668 349 2744 387 an
2776 335 2980 389 debeat
3010 334 3302 388 nominari
3334 334 3398 386 in

2070 416 2379 478 sententia,
2415 415 2541 468 1874
2568 414 2601 482 5
2623 415 2674 469 2,

1943 495 2325 561 Pro-aiguno
2370 497 2515 561 legis
2563 496 2901 562 pontificiae,
2946 497 3006 555 9,
3040 494 3399 563 episcopalis,

1942 655 2364 721 Pro-praelecti
2408 657 2715 721 Apostoliei
2764 657 2894 709 vide
2929 655 3215 708 Praeieeti
3256 657 3400 721 Aps-

1941 817 2371 869 Proto-otarius
2388 817 2729 881 participans
2743 817 2807 868 in
2826 817 3016 869 ausis
3038 816 3397 876 Sanctorum,

2068 895 2196 950 mis
2225 897 2258 963 5
2279 895 2331 957 2,
2364 896 2438 948 cf.
2472 896 2619 949 ama.

1941 977 2276 1029 Pro-vicarii
2316 977 2620 1042 Apostoliei
2651 976 2781 1029 vide
2817 977 3022 1028 Viearii
3051 974 3393 1043 Apostoli&

2066 1057 2352 1110 Praeieeti
2386 1057 2712 1122 Apostoliei.

1942 1137 2261 1189 Provincia:
2304 1138 2738 1190 ecclesiastica:
2767 1137 3003 1203 quinam
3035 1150 3160 1190 eam
3192 1136 3396 1202 erigat,

2068 1217 2514 1280 citcumscribat,
2537 1220 2667 1279 etc„
2700 1217 2797 1270 215
2820 1217 2854 1283 5
2876 1220 2924 1280 1,
2947 1216 3129 1270 eidem
3150 1217 3395 1284 praesit3

1942 1405 2006 1415 —
2035 1377 2350 1443 reliqiosa:
2370 1377 2527 1444 quid,
2560 1378 2658 1431 488
2688 1394 2744 1432 ιι.
2767 1380 2828 1438 6,
2861 1379 3096 1445 quinam
3120 1391 3250 1429 eam
3271 1391 3399 1429 eon·

2067 1457 2294 1518 stituat,
2311 1458 2746 1521 circumscribat,
2763 1459 3101 1525 supprimat,
3117 1459 3253 1520 etc„
3274 1457 3395 1518 494,

2067 1551 2245 1603 capax
2278 1539 2367 1590 est
2398 1538 2743 1604 possidendi,
2777 1539 2909 1598 nisi,
2941 1541 3069 1599 etc„
3102 1538 3228 1601 531,
3264 1551 3398 1605 quo·

2068 1616 2232 1670 modo
2289 1616 2414 1669 eius
2478 1618 2631 1671 bona
2679 1619 3130 1672 administranda
3183 1620 3246 1670 et
3297 1632 3397 1685 per

2067 1707 2229 1765 quos,
2262 1697 2492 1752 532-537.

1939 1778 2198 1831 Provisio
2249 1780 2538 1831 monica:
2587 1777 2785 1840 offleii,
2837 1779 2966 1840 etc..
3019 1777 3395 1831 ecclesiastici

2066 1858 2226 1924 quid,
2262 1858 2354 1910 147
2392 1859 2425 1925 5
2456 1859 2514 1921 2,
2548 1858 2829 1926 quomodo
2869 1857 2953 1917 iit,
2994 1857 3113 1919 148,
3151 1872 3189 1910 a
3232 1872 3397 1925 supe-

2065 1938 2217 1990 riore
2259 1938 2409 1991 inira
2442 1938 2600 1991 Rom.
2636 1937 2960 1992 Pontificem
2992 1951 3107 1991 non
3137 1938 3399 1992 iacienda

2066 2019 2180 2071 nisi
2215 2018 2286 2071 de
2322 2020 2636 2073 idoneitate
2672 2033 2775 2086 per
2809 2017 3198 2073 mumonium
3241 2017 3399 2072 Ordi-

2067 2099 2215 2151 narii
2264 2101 2505 2162 constet,
2543 2100 2658 2162 149,
2693 2098 2858 2153 officii
2890 2097 2960 2152 de
2989 2099 3120 2152 iure
3151 2113 3271 2152 non
3303 2113 3396 2151 va·

2065 2180 2269 2242 cantis,
2319 2181 2437 2244 150,
2477 2179 2645 2233 officii
2687 2180 2759 2232 de
2799 2180 2922 2233 iure
2955 2181 3234 2240 vacantis,
3271 2180 3393 2240 151,

2065 2261 2277 2327 scripto
2330 2260 2736 2328 consignanda,
2786 2260 2905 2323 159,
2953 2259 3022 2315 de
3068 2261 3395 2328 provisione

2064 2341 2397 2404 simoniaca,
2431 2341 2544 2403 729,
2575 2340 2649 2394 cf.
2685 2340 2835 2402 1413,
2871 2339 2996 2393 ride
3026 2340 3268 2393 collatio
3302 2342 3397 2393 be-

2070 2421 2278 2482 neficii,
2311 2420 2514 2474 officis
2542 2420 2957 2474 ecclesiastica.

1939 2502 2340 2554 Provoeantesz
2375 2502 2449 2552 ad
2476 2500 2750 2561 duellum,
2783 2500 2936 2560 2351,
2958 2500 3032 2552 ad
3064 2500 3396 2553 inobedien-

2067 2581 2204 2633 tiam
2219 2594 2356 2649 erga
2371 2581 2704 2648 Superiores
2718 2579 3279 2641 ecclesiasticos,2331
3299 2579 3391 2647 52.

1936 2662 2294 2714 Provocatio:
2349 2675 2426 2714 an
2473 2662 2709 2714 excuset
2758 2662 2861 2713 aut
2912 2659 3114 2712 saltem
3165 2660 3393 2712 minuat

2063 2741 2568 2807 imputribilitatem
2600 2741 2808 2802 delicti,
2840 2740 2970 2793 m
2999 2740 3032 2805 5
3053 2740 3105 2792 4.

1937 2824 2211 2876 Puberes:
2256 2823 2509 2889 quinam,
2539 2823 2607 2876 88
2642 2823 2675 2888 5
2707 2822 2763 2884 2,
2805 2823 2865 2874 in
2898 2821 3164 2888 eligenda
3200 2821 3395 2888 sepul-

2065 2903 2195 2956 tura
2214 2904 2351 2956 sunt
2378 2904 2656 2957 immunes
2674 2917 2712 2956 a
2735 2902 2921 2970 patria
2939 2903 3242 2969 potestate,
3270 2901 3396 2958 lm

2064 2984 2176 3051 52,
2211 2983 2281 3036 de
2304 2983 2612 3050 puberibus
2633 2983 3036 3037 inducentibus
3066 2984 3393 3049 impuberes

2062 3064 2137 3116 ad
2174 3064 2355 3130 legem
2394 3064 2713 3116 violandam
2745 3063 2830 3116 vei
2864 3078 2993 3117 cum
3024 3063 3112 3116 eis
3143 3064 3220 3115 ad
3252 3063 3393 3117 deli·

2062 3145 2216 3197 ctum
2248 3143 2744 3207 concurrentibus,
2774 3143 2919 3199 m.

1936 3226 2164 3277 Publica
2194 3227 2487 3278 honest-sa
2526 3224 2668 3286 1078,
2700 3223 2770 3277 cf.
2807 3224 2932 3277 1042
2960 3224 2994 3291 5
3014 3225 3049 3276 2
3079 3239 3138 3278 ιι.
3172 3226 3224 3279 3.

1932 3306 2269 3358 publicatio:
2297 3319 2491 3358 eorum
2522 3318 2671 3371 quae
2701 3302 3030 3358 inferuntur
3057 3305 3132 3357 ad
3164 3319 3393 3358 causas

2061 3384 2245 3438 Sonat
2278 3400 2432 3441 rum.
2474 3384 2612 3439 1387.

1931 3493 1992 3503 —-
2027 3465 2576 3531 indumentiarum:
2605 3466 2720 3528 919,
2759 3465 2830 3518 oi.
2867 3465 3009 3519 im

1933 3573 1997 3583 —
2033 3545 2337 3603 librorum,
2395 3547 2523 3607 etc..
2572 3545 2702 3598 vide
2755 3545 3001 3599 censura
3045 3547 3282 3611 praevia
3326 3546 3391 3598 B-

2058 3628 2306 3679 brorum.

1931 3734 1995 3745 --
2018 3720 2367 3773 processus:
2400 3706 2540 3759 1859.

1931 3813 1996 3824 -
2024 3788 2380 3839 sententiae:
2412 3786 2554 3845 1876,
2590 3786 2731 3840 1877.

1929 3869 2356 3921 publicationes:
2386 3868 2875 3925 matrimoniales,
2902 3881 3006 3920 seu
3038 3868 3268 3934 publica
3299 3868 3391 3921 de-

2057 3950 2344 4001 nuntiatio
2361 3949 2708 4002 matrimonii
2724 3948 2876 4001 inter
2884 3948 3109 4015 aliquos
3127 3949 3388 4010 ineundi,

2056 4030 2319 4083 iacienda
2349 4032 2457 4092 est,
2493 4030 2633 4092 1022,
2666 4044 2702 4082 a
2734 4031 2958 4096 proprio
2991 4030 3260 4095 parocho,
3294 4030 3391 4084 ⁴oe

2057 4125 2114 4164 ιι.
2148 4112 2198 4172 4,
2236 4111 2412 4178 10235
2438 4112 2483 4174 1,
2518 4112 2576 4163 et
2607 4111 2780 4163 etiam
2811 4110 3121 4177 aliquando
3144 4112 3221 4163 ab
3252 4112 3387 4164 aliis

2056 4190 2337 4258 parochis,
2390 4190 2514 4245 1023
2559 4190 2698 4258 552,
2745 4192 2804 4251 3,
2850 4191 3080 4257 quando
3128 4191 3389 4244 iacienda

2055 4274 2114 4324 et
2154 4272 2272 4333 ubi,
2321 4272 2471 4333 1024,
2515 4285 2590 4324 an
2638 4284 2832 4323 earum
2877 4270 3003 4324 loco
3039 4272 3162 4324 fleri
3205 4273 3389 4339 posdt

2054 4352 2244 4405 affixio
2265 4354 2558 4405 nominum
2589 4350 3048 4404 contrabentium
3079 4352 3157 4404 ad
3188 4353 3388 4405 valvas

2055 4431 2344 4493 ecclesiae,
2382 4431 2532 4491 1053
2565 4432 2641 4483 a‘n
2662 4430 2957 4484 faciendae
2986 4431 3164 4484 etiam
3184 4432 3250 4484 in
3274 4446 3389 4485 ma·

2054 4512 2338 4564 trimoniis
2370 4511 2586 4572 mixtis,
2612 4510 2761 4573 10303
2785 4511 3061 4578 obligatio
3080 4525 3231 4577 quae
3254 4512 3391 4566 flde—

2052 4591 2136 4645 les
2183 4594 2348 4659 urget
2402 4592 2786 4645 denuntiandi
2829 4605 2897 4643 ea
2938 4587 3086 4658 quae
3135 4594 3388 4645 noscunt

2053 4672 2227 4726 alicui
2261 4672 2620 4725 matrimonio
2650 4672 2961 4733 adversari,
2999 4672 3149 4732 1027,
3187 4671 3264 4724 de
3308 4673 3391 4724 di·

2054 4754 2415 4819 sponsatione
2446 4752 2519 4805 ab
2557 4752 2663 4805 hac
2705 4754 2848 4821 iege,
2885 4753 3034 4815 1028,
3078 4751 3150 4805 de
3191 4752 3388 4806 alieno

2054 4834 2299 4899 parocho
2318 4832 2796 4899 investigationes
2826 4835 2928 4885 aut
2961 4833 3390 4898 publicationes

2051 4916 2377 4981 peragente,
2415 4914 2562 4975 1029,
2596 4914 2736 4981 quid
2771 4914 3013 4981 peractis
3044 4913 3389 4980 publicatio-

2051 4995 2223 5047 nibus
2245 5009 2512 5061 peragere
2528 4995 2732 5048 debeat
2750 4995 3028 5062 parochus
3048 4996 3111 5047 in
3133 4995 3389 5049 diversis

2049 5076 2296 5136 casibus,
2343 5076 2466 5129 lom
2496 5075 2529 5142 5
2555 5077 2600 5138 1,
2637 5076 2779 5138 1031,
2812 5089 2887 5128 an
2921 5075 3236 5143 aliquando
3281 5077 3390 5131 ite·

2050 5156 2280 5219 randae,
2318 5157 2440 5211 10oe
2471 5156 2504 5224 5
2524 5157 2574 5210 2.
