3753 5871
1239 388 1417 440 uber
1447 388 1751 440 Secundus
1791 413 1811 425 ·
1847 388 1935 439 De
1976 386 2251 439 Perennis
2845 398 2859 411 ·
3132 384 3239 444 183

425 554 462 636 ξ
506 553 575 622 3.
626 555 838 622 Bona
870 572 1056 639 quae
1085 555 1232 639 ipsi
1271 555 1674 623 obveniunt
1703 555 1986 622 intuitu
2020 554 2404 640 paroeciae
2443 555 2566 621 cui
2596 554 3051 639 praeficitur,
3090 555 3236 640 ipsi

251 662 634 745 paroeciae
665 663 1011 748 acquirit3
1040 669 1286 731 cetera
1326 663 1649 748 acquirit
1681 664 1777 730 ad
1816 664 2058 731 instar
2090 663 2405 730 aliorum
2453 663 2959 748 religiosorum
2986 662 3035 728 ¹.

428 769 463 852 ξ
508 771 576 836 4.
626 770 793 838 Non
833 771 1175 839 obstante
1220 777 1393 838 voto
1431 774 1924 856 paupertatis,
1967 772 2198 840 eidem
2249 772 2426 840 licet
2462 772 2957 856 eleemosynas
2996 770 3076 836 in
3117 769 3231 836 bo·

252 895 426 943 num
482 878 1114 962 paroecianorum,
1160 880 1278 946 vel
1324 899 1462 964 pro
1504 881 1775 948 scholis
1827 879 2217 947 catholicis
2258 884 2394 947 aut
2438 880 2620 947 locis
2664 881 2811 964 piis
2857 879 3238 964 paroeciae

247 985 691 1069 coniunctis,
734 986 992 1070 quovis
1039 987 1255 1055 modo
1292 987 1581 1054 oblatas
1619 988 1952 1073 accipere
1999 993 2135 1054 aut
2172 988 2542 1073 colligere,
2584 995 2659 1055 et
2699 999 3043 1072 acceptas
3084 988 3238 1054 sive

246 1091 599 1161 collectas
629 1092 1179 1178 administrare,
1225 1095 1568 1180 itemque,
1608 1103 1899 1163 servata
1939 1096 2403 1164 offerentium
2441 1097 2849 1179 voluntate,
2894 1114 3033 1180 pro
3066 1114 3236 1180 pru·

247 1197 459 1267 denti
498 1219 634 1268 suo
672 1201 1013 1284 arbitrio,
1055 1220 1383 1287 erogare,
1439 1204 1644 1270 salva
1687 1222 1974 1288 semper
2010 1204 2406 1290 vigilantia
2456 1204 2573 1272 sui
2619 1203 3062 1288 Superioris;
3110 1203 3235 1270 sed

247 1309 747 1393 eleemosynas
810 1327 945 1393 pro
1002 1310 1307 1377 ecclesia
1364 1312 1765 1396 paroeciali
1820 1311 2303 1396 aedificanda,
2360 1314 2888 1394 conservanda,
2958 1313 3236 1382 instau-

250 1414 512 1496 randa,
552 1417 977 1484 exornanda
1014 1417 1371 1503 accipere,
1409 1420 1608 1504 apud
1647 1440 1723 1487 se
1761 1420 2104 1502 retinere,
2145 1420 2489 1507 colligere
2535 1425 2671 1488 aut
2713 1420 3240 1489 administrare

247 1522 579 1603 pertinet
608 1524 705 1590 ad
753 1524 1211 1609 Superiores,
1251 1527 1315 1593 si
1350 1528 1658 1595 ecclesia
1694 1529 1794 1596 sit
1831 1528 2387 1597 communitatis
2436 1528 2841 1614 religiosae3
2888 1547 3098 1596 secus
3142 1528 3238 1596 ad

249 1626 394 1695 loci
434 1629 942 1699 ordinarium.

1550 1760 1728 1828 CAN.
1772 1760 1925 1829 631.

432 1902 467 1985 5
513 1903 580 1968 1.
632 1902 837 1970 Idem
880 1901 1246 1986 parochus
1283 1900 1402 1968 vel
1451 1899 1774 1967 vicarius
1816 1900 2231 1985 religiosus,
2278 1899 2453 1968 licet
2504 1899 2999 1967 ministerium
3041 1857 3238 1966 [exer-

245 2013 417 2078 ceat
444 2010 524 2076 in
552 2009 770 2077 domo
799 2027 928 2077 seu
965 2009 1129 2076 loco
1160 2009 1285 2075 ubi
1318 2008 1633 2076 maiores
1669 2008 2103 2092 Superiores
2143 2007 2470 2093 religiosi
2502 2006 2956 2075 ordinariam
2999 2007 3239 2074 sedem

248 2117 549 2199 habent,
593 2117 846 2185 subest
885 2116 1306 2184 immediate
1345 2116 1803 2184 omnimodae
1854 2115 2380 2197 iurisdictioni,
2425 2115 2842 2182 visitationi
2886 2119 2962 2183 et
3002 2132 3238 2182 corre·

246 2224 484 2293 ctioni
530 2224 915 2292 Ordinarii
959 2224 1128 2306 loci,
1188 2243 1334 2291 non
1380 2242 1589 2293 secus
1634 2242 1721 2292 ac
1776 2223 2080 2309 parochi
2126 2223 2565 2307 saeculares,
2627 2222 2952 2308 regulari
3001 2222 3236 2290 obser-

247 2332 509 2398 vantia
543 2331 758 2400 unice
788 2335 1094 2415 excepta
1133 2330 1185 2398 ².

431 2440 466 2522 ξ
511 2438 579 2505 2.
629 2438 1076 2508 ordinarius
1121 2438 1291 2521 loci,
1333 2438 1461 2505 ubi
1497 2456 1661 2506 eum
1710 2456 1845 2506 suo
1882 2437 2171 2505 muneri
2209 2436 2564 2505 deiecisse
2600 2434 3066 2520 compererit,
3119 2455 3238 2521 op-

251 2550 578 2631 portuna
603 2547 900 2615 decreta
932 2547 1245 2614 condere
1270 2564 1360 2614 ac
1385 2547 1692 2613 meritas
1717 2546 1795 2614 in
1830 2564 1997 2614 eum
2026 2563 2298 2630 poenas
2328 2548 2658 2613 statuere
2687 2548 2952 2629 potest;
2987 2544 3067 2611 in
3101 2562 3246 2629 quo

252 2652 739 2722 nihilominus
782 2653 1164 2721 Ordinarii
1204 2654 1607 2721 facultates
1656 2654 1959 2721 minime
2000 2653 2412 2738 privativae
2463 2657 2665 2733 sunt,
2713 2653 2839 2719 sed
2889 2651 3246 2736 Superior

251 2760 375 2828 ius
424 2760 963 2830 cumulativum
1007 2779 1177 2829 cum
1220 2761 1384 2846 ipso
1437 2761 1683 2843 habet,
1730 2762 1842 2830 ita
1885 2766 2133 2830 tamen
2180 2766 2289 2843 ut,
2337 2760 2402 2828 si
2447 2760 2670 2828 aliter
2715 2779 2761 2827 a
2819 2759 3240 2843 superiore,

249 2868 478 2937 aliter
524 2869 618 2937 ab
679 2868 1083 2939 Ordinario
1127 2870 1424 2939 decerni
1472 2869 1885 2956 contingat,
1949 2869 2324 2938 decretum
2380 2867 2763 2937 Ordinarii
2817 2866 3242 2953 praevalere

245 2975 515 3045 debeat
554 2976 609 3044 ³.

431 3083 466 3166 ᾗ
511 3083 580 3152 3.
629 3083 841 3164 Quod
880 3085 1159 3153 attinet
1194 3085 1290 3152 ad
1339 3086 1643 3171 parochi
1680 3085 1797 3152 vel
1832 3084 2096 3152 vicarii
2146 3083 2471 3169 religiosi
2512 3081 2987 3150 remotionem
3036 3101 3077 3149 e
3118 3100 3240 3166 pa-

252 3191 524 3275 roecia,
562 3194 897 3259 servetur
935 3192 1476 3278 praescriptum
1508 3212 1673 3261 can.
1709 3193 1863 3275 454,
1905 3194 1938 3275 ξ
1972 3193 2037 3277 5;
2072 3197 2150 3261 et
2190 3192 2382 3278 quod
2416 3192 2510 3260 ad
2553 3193 2745 3260 bona
2777 3192 3242 3276 temporalia,

250 3298 798 3383 praescriptum
834 3318 999 3367 can.
1034 3300 1189 3384 533,
1226 3301 1261 3384 ξ
1293 3303 1360 3383 1,
1394 3321 1469 3368 n.
1503 3303 1572 3384 4,
1606 3307 1681 3371 et
1709 3320 1873 3369 can.
1908 3301 2062 3385 535,
2088 3300 2141 3384 ’ξ
2179 3301 2249 3385 3,
2289 3319 2365 3367 n.
2397 3299 2465 3368 2.

1411 3584 1835 3654 TITULUS
1891 3583 2084 3650 XIV.

1082 3732 1185 3799 De
1227 3730 1542 3799 transitu
1586 3727 1676 3796 ad
1719 3729 1936 3796 aliam
1980 3727 2423 3810 religionem.

1560 3939 1737 4007 CAN.
1777 3938 1932 4007 632.

431 4084 852 4170 Religiosus
889 4083 1147 4168 nequit
1182 4081 1280 4150 ad
1315 4080 1540 4150 aliam
1579 4080 2032 4166 religionem,
2073 4079 2297 4148 etiam
2337 4078 2811 4159 strictiorem,
2851 4077 2967 4146 vel
3014 4097 3055 4145 e
3101 4095 3246 4145 mo·

262 4195 596 4263 nasterio
624 4194 745 4262 sui
781 4191 972 4260 iuris
1003 4191 1099 4259 ad
1137 4189 1345 4258 aliud
1376 4189 1699 4257 transire
1738 4189 1898 4256 sine
1936 4187 2387 4256 auctoritate
2419 4187 2892 4271 Apostolicae
2936 4185 3150 4253 Sedis
3190 4183 3246 4251 ⁴.

440 4440 461 4475 ¹
499 4441 618 4492 Leo
644 4440 812 4500 XIII,
843 4441 1028 4492 const.
1061 4455 1092 4490 α
1130 4439 1424 4490 Romamn
1455 4438 1769 4500 Pontifices
1797 4454 1847 4500 ι,
1881 4439 1916 4492 8
1941 4439 2085 4489 mall
2125 4438 2272 4490 1881.

437 4531 464 4568 ²
505 4528 571 4582 0.
611 4528 662 4590 6,
694 4529 758 4581 0.
794 4526 945 4589 xvl,
978 4541 1033 4590 (ι.
1065 4528 1115 4590 2;
1143 4539 1194 4580 c.
1228 4530 1280 4587 9,
1321 4529 1393 4579 de
1421 4527 1790 4589 monemus,
1830 4528 1901 4589 V,
1932 4528 1984 4589 7,
2018 4528 2080 4580 ln
2110 4528 2235 4589 VI⁰;
2264 4528 2437 4580 conc.
2479 4527 2767 4587 Trident„
2801 4539 2944 4580 sess.
2978 4528 3145 4588 XXV,
3179 4528 3251 4578 de

257 4618 656 4679 maslaum,
683 4629 733 4670 c.
764 4618 848 4679 112
878 4617 1202 4679 Gregorius
1226 4618 1345 4678 XV,
1376 4620 1561 4670 const.
1594 4632 1626 4668 ι
1651 4615 2039 4669 lue-meabat
2070 4631 2119 4677 ι,
2148 4616 2182 4668 5
2210 4617 2358 4668 febr.
2397 4616 2546 4676 1622,
2583 4617 2611 4678 ς
2648 4616 2700 4677 2,
2729 4618 2779 4678 4ς
2808 4617 3079 4669 Clemens
3114 4616 3249 4677 XII,

254 4712 449 4761 const.
494 4722 529 4759 ι
563 4708 850 4758 Admonet
886 4706 1008 4758 Noe
1044 4721 1093 4764 ι.
1130 4708 1196 4758 11
1232 4719 1365 4769 ειυς.
1412 4707 1560 4768 1735,
1599 4707 1627 4768 ς
1670 4709 1722 4768 1,
1752 4707 1802 4767 3:
1837 4705 2193 4758 Benedictus
2228 4705 2379 4766 XIV,
2415 4707 2601 4757 const.
2642 4720 2673 4755 α
2718 4705 2807 4757 Ad
2843 4704 3162 4756 militantia
3199 4720 3249 4765 ι,

254 4799 328 4851 80
358 4799 535 4850 mart.
572 4796 721 4857 1742,
758 4797 786 4858 s
828 4796 880 4857 8,
915 4797 998 4859 193
1028 4798 1214 4849 const.
1252 4811 1284 4847 ι
1316 4795 1654 4847 Firmemus
1697 4810 1748 4856 n,
1782 4797 1817 4848 6
1857 4808 1990 4847 nov.
2032 4796 2180 4856 1744,
2221 4795 2249 4856 s
2287 4796 2337 4855 2,
2368 4794 2505 4856 8403
2541 4795 2812 4847 Clemens
2846 4794 3012 4853 XIII,
3060 4797 3248 4847 const.

256 4902 291 4939 ι
321 4887 494 4938 Inter
519 4886 878 4946 multiplices
905 4900 954 4947 ι,
979 4886 1044 4938 11
1070 4885 1194 4938 dec.
1220 4885 1370 4946 1758,
1403 4886 1431 4947 s
1456 4885 1560 4947 5·7;
1589 4884 1647 4937 8.
1676 4884 1741 4937 Ο.
1780 4885 1886 4946 Ep.
1921 4887 1988 4937 et
2020 4885 2182 4946 neg..
2212 4883 2521 4941 Per-uuna,
2547 4883 2614 4934 11
2641 4883 2759 4934 lan.
2793 4883 3028 4946 1578;1s.
3061 4883 3127 4935 O.
3162 4883 3251 4943 0.,

259 4975 609 5033 Gaas-dien„
637 4975 703 5026 22
726 4977 875 5036 sept.
903 4975 1051 5036 160oe
1078 4973 1383 5033 Hannon„
1409 4976 1443 5027 9
1468 4974 1615 5025 mall
1643 4973 1790 5035 1626;
1820 4973 2175 5031 olomucen„
2212 4973 2276 5023 11
2308 4972 2411 5023 lul.
2443 4972 2591 5033 1665,
2620 4972 2653 5023 7
2691 4974 2835 5032 iun„
2872 4972 2906 5022 2
2934 4983 3067 5032 aug.
3101 4971 3250 5032 1755,

256 5064 342 5117 ad
379 5064 431 5115 1.
463 5090 531 5101 -
562 5063 711 5116 Vide
740 5064 923 5116 etlam
954 5073 1084 5114 can.
1121 5061 1236 5124 296,
1280 5062 1307 5123 ς
1339 5063 1388 5113 1.

437 5155 464 5192 ⁸
504 5153 621 5205 Leo
656 5154 703 5205 X
750 5153 835 5212 (ln
873 5152 1047 5205 Cone.
1096 5152 1447 5204 Lateranen.
1489 5153 1585 5214 V),
1623 5155 1808 5205 const.
1853 5167 1885 5201 κ
1920 5151 2077 5201 Dum
2123 5150 2285 5201 imm
2321 5165 2371 5211 υ,
2420 5152 2487 5202 19
2526 5150 2650 5202 dec.
2692 5149 2840 5209 1516,
2885 5150 2913 5211 ς
2954 5149 3004 5211 8:
3043 5148 3256 5211 Grego-

257 5243 394 5295 rius
421 5242 545 5303 XV.
569 5245 758 5295 const.
791 5257 823 5293 ι
849 5240 1236 5293 Iuor-mabill
1261 5255 1312 5303 ι,
1344 5242 1378 5292 5
1411 5242 1559 5294 febr.
1589 5241 1737 5304 1622,
1776 5242 1804 5303 s
1830 5241 1883 5301 2,
1914 5242 1964 5302 4;
1991 5241 2261 5294 Clemens
2287 5240 2420 5301 XII,
2450 5241 2635 5292 const.
2675 5253 2707 5289 ι
2735 5238 3022 5289 Admonet
3052 5236 3173 5289 Nos
3200 5252 3251 5299 ι,

256 5332 328 5383 n
352 5343 489 5392 aug.
517 5331 667 5391 1785,
695 5332 724 5393 2
758 5333 809 5392 1.
840 5332 891 5391 ὃς
917 5330 1272 5383 Benedictus
1296 5330 1448 5391 XIV,
1477 5334 1646 5383 const
1693 5346 1724 5381 α
1760 5330 1849 5380 Ad
1874 5328 2194 5380 militantis
2230 5343 2280 5390 ι,
2312 5328 2379 5381 30
2406 5331 2581 5380 mart.
2613 5326 2761 5389 1742,
2796 5328 2824 5389 s
2852 5327 2905 5390 8,
2943 5328 3025 5387 19:
3057 5328 3249 5381 const.

257 5432 292 5470 ι
323 5419 666 5469 mnan
695 5433 745 5480 ι,
787 5419 824 5471 6
854 5431 986 5470 nov.
1024 5419 1172 5480 1744,
1211 5420 1240 5481 ς
1274 5419 1325 5479 8,
1356 5420 1408 5479 9,
1440 5420 1522 5472 10.
1562 5449 1629 5460 --
1671 5419 1817 5472 Vide
1847 5420 2031 5471 etiam
2073 5429 2203 5470 can.
2239 5417 2355 5478 296,
2394 5418 2422 5479 fi
2457 5417 2512 5469 2.-

438 5512 467 5546 ⁴
505 5507 679 5560 Cone.
712 5507 1000 5568 Trident„
1043 5518 1187 5560 aas.
1219 5508 1385 5568 XXV,
1421 5509 1493 5558 de
1522 5506 1914 5567 maumam,
1944 5519 1995 5560 c.
2030 5509 2112 5559 19.
