3753 5871
1629 331 1931 390 Praefatio
3052 349 3274 394 xxxvu

280 518 628 604 peculiari
696 518 1021 589 Consilio
1085 518 1371 588 delatae
1434 523 1632 602 sunt,
1678 518 1805 606 qui
1869 517 2225 605 viderent,
2275 522 2634 611 nunquid,
2696 524 3047 612 respectis
3103 545 3275 613 qua·

278 666 499 730 tenus
542 658 794 730 liceret
843 659 1374 749 Episcoporum
1422 657 1717 761 optatiS,
1757 663 1955 733 esset
2001 659 2077 730 in
2111 661 2523 733 canonibus
2570 663 3137 736 immutandum.

455 802 645 873 Dum
695 802 801 872 ita
847 800 1095 873 Codex
1144 801 1553 873 continenti
1614 803 1866 874 labore
1932 809 2468 889 retractaretur,
2515 805 2932 896 gravissimi
2992 805 3276 879 interci-

277 943 546 1015 derunt
604 949 935 1029 eventus,
983 944 1258 1015 exarsit
1304 943 1642 1015 videlicet
1703 944 2159 1016 teterrimum
2224 946 2365 1017 hoc
2421 947 2719 1033 bellum,
2765 969 2914 1037 quo
2977 949 3275 1040 Europa

277 1086 430 1157 fere
474 1085 717 1157 omnis
764 1085 1249 1172 conflictatur,
1295 1094 1368 1157 et
1422 1085 1894 1157 sanctissima
1955 1088 2254 1159 functus
2316 1095 2428 1160 est
2491 1088 2662 1174 vita,
2710 1111 2877 1160 cum
2944 1110 3274 1163 maerore

276 1227 629 1317 luctuque
676 1227 1015 1299 catholici
1064 1229 1265 1299 orbis
1311 1228 1661 1315 universi,
1695 1230 2049 1300 Summus
2084 1230 2419 1302 Pontifex
2464 1231 2642 1301 Pius
2672 1231 2760 1316 X,
2792 1252 2942 1321 quo
2962 1237 3275 1304 auctore

277 1376 502 1461 atque
547 1370 848 1460 auspice
892 1372 1170 1462 grande
1220 1372 1511 1444 Codicis
1556 1371 1934 1462 redigendi
1979 1393 2169 1461 opus
2200 1373 2543 1444 adornari
2577 1378 2918 1462 coeptum
2951 1380 3083 1445 est.
3117 1374 3275 1446 Etsi

278 1533 453 1583 vero
503 1513 879 1585 Pontificis
927 1515 1179 1586 obitus
1230 1514 2101 1605 vehementissimumque
2164 1515 2333 1586 belli
2397 1515 2846 1603 incendium,
2893 1538 3041 1607 quo
3104 1522 3277 1607 post

278 1679 573 1730 menses
634 1658 887 1730 decem
957 1657 1164 1729 {talia
1223 1658 1386 1747 ipsa
1447 1659 1947 1750 conflagravit,
2009 1680 2290 1730 moram
2350 1660 2642 1750 incepto
2707 1660 2973 1748 attulit,
3020 1668 3274 1732 evecto

277 1808 526 1872 tamen
574 1801 880 1873 feliciter
910 1803 1006 1872 ad
1042 1802 1242 1873 Petri
1277 1801 1721 1873 Cathedram
1760 1803 2190 1872 Banamc'ro
2226 1803 2429 1893 Papa
2461 1802 2609 1888 XV,
2635 1802 3040 1875 laetissima
3070 1802 3276 1874 afful-

274 1943 375 2013 sit
420 1964 593 2033 spes
638 1944 815 2029 fore,
862 1951 945 2015 ut
996 1944 1192 2016 brevi
1241 1966 1430 2034 opus
1476 1946 2006 2031 absolveretur,
2055 1967 2220 2016 cum
2281 1944 2768 2017 Beatissimus
2817 1946 3055 2030 Pater,
3101 1945 3273 2016 inde

273 2108 323 2156 a
370 2086 853 2158 Pontificatus
899 2087 1015 2157 sui
1063 2088 1503 2177 primordiis,
1551 2087 1870 2176 idipsum
1936 2108 2203 2177 cupere
2265 2094 2340 2158 et
2394 2088 2579 2159 velle
2639 2109 2719 2159 se
2777 2087 3275 2178 significanter

275 2229 843 2301 manifestasset.
894 2230 1176 2319 ltaque,
1225 2230 1539 2319 ipsomet
1588 2229 1941 2301 Pontifice
2007 2236 2319 2318 patrono
2382 2236 2456 2300 et
2513 2230 2998 2315 moderatore,
3047 2229 3152 2300 ita
3197 2229 3275 2299 in

275 2393 355 2443 re
402 2344 878 2461 provehenda
925 2379 1475 2462 perseveratum
1532 2380 1666 2459 est,
1712 2380 1817 2459 ut,
1864 2374 2166 2444 ineunte
2226 2372 2440 2444 tertio
2506 2372 2990 2444 pontificatus
3055 2385 3273 2459 a'nno,

274 2536 629 2604 prospere
675 2522 899 2606 atque
947 2538 988 2588 e
1034 2517 1405 2588 sententia
1450 2516 1620 2586 finis
1671 2537 1862 2587 novo
1914 2514 2163 2588 Codici
2216 2516 2741 2606 imponeretur.

459 2659 694 2745 Quem
749 2658 1234 2730 Beatissimus
1286 2658 1502 2729 Pater
1548 2680 1714 2730 cum
1780 2664 2072 2739 maturo
2121 2656 2395 2729 iudicio
2465 2657 2936 2748 expendisset.
2999 2664 3072 2729 et
3121 2680 3276 2746 pro·

273 2803 561 2886 basset,
611 2800 1138 2872 constitutione
1201 2803 1844 2871 Providenttsstnm
1911 2802 2145 2870 Mater
2194 2804 2530 2886 Ecclesia,
2590 2801 2707 2872 die
2771 2802 2958 2871 festo
3024 2801 3278 2872 Pente·

274 2950 518 3016 costes
569 2946 682 3032 (27
734 2944 933 3035 maii)
982 2967 1098 3016 an.
1164 2967 1472 3016 mcxxvn
1531 2946 1724 3030 data,
1775 2945 2291 3035 promulgavit,
2356 2966 2674 3035 eumque
2723 2944 3061 3016 'decrevit
3127 2945 3274 3016 vim

274 3089 459 3178 legis
529 3110 661 3178 pro
722 3090 1066 3161 universa
1136 3088 1460 3161 Ecclesia
1523 3088 1942 3159 habiturum
2021 3109 2186 3159 esse
2257 3110 2303 3158 a
2364 3089 2480 3158 die
2550 3089 2739 3160 festo
2804 3089 3277 3160 Pentecostes

275 3233 393 3318 (19
460 3232 659 3321 maii)
722 3231 1184 3322 insequentis
1241 3230 1416 3301 anni
1486 3251 1846 3301 ucuxvm.

457 3375 571 3444 En
641 3373 862 3464 igitur
911 3395 1149 3443 novus
1210 3374 1391 3443 iuris
1454 3373 1786 3443 canonici
1852 3373 2124 3459 CodeX,
2186 3374 2381 3463 typis
2442 3373 2812 3445 Vaticanis
2874 3372 3138 3457 edituS,
3199 3374 3278 3444 in

275 3537 447 3605 qu0,
498 3517 592 3586 ad
640 3517 952 3587 nitorem
1001 3516 1349 3587 editionis
1397 3517 1600 3606 quod
1648 3522 1957 3605 spectat,
2003 3516 2190 3588 nihil
2251 3518 2469 3604 plane
2530 3515 3009 3588 desideratur.
3059 3517 3279 3588 Acce-

273 3660 465 3729 dunt
496 3659 594 3729 ad
624 3679 970 3741 canones,
1003 3660 1077 3729 in
1113 3665 1441 3731 extrema
1486 3680 1782 3749 quaque
1831 3658 2132 3749 pagina,
2167 3663 2393 3744 notae,
2431 3680 2622 3749 quae
2653 3658 2900 3730 varios
2948 3658 3276 3729 indicant

277 3801 520 3871 fontes
567 3801 767 3871 unde
817 3801 864 3870 ii
912 3802 1130 3873 eliciti
1179 3807 1387 3880 sunt:
1437 3801 1697 3892 quain
1729 3821 1807 3872 re
1846 3801 1964 3870 vix
2000 3801 2586 3872 animadvertere
2633 3797 2920 3887 attinet,
2952 3821 3278 3872 canones

281 3945 482 4014 haud
529 3965 822 4031 semper
870 3966 1032 4015 cum
1085 3946 1244 4016 suis
1290 3942 1624 4015 fontibus
1670 3945 1872 4016 omni
1922 3966 2010 4015 ex
2062 3950 2269 4032 parte
2318 3943 2391 4014 in
2441 3945 2810 4015 sententia
2856 3965 3277 4035 congruere.

281 4086 501 4171 Quod
553 4088 939 4178 praecipue
1002 4090 1100 4160 de·
1152 4088 1567 4160 canonibus
1630 4088 2073 4184 poenalibus
2120 4087 2317 4157 Libri
2369 4087 2428 4155 V
2475 4086 2928 4178 intelligatur
2979 4086 3280 4171 dictum,

279 4231 407 4299 ubi
456 4230 810 4319 antiquae
858 4233 1055 4321 leges
1103 4232 1453 4320 poenales
1500 4231 1935 4320 allegantur,
1985 4229 2328 4320 quamvis
2375 4250 2658 4318 poenae
2707 4250 2897 4320 quas
2953 4229 3281 4299 adnexas
3362 4248 3371 4258 ·

278 4371 583 4457 habent,
630 4393 676 4442 a
721 4347 984 4462 poenis
1031 4374 1109 4442 in
1155 4372 1370 4443 novis
1417 4372 1828 4443 canonibus
1878 4370 2185 4442 sancitis
2232 4390 2454 4459 saepe
2503 4368 2940 4460 discrepent.
3008 4369 3282 4440 Fontes

281 4512 355 4582 in
403 4513 545 4583 hac
594 4512 888 4583 Codicis
936 4513 1257 4586 editione
1306 4554 1343 4566 -
1394 4513 1823 4602 praemissis
1872 4512 2038 4597 illis,
2071 4509 2199 4602 qui
2246 4533 2336 4582 ex
2385 4511 2693 4600 antiquo
2729 4512 3053 4601 Corpore
3100 4510 3281 4582 iuris

277 4654 616 4725 canonici
650 4660 723 4725 et
754 4677 844 4726 ex
880 4656 1226 4727 Conciliis
1259 4655 1776 4729 oecumenicis
1808 4654 2058 4726 hausti
2101 4660 2278 4726 sunt
2304 4693 2366 4739 -,
2399 4658 2874 4739 auctoritatis,
2910 4653 2988 4724 in
3019 4653 3279 4724 eadem

268 4818 452 4868 <vero
509 4797 755 4887 specie
819 4803 1153 4885 temporie
1216 4797 1473 4872 ordine
1533 4799 1901 4888 dispositi,
1933 4802 2239 4888 puncto
2301 4818 2470 4868 cum
2534 4796 2816 4886 virgula
2871 4797 2976 4886 (;)
3030 4794 3283 4866 distin·

275 4946 632 5029 guuntur,
662 4940 805 5011 nisi
840 4940 931 5011 de
963 4942 1221 5013 eadem
1256 4961 1485 5014 causa
1514 4942 1715 5033 apud
1748 4942 2061 5013 eandem
2091 4939 2161 5012 S.
2192 4937 2853 5031 Congregationem
2888 4942 3283 5009 retractata

282 5088 566 5172 agatur.
625 5083 956 5169 Quorum
1010 5081 1313 5174 quidem
1362 5083 1675 5156 fontium
1738 5084 2072 5169 edentur,
2131 5104 2352 5173 quam
2418 5081 2736 5171 primum
2787 5079 2944 5152 fieri
2992 5080 3281 5170 poterit,

281 5224 498 5296 unice
547 5224 620 5295 in
671 5227 1176 5298 studiosorum
1240 5227 1735 5313 commodum,
1786 5229 2274 5310 Collectanoa;
2319 5226 2523 5297 hisce
2577 5228 2839 5322 tamen
2880 5244 3016 5295 nec
3070 5228 3283 5295 vetus

287 5368 562 5454 Gomon
608 5373 801 5439 iuria
842 5374 1175 5441 canonici
1226 5391 1361 5443 nec
1411 5370 1691 5458 Synodi
1739 5368 2217 5442 Tridentinae
2266 5369 2450 5441 Acta
2497 5388 2632 5439 nec
2676 5367 3029 5439 librorum
3080 5332 3285 5438 litur-

285 5510 613 5600 gicorum
664 5514 1114 5603 praescripta
1161 5516 1758 5587 continebuntur.
