3753 5871
1635 299 1944 360 mortuo
3130 316 3284 362 ml

282 495 386 560 est
441 492 813 577 aequisita
865 490 1257 558 admodum
1315 491 1581 558 uotiua
1638 491 2359 558 circumstantiarum
2422 490 2641 577 (quae
2698 494 2800 560 est
2846 492 3283 577 paucorum)

280 632 386 701 ad
450 618 969 700 declinandam
1033 649 1281 698 rerum
1346 631 1562 715 atque
1631 632 2026 714 temporum
2093 631 2178 697 in
2241 631 2342 698 iis
2405 630 2974 714 interpretandis
3038 633 3287 716 confu-

277 778 577 846 mom.

466 943 506 978 «ι
535 916 735 984 Haec
777 918 1031 985 omnia
1074 917 1360 984 mature
1404 914 1879 1001 coaitantibus
1922 915 2143 995 subiit
2187 918 2490 985 demisse
2552 918 2764 1002 atque
2808 918 3017 983 euioee
3051 920 3288 1001 petere

280 1080 335 1127 a
381 1059 859 1129 &nuceum
904 1058 1212 1127 Domino
1257 1060 1512 1126 Nostro
1555 1058 1692 1127 Pio
1735 1057 1865 1141 IX,
1916 1059 2017 1141 ut,
2067 1058 2405 1127 adhibita
2449 1078 2669 1144 opera
2729 1060 2942 1145 atque
2998 1059 3288 1145 invenio

278 1206 608 1271 virorum
628 1201 855 1269 huius
884 1203 1222 1285 temporis
1250 1201 1845 1284 doctissimorum,
1878 1220 2142 1269 novum
2169 1202 2365 1269 iuris
2409 1204 2741 1271 canonici
2768 1203 3073 1270 codicem
3103 1202 3290 1288 dipe-

283 1364 441 1413 rere
484 1347 551 1412 et
593 1344 1004 1428 Apostolica
1034 1344 1459 1411 auctoritate
1502 1344 1705 1411 edere
1747 1363 1897 1412 non
1939 1345 2301 1430 oravetur.
2335 1344 2533 1429 Opus
2564 1363 2744 1412 sane
2789 1344 3145 1427 ardunum·
3164 1345 3290 1413 sed
3427 1385 3435 1391 ·

283 1507 427 1575 quo
467 1487 644 1572 plus
686 1487 1133 1571 difficultatis
1174 1486 1400 1569 habet,
1445 1506 1523 1554 eo
1565 1490 1803 1571 mavis
1845 1489 1951 1556 est
1994 1488 2195 1555 tanto
2226 1485 2564 1572 Pontifice
2608 1487 2917 1572 dimum
2958 1513 3019 1555 ».

468 1628 700 1701 Cuius
738 1628 1039 1719 quidem
1086 1627 1190 1700 rei
1240 1627 1752 1699 necessitatem
1801 1649 1971 1700 cum
2018 1629 2182 1717 ipsa
2228 1627 2656 1717 Apostolica
2702 1627 2932 1699 Sedes
2977 1627 3288 1698 haberet

281 1762 765 1863 compertam,
796 1772 1035 1842 facere
1082 1776 1279 1843 certe
1323 1791 1477 1842 non
1523 1775 1812 1860 poterat
1857 1769 2039 1861 quin
2088 1776 2196 1841 tot
2241 1770 2608 1842 Ecclesiae
2657 1771 3047 1841 Pastorum
3095 1770 3289 1841 votis

281 1922 356 1988 et
388 1914 1020 2006 postulationibus
1052 1915 1503 1998 concederet,
1534 1912 1607 1984 in
1660 1913 1751 1985 iis
1811 1914 2072 1985 saltem
2107 1935 2299 2004 quae
2345 1914 2442 1985 ad
2478 1913 2943 2004 disciplinam
2983 1914 3289 2003 propius

283 2059 741 2149 pertinerent
785 2064 860 2129 et
906 2056 1139 2148 magis
1184 2078 1447 2148 urgere
1493 2056 1940 2129 viderentur.
1989 2057 2096 2128 Eo
2142 2056 2400 2147 utique
2448 2058 2756 2128 consilio
2806 2057 2985 2128 Pius
3026 2057 3128 2128 IX
3158 2078 3291 2146 per

283 2201 892 2275 constitutionem
941 2202 1383 2288 Apostolicae
1428 2202 1641 2272 Sedis
1684 2221 2166 2272 censurarum
2217 2204 2409 2271 latae
2444 2205 2840 2273 sententiae
2891 2221 3283 2272 numerum

284 2346 694 2431 imminuit;
743 2345 891 2416 Leo
938 2343 1115 2416 XIII
1160 2344 1729 2416 constitutiones
1776 2344 1980 2415 dedit
2036 2346 2440 2431 officiorum
2486 2349 2560 2414 et
2594 2345 2936 2414 Conditae
2988 2366 3039 2414 a
3098 2344 3289 2415 Chri

281 2495 411 2577 sto,
461 2510 781 2580 quarum
827 2488 1062 2559 altera
1105 2487 1418 2577 aequius
1465 2492 1538 2557 et
1583 2486 2002 2558 accuratius
2048 2488 2403 2559 librorum
2460 2486 2767 2558 editioni
2828 2494 2898 2558 et
2961 2486 3290 2576 probibi-

284 2631 472 2703 tioni
522 2630 978 2713 consulebat,
1027 2629 1259 2700 altera
1304 2627 1746 2699 decernebat
1789 2627 2065 2718 quibus
2110 2629 2474 2718 regendae
2506 2634 2758 2700 essent
2787 2627 3076 2719 legibus
3109 2629 3291 2700 Con·

281 2773 753 2865 gregationes
797 2772 1181 2862 religiosae
1226 2778 1573 2843 votorum
1620 2771 2095 2861 simplicium3
2148 2772 2375 2843 Sacra
2420 2771 2739 2862 denique
2802 2771 3289 2863 Congregatio

285 2916 430 2989 En.
478 2921 554 2988 et
601 2916 755 2988 ΗΒ.
803 2914 922 2987 die
977 2917 1050 2986 11
1105 2913 1286 2986 iunii
1333 2935 1452 2987 an.
1505 2915 1680 2986 1880
1737 2917 2290 2988 Iusti-actionem
2349 2915 2581 2987 edidit
2627 2945 2663 2980 «
2700 2916 2791 2988 de
2854 2916 3076 2988 modo
3138 2935 3288 3006 quo

285 3057 764 3130 oeconomice
810 3057 1204 3146 procedere
1250 3056 1521 3127 debent
1553 3056 1816 3128 Curiae
1863 3055 2400 3128 ecclesiasticae
2446 3058 2523 3127 in
2571 3057 2817 3128 causis
2871 3055 3291 3147 disciplina-

286 3202 494 3272 ribus
540 3207 616 3273 et
660 3200 1164 3273 criminalibus
1211 3201 1638 3272 clericorum
1677 3229 1738 3270 ».
1772 3200 2088 3290 Reliqua
2119 3208 2371 3271 tamen
2416 3199 2600 3270 iuris
2639 3200 3089 3289 praescripta
3120 3219 3288 3270 cum

287 3346 365 3415 in
410 3365 501 3414 eo
547 3348 751 3415 statu
799 3343 1265 3428 mansissent,
1313 3365 1463 3433 quo
1510 3350 1707 3429 ante,
1752 3343 2097 3432 Episcopi
2146 3343 2477 3433 plerique
2538 3349 2611 3414 et
2665 3341 3004 3414 nonnulli
3065 3341 3286 3413 etiam

288 3484 685 3575 Purpurati
737 3486 992 3557 Patres
1041 3486 1509 3588 Apostolicae
1558 3486 1730 3560 Sedi
1784 3487 2167 3558 instabant
2218 3486 2484 3570 adhuc,
2528 3491 2613 3557 ut
2673 3485 2789 3556 ius
2850 3485 3288 3556 canonicum

285 3630 809 3700 emendaretur
853 3635 928 3699 et
971 3628 1050 3699 in
1097 3629 1454 3718 aptiorem
1518 3635 2086 3720 componeretur
2146 3629 2504 3716 ordinem,
2564 3634 2779 3720 capto
2834 3650 2881 3699 a
2940 3627 3290 3699 recentio—
3432 3691 3439 3704 ,

284 3770 492 3868 ribus
537 3771 889 3842 omnibus
934 3770 1358 3841 civitatibus
1405 3771 1764 3861 exemp10,
1811 3772 2441 3860 quemadmodum
2492 3772 2890 3861 Gregorius
2931 3769 3033 3840 IX
3086 3767 3290 3840 [usti-

284 3913 595 3984 nianum
642 3912 913 3983 imitari
960 3935 1111 3984 non
1160 3913 1646 3984 dubitaverat.

464 4055 649 4126 Pms
694 4055 811 4126 fel.
859 4076 1001 4127 rec.
1053 4057 1255 4147 Papa
1315 4057 1405 4142 X,
1453 4057 1602 4147 qui,
1665 4062 1837 4128 ante
1898 4078 2120 4147 quam
2187 4056 2706 4127 Pontificatum
2757 4055 2995 4140 iniret,
3057 4054 3287 4144 probe

285 4203 765 4287 perspexerat
807 4219 1034 4288 quam
1081 4198 1458 4288 praeclara
1503 4199 1875 4271 Ecclesiae
1924 4200 2424 4271 emolumenta
2470 4196 2835 4270 eiusmodi
2868 4195 3286 4268 emendatio

282 4340 777 4430 polliceretur,
824 4341 1227 4413 arbitratus
1275 4348 1568 4432 tempus
1613 4342 1759 4413 iam
1809 4364 1975 4414 esse
2021 4343 2209 4414 tanti
2257 4343 2504 4432 operis
2549 4342 2759 4412 initia
2804 4342 3067 4427 facere,
3121 4361 3287 4411 con·

286 4484 569 4556 vocatis
612 4485 816 4555 haud
862 4485 1112 4571 semel,
1159 4487 1460 4557 ineunte
1508 4507 1762 4558 mense
1809 4487 2074 4558 martio
2136 4508 2255 4558 an.
2309 4489 2502 4573 1904,
2552 4489 2625 4558 S.
2673 4487 2761 4558 R.
2816 4486 2896 4557 Ε.
2947 4485 3289 4557 Cardina·

280 4627 482 4699 libus
529 4628 656 4717 qui
704 4627 783 4698 in
827 4628 1028 4699 Urbe
1073 4629 1460 4719 degebant,
1484 4635 1570 4700 ut
1615 4651 1744 4702 eos
1791 4631 1884 4700 de
1931 4630 2311 4719 proposita
2358 4650 2436 4700 re
2483 4630 2924 4701 sententiam
2975 4633 3287 4718 rogaret,

278 4791 452 4842 cum
531 4770 1118 4842 Eminentissimi
1188 4770 1238 4841 ii
1309 4771 1445 4842 viri
1516 4772 1910 4843 consilium
1981 4774 2447 4873 probassent,
2509 4772 2704 4843 datis
2766 4771 2884 4843 die
2952 4773 3035 4841 19
3095 4770 3289 4843 eius-

278 4913 453 4984 dem
505 4913 783 4985 mensis
845 4915 943 4985 ad
1003 4915 1259 4985 orbem
1321 4915 1764 4988 catholicum
1826 4916 2091 4988 litteris
2139 4919 2473 4987 Arduum
2517 4938 2697 4986 sane
2755 4936 3051 5001 munus,
3100 4935 3291 4986 nun-

274 5056 512 5140 tiavit,
559 5058 761 5146 quod
830 5058 979 5128 iam
1042 5059 1324 5131 dudum
1389 5061 1464 5129 in
1529 5061 2055 5132 communibus
2117 5060 2380 5130 fuisset
2441 5059 2735 5149 optatis,
2798 5059 2875 5129 id
2936 5058 3122 5130 velle
3184 5079 3290 5144 se,

280 5232 318 5265 «ι
351 5205 437 5271 ut
499 5204 884 5272 universae
951 5203 1305 5274 Ecclesiae
1373 5207 1576 5292 leves,
1640 5209 1742 5273 ad
1807 5173 1982 5274 haec
2049 5226 2274 5293 usque
2342 5214 2664 5291 tempora
2723 5208 2957 5274 editae
2973 5258 2991 5289 ,
3055 5205 3291 5274 lucido

274 5349 536 5417 ordine
571 5348 906 5433 dioestae,
938 5347 1025 5415 iu
1051 5369 1286 5417 unum
1328 5350 1844 5436 colliqerentur,
1883 5352 2143 5420 amotis
2185 5351 2355 5418 inde
2400 5370 2586 5436 quae
2632 5349 3015 5434 abroyatae
3059 5351 3289 5416 esseut

276 5491 414 5558 aut
465 5489 832 5573 obsoletae,
880 5491 1079 5574 aliis,
1127 5490 1252 5559 ubi
1310 5511 1492 5577 opus
1542 5494 1822 5577 fuisset,
1870 5494 1972 5560 ad
2030 5497 2440 5562 nostrorum
2501 5493 2896 5576 temporum
2954 5491 3286 5560 conditio-
