3753 5871
600 192 712 251 498
1737 193 1935 245 Gom
1972 193 2004 244 1
2006 192 2135 245 um
2183 193 2465 245 canonici

1873 483 2135 552 OAPtn·
2182 483 2289 551 11.

1456 623 1567 691 De
1608 623 1923 693 testibus
1959 629 2033 692 et
2070 622 2702 703 attestationibus.

1878 817 2057 887 om.
2107 818 2301 886 1754.

777 941 1131 1011 Probatio
1163 961 1295 1028 per
1332 946 1559 1011 testes
1598 942 1678 1008 in
1726 941 2179 1027 quibuslibet
2206 941 2456 1008 causis
2500 940 2955 1026 admittitur,
2998 942 3135 1009 sub
3174 940 3449 1010 iudicis
3483 946 3572 1008 ta·

604 1067 770 1119 men
818 1050 1343 1133 moderatione,
1393 1049 1793 1117 secundum
1840 1049 2135 1117 modum
2185 1047 2660 1134 praefinitum
2708 1048 2790 1117 in
2839 1049 3249 1117 canonibus
3309 1049 3441 1134 qui
3486 1067 3573 1116 se

602 1160 934 1242 quuntur
979 1155 1029 1224 ¹.

1880 1262 2057 1330 CAN.
2108 1262 2304 1331 1755.

780 1390 814 1472 ἕ
862 1391 928 1477 1.
977 1387 1232 1455 Testes
1252 1387 1483 1455 iudici
1508 1386 1835 1472 legitime
1864 1387 2360 1472 interroganti
2386 1386 2826 1472 respondere
2847 1391 2926 1455 et
2947 1386 3343 1455 veritatem
3368 1384 3578 1454 fateri

597 1497 867 1565 debent
913 1496 964 1561 ⁸.

777 1604 812 1686 ξ
859 1603 925 1671 2.
978 1604 1204 1673 Salvo
1239 1603 1701 1688 praescripto
1747 1620 1913 1669 can.
1959 1601 2155 1685 1757,
2201 1602 2235 1684 ἕ
2275 1601 2345 1684 3,
2389 1620 2463 1667 n.
2514 1601 2584 1684 2,
2628 1602 2722 1670 ab
2760 1601 2899 1669 hac
2948 1600 3407 1687 obligatione
3447 1600 3576 1669 exi·

600 1715 950 1779 muntur:

855 1819 954 1884 1.·
999 1816 1315 1886 Paroohi
1345 1816 1623 1903 aliique
1658 1816 2075 1885 sacerdotes
2117 1817 2310 1902 quod
2344 1816 2620 1885 attinet
2653 1817 2750 1884 ad
2783 1833 2871 1884 ea
2907 1834 3095 1902 quae
3135 1815 3328 1900 ipsis
3362 1815 3578 1882 mani-

599 1924 876 1993 festata
921 1930 1097 1993 sunt
1137 1924 1426 1993 ratione
1461 1924 1656 1992 sacri
1701 1923 2102 1992 ministerii
2137 1929 2347 1992 extra
2386 1923 2993 1992 sacramentalem
3031 1922 3582 2004 contessionem

598 2030 986 2100 civitatum
1025 2032 1534 2117 magistratus,
1583 2032 1872 2110 medici,
1917 2031 2372 2114 obstetrices,
2413 2029 2779 2114 advocati,
2821 2032 3098 2100 notarii
3135 2031 3423 2117 aliique
3470 2031 3583 2117 qui

581 2139 697 2206 ·ad
729 2144 1089 2208 secretum
1121 2138 1337 2208 offleii
1369 2139 1593 2208 etiam
1629 2140 1917 2208 ratione
1950 2140 2295 2224 praestiti
2334 2139 2629 2208 consilii
2661 2143 3035 2223 tenentur,
3078 2139 3270 2224 quod
3315 2139 3586 2209 attinet

599 2247 695 2315 ad
737 2245 1033 2332 negotia
1067 2247 1241 2314 huic
1276 2252 1559 2317 secreto
1592 2247 1929 2333 obnoxia,

749 2428 752 2437 ,
859 2353 957 2421 2.⁰
1000 2353 1146 2435 Qui
1179 2373 1268 2424 ex
1310 2353 1833 2424 testificatione
1865 2372 2003 2422 sua
2039 2355 2181 2422 sibi
2214 2354 2331 2422 vel
2362 2354 2932 2440 consanguineis
2964 2354 3083 2423 vel
3120 2352 3474 2422 amnibus
3513 2354 3582 2421 in

602 2460 928 2547 quolibet
960 2462 1197 2548 gradu
1243 2463 1483 2531 lineae
1522 2466 1766 2531 rectae
1799 2466 1875 2531 et
1911 2463 1990 2528 in
2028 2462 2272 2546 primo
2311 2462 2559 2549 gradu
2595 2462 2835 2531 lineae
2872 2461 3363 2545 collateralis,
3405 2462 3580 2529 inta-

586 2572 836 2654 miam,
866 2571 1319 2656 periculosas
1335 2570 1786 2654 vexationes,
1811 2571 2053 2640 aliave
2073 2570 2274 2638 mala
2290 2568 2506 2638 valde
2527 2569 2788 2657 gravia
2805 2571 3217 2639 obventura
3234 2567 3513 2638 timent
3530 2566 3578 2635 ⁸.

775 2677 809 2760 ξ
854 2677 923 2746 8.
972 2677 1226 2747 Testes
1266 2678 1496 2747 iudici
1546 2679 1872 2764 legitime
1913 2680 2408 2764 interroganti
2450 2679 2767 2748 scienter
2809 2677 3085 2747 falsum
3136 2676 3584 2748 affirmantes

597 2791 732 2854 aut
768 2804 1021 2855 verum
1063 2787 1523 2856 occultantes
1562 2786 1976 2871 puniantur
2025 2787 2122 2855 ad
2164 2804 2497 2855 normam
2546 2804 2712 2854 can.
2759 2786 2955 2871 1743,
3005 2786 3039 2869 ξ
3081 2786 3147 2871 8;
3187 2786 3584 2871 eademque

598 2911 831 2978 poena
865 2892 1319 2962 mulctentur
1348 2910 1624 2974 omnes,
1661 2895 1787 2981 qui
1820 2898 2083 2964 testem
2124 2895 2241 2964 vel
2275 2895 2594 2980 peritum
2632 2893 2872 2978 donis,
2917 2894 3585 2981 pollicitationibus

596 3007 732 3071 aut
774 3003 925 3070 alio
970 3002 1226 3087 quovis
1279 2999 1497 3071 modo
1534 3002 1884 3071 inducere
1938 3003 2570 3088 praesumpserint
2612 3002 2710 3072 ad
2756 3002 3030 3070 falsum
3075 3001 3580 3071 testimonium

596 3107 985 3177 dicendum
1020 3115 1155 3178 aut
1189 3108 1287 3178 ad
1322 3109 1710 3179 veritatem
1757 3110 2271 3178 occultandam
2314 3108 2368 3174 ⁴.

1448 3357 1617 3423 Am.
1664 3357 1712 3421 1.
1756 3391 1830 3403 —
1882 3356 2011 3431 Qui
2048 3357 2240 3421 uates
2280 3377 2423 3422 esso
2450 3358 2739 3438 possint.

1867 3526 2047 3595 CAN·
2092 3526 2290 3595 1756.

771 3653 1042 3721 Omnes
1094 3655 1407 3738 possunt
1459 3669 1615 3721 esse
1658 3657 1910 3735 testes,
1960 3651 2107 3719 nisi
2150 3670 2489 3736 expresse
2543 3669 2590 3720 a
2631 3651 2795 3720 iure
2840 3650 3302 3736 repellantur
3347 3651 3472 3720 vel
3515 3651 3583 3717 in

598 3761 837 3826 totum
878 3759 994 3826 vel
1029 3776 1118 3827 ex
1156 3762 1369 3843 parte
1409 3759 1461 3826 ⁸.

1858 3866 2036 3934 cm.
2097 3865 2292 3934 1757.

774 3989 809 4072 ξ
855 3990 922 4056 1.
972 3990 1079 4058 Ut
1121 4007 1268 4058 non
1309 3988 1558 4058 idonei
1613 3989 2079 4074 repelluntur
2131 4007 2177 4056 a
2232 3987 2657 4057 testimonio
2700 3985 3006 4056 ferendo
3047 3984 3479 4070 impuberes
3521 3987 3589 4050 et

598 4099 840 4165 mente
881 4096 1159 4164 debiles
1219 4097 1272 4164 ⁸.

774 4201 808 4284 ἓ
855 4202 957 4378 ξδ’
972 4202 1662 4394 Ἐκὶᾞιξῖιέωῐί,
1705 4310 2044 4398 periurii,
2087 4310 2429 4394 infames,
2473 4313 2644 4396 post
2682 4308 3127 4380 sententiam
3174 4306 3582 4376 declarato·

598 4418 785 4485 riam
825 4419 941 4487 vel
982 4418 1680 4503 condemnatoriam

779 4631 800 4665 ¹
838 4629 902 4682 C.
933 4630 1015 4691 13,
1047 4629 1114 4690 X,
1145 4631 1216 4681 do
1251 4626 1712 4688 probationibus.
1744 4629 1826 4689 11,
1857 4630 1941 4681 19.

768 4727 794 4762 ⁸
841 4720 906 4773 O.
936 4722 987 4781 1,
1026 4720 1091 4773 Ο.
1123 4720 1223 4782 iv,
1258 4731 1312 4783 q.
1345 4721 1395 4782 43
1420 4731 1471 4773 c.
1503 4720 1554 4781 7,
1585 4720 1651 4782 Χ,
1691 4722 1764 4772 de
1796 4719 2046 4771 testibus
2078 4723 2138 4771 et
2166 4718 2669 4780 attestationibus,
2704 4721 2786 4782 11,
2825 4720 2908 4784 203
2937 4732 2989 4772 c.
3021 4720 3127 4782 1-3,
3157 4720 3211 4780 6,
3242 4721 3389 4780 8-11.
3423 4724 3489 4785 x,
3522 4723 3585 4772 ee

603 4811 854 4862 testibus
882 4810 1152 4871 evomis
1182 4809 1277 4861 vei
1304 4819 1441 4870 nou,
1479 4807 1563 4873 11,
1594 4809 1676 4862 21.

772 4905 798 4943 ⁸
840 4901 905 4954 C.
936 4901 987 4960 3,
1018 4900 1085 4961 X,
1117 4902 1187 4952 do
1220 4899 1470 4953 testibus
1499 4899 1771 4961 vovendis
1803 4900 1896 4951 vei
1934 4912 2069 4959 non,
2101 4901 2184 4963 11,
2215 4900 2297 4952 21.

768 4998 796 5034 ι
839 4973 903 5044 o.
930 4992 980 5052 7,
1011 4992 1083 5043 n.
1111 4992 1177 5052 1⁴3
1201 5001 1252 5042 c.
1287 4993 1339 5051 o,
1370 4990 1434 5044 o.
1466 4991 1582 5052 111,
1613 5004 1668 5053 q.
1696 4991 1747 5054 ῦς
1768 5002 1821 5043 e.
1848 4991 1900 5052 τ,
1931 4990 1997 5044 o.
2032 4991 2213 5052 xxn,
2245 5002 2300 5054 q.
2327 4990 2377 5053 ες
2404 5003 2454 5043 c.
2483 4991 2567 5052 20,
2598 4991 2663 5044 o.
2691 4991 2891 5052 xxw,
2927 5001 2981 5053 q.
3011 4990 3063 5054 ες
3087 5002 3137 5042 c.
3158 4990 3208 5052 2,
3230 4991 3299 5045 o.
3322 4992 3580 5051 mm.

601 5097 656 5146 q.
686 5086 737 5146 13
759 5095 810 5135 c.
846 5084 930 5142 17.
957 5085 1023 5142 X,
1059 5080 1517 5142 «ie-temporibus
1542 5081 1981 5132 ordinationum
2014 5086 2075 5134 et
2103 5080 2392 5141 qualitate
2420 5081 2897 5141 ordinandorum,
2929 5081 2980 5142 1,
3008 5083 3093 5144 u;
3126 5093 3177 5133 c.
3207 5083 3264 5143 9,
3296 5084 3384 5146 45,
3418 5085 3485 5145 x,
3517 5084 3582 5132 ds

603 5174 853 5225 testim
883 5177 942 5225 et
972 5170 1477 5230 attestationibus,
1508 5171 1591 5232 11,
1626 5170 1706 5234 20;
1742 5171 1917 5226 conc.
1950 5171 2237 5233 Trident„
2271 5184 2413 5225 sess.
2446 5171 2613 5232 1111,
2646 5174 2720 5224 de
2755 5172 2890 5232 rer„
2921 5184 2971 5223 c.
3003 5171 3055 5224 7.

615 5263 620 5268 “
773 5268 798 5301 ⁸
842 5264 907 5317 G,
936 5265 986 5323 1,
1020 5263 1088 5324 Χ,
1120 5265 1190 5314 de
1220 5261 1470 5312 testibus
1500 5263 1560 5312 ot
1588 5261 2093 5320 attestationibus,
2123 5262 2205 5323 11,
2242 5261 2324 5314 20.

781 5356 807 5391 θ
838 5353 989 5413 (3.1,
1020 5353 1071 5413 3,
1106 5353 1169 5406 C.
1206 5354 1307 5415 IV,
1350 5366 1403 5415 q.
1439 5352 1472 5404 2
1500 5354 1564 5406 et
1592 5351 1642 5405 8.
