3753 5871
508 250 622 309 002
1648 250 1845 301 Gom
1891 248 2053 302 Im
2091 247 2374 303 Comici

1776 509 1955 576 CAN.
2009 507 2206 576 2225.

697 648 780 716 Si
826 667 1062 735 poena
1103 650 1525 719 declaretur
1568 648 1686 718 vel
1740 649 2131 735 infligatur
2185 667 2318 733 per
2372 648 2817 717 sententiam
2861 646 3317 731 iudicialem,
3372 666 3528 715 ser·

516 759 787 824 ventur
816 775 1180 825 canonum
1225 757 1685 843 praescripta
1716 757 1917 826 circa
1951 756 2363 825 sententiae
2394 755 2772 824 iudicialis
2804 753 3535 841 pronuntiationem

520 863 587 930 si
622 881 800 932 vero
833 881 1070 949 poena-
1109 865 1308 933 latae
1345 866 1462 933 vel
1501 865 1847 933 ferendae
1898 864 2309 933 sententiae
2348 863 2635 932 inflicta
2684 864 2786 932 sit
2827 864 2923 932 ad
2962 863 3265 931 modum
3305 880 3530 947 prae-

513 971 716 1055 cepti
742 971 1247 1055 particularis,
1278 972 1560 1057 scripto
1583 978 1719 1040 aut
1747 990 1999 1041 coram
2026 972 2314 1040 duobus
2343 972 2659 1040 testibus
2689 971 3064 1040 ordinarie
3088 970 3537 1038 declaretur

522 1078 640 1145 vel
679 1079 1076 1164 irrogetur,
1112 1079 1464 1149 indicatis
1499 1097 1777 1165 poenae
1815 1079 2088 1163 causis,
2125 1079 2331 1148 salvo
2361 1079 2823 1164 praescripto
2854 1097 3019 1147 can.
3063 1079 3244 1148 2193
3300 1078 3355 1147 ².

1704 1393 2129 1464 TITULUS
2176 1394 2312 1463 VI.

1213 1537 1316 1604 Be
1361 1537 1674 1605 subiecto
1718 1539 2069 1606 coactivas
2110 1539 2454 1623 potestati
2496 1536 2830 1605 obnoxio.

1790 1711 1970 1779 CAN·
2021 1710 2218 1777 2226.

701 1849 736 1932 §
782 1851 849 1916 1.
900 1849 1189 1919 Poenae
1233 1850 1562 1918 adnexae
1609 1850 1757 1934 legi
1797 1853 1941 1918 aut
1986 1852 2382 1934 praecepto
2435 1848 2796 1917 obnoxius
2840 1853 2956 1915 est
3002 1846 3131 1932 qui
3179 1847 3351 1931 lege
3398 1849 3548 1911 aut

525 1961 917 2042 praecepto
951 1962 1273 2040 tenetur,
1314 1958 1460 2026 nisi
1493 1976 1832 2042 expresse
1874 1958 2246 2026 eximatur
2288 1955 2340 2021 ².
2419 1995 2425 2004 ·

705 2066 738 2148 ξ
784 2065 851 2130 2.
903 2066 1108 2133 Licet
1131 2066 1248 2134 lex
1273 2065 1607 2150 poenalis
1630 2066 1996 2151 posterior
2028 2066 2331 2149 obroget
2355 2065 2740 2146 anteriori,
2768 2064 2836 2132 si
2864 2069 3111 2131 tamen
3136 2063 3542 2144 delictum,

528 2173 825 2257 quando
862 2174 977 2241 lex
1021 2174 1387 2258 posterior
1435 2175 1594 2241 lata.
1639 2178 1777 2257 est,
1829 2174 1978 2240 iam
2015 2174 2486 2242 commissum
2526 2176 2715 2255 erat,
2756 2172 3211 2257 applicanda
3245 2175 3378 2240 est
3419 2171 3543 2239 lex

527 2299 652 2347 reo
687 2281 1194 2349 favorabilior.

703 2387 738 2468 ξ
784 2387 851 2454 3.
902 2387 1114 2468 Quod
1144 2388 1209 2455 si
1238 2388 1355 2454 lex
1386 2387 1751 2471 posterior
1779 2389 2002 2457 tollat
2038 2389 2267 2474 legem
2306 2390 2424 2458 vel
2459 2407 2769 2475 poenam
2800 2393 3122 2473 tantum,
3159 2388 3355 2457 haec
3390 2393 3537 2456 sta-

525 2494 662 2562 tim
692 2500 959 2577 cessat,
997 2496 1142 2562 nisi
1172 2500 1442 2579 agatur
1482 2495 1572 2564 de
1603 2497 1939 2563 censuris
1971 2497 2119 2564 iam
2155 2498 2586 2565 contractis.

706 2601 739 2683 ξ
784 2603 852 2668 4.
903 2602 1151 2672 Poena
1202 2622 1404 2670 reum
1455 2604 1725 2688 ubique
1761 2608 2132 2672 terrarum
2174 2608 2402 2687 tenet,
2444 2605 2670 2673 etiam
2711 2604 3038 2673 resoluto
3083 2604 3252 2672 iure
3302 2604 3531 2689 Supe

528 2709 773 2792 rioris,
816 2711 961 2777 nisi
990 2711 1194 2777 aliud
1228 2729 1568 2795 expresse
1597 2715 1954 2779 caveatur
1990 2711 2044 2778 ⁸.

1789 2888 1966 2954 CAN.
2016 2887 2211 2955 2227.

707 3028 740 3110 ξ
788 3031 853 3094 1.
904 3027 1156 3095 Poena
1201 3029 1498 3097 nonnisi
1539 3048 1584 3096 a
1623 3029 1959 3098 Romano
1996 3030 2355 3100 Pontiflce
2403 3030 2644 3116 infligi
2686 3036 2821 3099 aut
2858 3030 3232 3098 declarari
3282 3032 3543 3114 potest

528 3134 608 3201 in
638 3154 761 3203 eos
789 3135 882 3204 de
913 3135 1178 3220 quibus
1209 3137 1286 3203 in
1317 3155 1482 3204 can.
1518 3136 1714 3217 1557,
1761 3138 1794 3220 ξ
1835 3141 1869 3204 1
1906 3134 1960 3200 ⁴.

706 3242 739 3323 §
786 3242 852 3308 2.
903 3243 1070 3311 Nisi
1102 3264 1442 3329 expresse
1475 3246 1974 3328 nominentur,
2020 3246 2097 3313 S.
2133 3247 2223 3313 R.
2262 3246 2351 3312 Ε.
2388 3246 2825 3315 cardinales
2865 3246 3001 3313 sub
3033 3243 3197 3328 lege
3229 3244 3539 3329 poenali

527 3367 673 3416 non
717 3352 1466 3435 comprehenduntur,
1507 3371 1638 3420 nec
1676 3354 2027 3439 Episcopi
2074 3355 2210 3421 sub
2247 3354 2503 3439 poenis
2538 3354 2735 3422 latae
2772 3353 3185 3421 sententiae
3225 3370 3526 3437 suspen-

529 3455 760 3524 sionis
799 3463 874 3527 et
918 3459 1301 3527 interdicti
1332 3461 1384 3529 ⁸.

709 3685 731 3721 ¹
768 3685 833 3737 Ο.
865 3685 948 3745 64,
980 3686 1063 3744 76,
1102 3685 1166 3736 O.
1201 3686 1300 3745 XI,
1331 3698 1385 3747 o.
1418 3686 1468 3747 3;
1493 3697 1543 3738 c.
1583 3683 1666 3746 48,
1696 3687 1763 3748 x,
1797 3689 1868 3737 de
1900 3686 2195 3736 sententia
2228 3687 2865 3745 excommunicationis,
2898 3687 2965 3745 V,
3000 3686 3083 3745 39:
3112 3697 3163 3736 c.
3198 3688 3254 3747 1,
3292 3690 3371 3738 de
3411 3699 3530 3738 sen-

533 3775 720 3824 tentia
751 3774 1387 3833 excommunicationis,
1429 3775 1831 3835 suspensionis
1863 3779 1922 3827 et
1953 3775 2276 3835 interdicti,
2311 3777 2378 3836 V,
2416 3778 2499 3837 11,
2534 3776 2596 3826 ln
2627 3776 2753 3838 V1⁰;
2785 3775 2844 3828 8.
2878 3776 2942 3827 C.
2977 3776 3081 3834 Dp.
3116 3778 3180 3827 et
3211 3776 3392 3839 neg„
3437 3776 3529 3828 Or-

531 3865 687 3914 dinis
718 3864 1218 3923 Praedicatorum,
1259 3866 1291 3915 2
1321 3869 1495 3917 mart.
1538 3865 1685 3927 1866,
1722 3866 1798 3918 ad
1829 3867 1879 3927 3;
1912 3865 1969 3918 S.
2003 3867 2067 3918 C.
2102 3867 2176 3918 de
2210 3867 2380 3926 Prop.
2418 3866 2581 3927 Fide,
2616 3865 2787 3917 instr.
2836 3866 2937 3925 (sd
2971 3866 3092 3917 Vic.
3128 3868 3244 3926 Ap.
3284 3867 3526 3920 Oochin·

527 3956 732 4015 chin),
770 3955 835 4006 26
860 3968 994 4017 aug.
1027 3955 1173 4016 1775;
1200 3955 1545 4009 Pontificale
1575 3956 1761 4016 Rom..
1799 3959 1893 4009 tlt.
1930 3957 2084 4007 Ordo
2114 3956 2534 4016 suspensionis,
2568 3954 3080 4013 reconciliationis,
3114 3956 3526 4014 depositionis,

531 4045 1009 4106 dispensationis,
1053 4046 1514 4105 depredationis,
1568 4051 1627 4098 et
1672 4046 2070 4100 restitutionis
2112 4058 2413 4098 sacrorum
2456 4046 2746 4109 ordinum
2790 4048 2885 4098 tit.
2935 4046 3087 4097 Ordo
3132 4048 3525 4097 semmai-ni-

528 4136 708 4184 candi
734 4139 792 4185 et
825 4135 1184 4186 absolvendi.

702 4231 726 4264 ²
766 4228 830 4277 C.
866 4229 948 4285 21,
981 4228 1046 4286 X,
1083 4228 1152 4276 de
1188 4226 1483 4277 sententia
1518 4227 2156 4285 excommunicationis,
2191 4229 2259 4282 V.
2297 4228 2378 4279 39.

706 4324 731 4359 ³
762 4317 825 4368 C.
857 4318 907 4377 5,
945 4318 1010 4369 O.
1045 4318 1146 4378 VI,
1176 4330 1230 4378 q.
1263 4318 1319 4379 3;·
1338 4330 1387 4369 c.
1420 4318 1470 4377 2,
1502 4318 1585 4378 73,
1616 4319 1680 4370 C.
1714 4320 1812 4377 xl.
1852 4331 1906 4380 q.
1940 4319 1989 4379 3;
2014 4330 2064 4369 c.
2098 4318 2180 4378 21,
2210 4318 2276 4369 C.
2309 4319 2509 4377 XXIV,
2547 4330 2601 4378 (ι.
2634 4318 2684 4378 3;
2710 4328 2761 4368 c.
2794 4318 2844 4376 8,
2876 4317 2942 4375 X,
2976 4318 3046 4367 de
3075 4315 3276 4375 officio
3312 4317 3517 4367 iudicis

528 4407 838 4466 ordinarii,
870 4409 919 4468 Ι,
950 4409 1032 4470 31;
1062 4420 1111 4460 c.
1146 4410 1196 4468 1,
1228 4409 1294 4467 X,
1328 4410 1399 4458 de
1429 4411 1634 4469 treuva
1666 4414 1723 4460 et
1763 4420 1923 4468 pace,
1956 4409 2005 4468 1,
2036 4410 2118 4469 34;
2148 4408 2206 4461 S.
2240 4408 2305 4461 O.
2349 4409 2453 4468 Ep.
2487 4410 2549 4459 et
2579 4408 2742 4468 neg..
2775 4406 3092 4464 suessona,
3124 4407 3193 4457 15
3224 4412 3351 4459 oct.
3392 4407 3523 4463 15ΐ8ζ

531 4499 588 4551 S.
619 4500 684 4551 C.
721 4499 809 4559 0.,
841 4498 1183 4556 Ροεεαηεη.,
1211 4499 1276 4551 10
1304 4499 1420 4550 ian.
1451 4498 1599 4559 1665,
1631 4499 1708 4550 ad
1742 4501 1792 4561 1;
1820 4498 2161 4556 vercellen„
2189 4498 2254 4550 17
2289 4499 2438 4550 febr.
2470 4497 2618 4557 1674:
2646 4497 2704 4549 S.
2735 4496 2801 4550 Ο.
2833 4497 2907 4549 de
2939 4496 3326 4557 Pron-Fide,
3357 4498 3505 4549 insu*

528 4587 593 4641 2⁰
622 4593 738 4641 oct.
772 4589 919 4648 1884,
953 4601 1012 4640 n.
1054 4590 1104 4641 5.

699 4685 728 4721 ⁴
769 4679 833 4730 C.
866 4681 1003 4739 5-10,
1034 4681 1099 4731 C.
1133 4680 1248 4739 111,
1282 4691 1336 4740 q.
1377 4679 1426 4740 ὃς
1453 4691 1503 4730 c.
1536 4679 1586 4739 7,
1619 4680 1683 4732 C.
1725 4680 1826 4739 vl,
1857 4693 1911 4741 o.
1945 4682 1993 4742 4;
2020 4690 2069 4730 e.
2103 4679 2186 4739 16,
2229 4681 2299 4730 de
2333 4678 2667 4737 haereticis,
2697 4679 2767 4738 V,
2798 4678 2849 4738 2,
2884 4679 2945 4728 in
2974 4677 3100 4736 V103
3134 4687 3188 4727 e.
3220 4677 3280 4735 5,
3318 4679 3389 4728 de
3420 4677 3517 4737 pri-

530 4770 784 4831 vilepiis,
831 4771 900 4830 V,
936 4771 986 4831 7,
1036 4772 1097 4821 in
1133 4770 1258 4832 VI⁰;
1294 4770 1468 4823 Cone.
1506 4771 1794 4830 Trident„
1833 4782 1977 4823 sess.
2019 4770 2185 4831 XIII,
2226 4773 2296 4821 de
2332 4771 2468 4829 ref„
2506 4781 2555 4820 c.
2593 4768 2644 4830 8:
2679 4780 2822 4821 sess.
2869 4766 3067 4826 xxlv,
3110 4768 3185 4817 de
3220 4769 3368 4827 ret„
3404 4779 3453 4819 c.
3478 4768 3519 4821 ἐς

533 4860 591 4912 S.
629 4861 747 4911 Leo
783 4861 879 4921 IX,
920 4873 1010 4920 ep.
1050 4876 1079 4910 α
1117 4861 1263 4911 Cum
1300 4872 1372 4910 ew
1417 4860 1841 4911 venerabilium
1876 4875 1925 4922 ι),
1961 4861 2027 4912 17
2071 4861 2193 4912 dec.
2234 4860 2381 4919 1053,
2422 4860 2450 4920 1
2496 4861 2545 4922 4;
2585 4859 2883 4919 numius
2919 4858 3020 4915 IV,
3058 4868 3151 4917 ep.
3195 4872 3226 4907 α
3257 4854 3394 4907 Non
3421 4868 3514 4905 nse

532 4951 720 5001 diocri
752 4967 801 5011 r,
837 4964 893 5002 a.
929 4953 1076 5011 1430,
1118 4951 1144 5013 1
1189 4953 1271 5013 14;
1305 4950 1661 5004 Benedictus
1695 4951 1845 5011 XIV,
1891 4963 1981 5012 ep.
2021 4967 2050 5001 α
2084 4951 2156 5002 ln
2202 4954 2495 5010 postremo
2533 4965 2580 5009 n,
2618 4949 2684 5002 20
2718 4951 2831 5001 oet.
2864 4946 3010 5007 1756,
3056 4946 3082 5008 3
3122 4947 3207 5009 18;
3246 4946 3312 5000 S.
3346 4949 3411 5001 C.
3440 4948 3512 5000 G..

533 5040 832 5099 oxomen„
871 5041 904 5092 7
940 5042 1060 5093 lan.
1104 5041 1251 5102 1623:
1293 5041 1593 5100 viennen„
1630 5043 1698 5094 16
1734 5045 1909 5094 mart.
1959 5042 2107 5104 1647:
2143 5041 2488 5094 Pontificale
2525 5040 2714 5101 Rom..
2765 5040 2861 5091 tit.
2908 5039 3062 5090 Ordo
3100 5036 3512 5097 suspensionis,

536 5134 1064 5191 reconciliationis,
1131 5133 1539 5193 depositionis,
1597 5132 2078 5194 dispensationis,
2132 5131 2597 5191 depredationis,
2650 5134 2711 5182 et
2762 5129 3168 5182 restitutionis
3218 5141 3505 5181 saa-orus·

529 5224 819 5273 ordinum.

710 5321 737 5355 ³
769 5315 834 5365 Ο.
866 5314 949 5373 37,
983 5316 1054 5364 de
1084 5314 1366 5364 electione
1396 5316 1455 5364 et
1485 5313 1657 5364 eiecti
1687 5316 1999 5372 potestate,
2035 5314 2084 5374 1,
2115 5315 2167 5375 6,
2208 5313 2271 5364 in
2305 5313 2431 5374 V1⁰;
2460 5323 2510 5363 c.
2543 5312 2593 5373 4,
2629 5312 2700 5362 de
2739 5310 3033 5361 sententia
3065 5309 3507 5359 ammius·

533 5406 730 5464 tionis,
765 5405 1168 5463 suspensionis
1211 5407 1270 5454 et
1305 5402 1628 5462 interdicti,
1662 5405 1731 5465 V,
1775 5406 1858 5464 11,
1900 5406 1961 5456 ln
1993 5405 2120 5456 V10.
