<?xml version="1.0" encoding="UTF-8"?>
<!DOCTYPE html PUBLIC "-//W3C//DTD XHTML 1.0 Transitional//EN"
    "http://www.w3.org/TR/xhtml1/DTD/xhtml1-transitional.dtd">
<html xmlns="http://www.w3.org/1999/xhtml" xml:lang="en" lang="en">
 <head>
  <title>
</title>
<meta http-equiv="Content-Type" content="text/html;charset=utf-8" />
  <meta name='ocr-system' content='tesseract 3.04.00' />
  <meta name='ocr-capabilities' content='ocr_page ocr_carea ocr_par ocr_line ocrx_word'/>
</head>
<body>
  <div class='ocr_page' id='page_1' title='image "./codexiuriscanon00xgoog_0137.png"; bbox 0 0 3753 5871; ppageno 0'>
   <div class='ocr_carea' id='block_1_1' title="bbox 1184 393 3179 453">
    <p class='ocr_par' dir='ltr' id='par_1_1' title="bbox 1184 393 3179 453">
     <span class='ocr_line' id='line_1_1' title="bbox 1184 393 3179 453; baseline 0.001 -8"><span class='ocrx_word' id='word_1_1' title='bbox 1184 395 1360 446; x_wconf 70' lang='lat' dir='ltr'><strong>Liber</strong></span> <span class='ocrx_word' id='word_1_2' title='bbox 1390 394 1693 447; x_wconf 69' lang='lat' dir='ltr'><strong>socundus</strong></span> <span class='ocrx_word' id='word_1_3' title='bbox 1735 421 1754 433; x_wconf 93' lang='lat'><strong>·</strong></span> <span class='ocrx_word' id='word_1_4' title='bbox 1788 396 1878 447; x_wconf 75' lang='lat' dir='ltr'><strong>De</strong></span> <span class='ocrx_word' id='word_1_5' title='bbox 1920 396 2193 447; x_wconf 67' lang='lat' dir='ltr'><strong>personia</strong></span> <span class='ocrx_word' id='word_1_6' title='bbox 3102 393 3179 453; x_wconf 81' lang='lat'><strong>85</strong></span> 
     </span>
    </p>
   </div>
   <div class='ocr_carea' id='block_1_2' title="bbox 223 581 3171 1098">
    <p class='ocr_par' dir='ltr' id='par_1_2' title="bbox 225 581 3171 757">
     <span class='ocr_line' id='line_1_2' title="bbox 225 581 3171 669; baseline 0.001 -20"><span class='ocrx_word' id='word_1_7' title='bbox 225 581 566 665; x_wconf 78' lang='lat' dir='ltr'><strong>dioecesis,</strong></span> <span class='ocrx_word' id='word_1_8' title='bbox 603 589 825 666; x_wconf 88' lang='lat' dir='ltr'><strong>prout</strong></span> <span class='ocrx_word' id='word_1_9' title='bbox 859 601 1111 651; x_wconf 87' lang='lat' dir='ltr'><strong>eorum</strong></span> <span class='ocrx_word' id='word_1_10' title='bbox 1143 583 1449 652; x_wconf 88' lang='lat' dir='ltr'><strong>ecclesia</strong></span> <span class='ocrx_word' id='word_1_11' title='bbox 1478 584 1846 669; x_wconf 81' lang='lat' dir='ltr'><strong>dignitate</strong></span> <span class='ocrx_word' id='word_1_12' title='bbox 1875 585 2234 653; x_wconf 79' lang='lat' dir='ltr'><strong>abbatiali</strong></span> <span class='ocrx_word' id='word_1_13' title='bbox 2274 586 2391 653; x_wconf 85' lang='lat' dir='ltr'><strong>vel</strong></span> <span class='ocrx_word' id='word_1_14' title='bbox 2422 585 2859 669; x_wconf 88' lang='lat' dir='ltr'><strong>simpliciter</strong></span> <span class='ocrx_word' id='word_1_15' title='bbox 2891 585 3171 668; x_wconf 80' lang='lat' dir='ltr'><strong>praela·</strong></span> 
     </span>
     <span class='ocr_line' id='line_1_3' title="bbox 225 688 749 757; baseline 0.008 -4"><span class='ocrx_word' id='word_1_16' title='bbox 225 688 373 755; x_wconf 85' lang='lat' dir='ltr'><strong>titia</strong></span> <span class='ocrx_word' id='word_1_17' title='bbox 495 708 538 754; x_wconf 90' lang='lat' dir='ltr'><strong>u</strong></span> <span class='ocrx_word' id='word_1_18' title='bbox 699 689 749 757; x_wconf 83' lang='lat'><strong>¹.</strong></span> 
     </span>
    </p>

    <p class='ocr_par' dir='ltr' id='par_1_3' title="bbox 223 690 3171 1098">
     <span class='ocr_line' id='line_1_4' title="bbox 375 690 3171 884; baseline 0.001 -22"><span class='ocrx_word' id='word_1_19' title='bbox 375 707 517 878; x_wconf 51' lang='lat'><strong>583.</strong></span> <span class='ocrx_word' id='word_1_20' title='bbox 541 690 887 865; x_wconf 40' lang='lat' dir='ltr'><strong>{thaffu</strong></span> <span class='ocrx_word' id='word_1_21' title='bbox 922 799 1039 865; x_wconf 87' lang='lat' dir='ltr'><strong>vel</strong></span> <span class='ocrx_word' id='word_1_22' title='bbox 1069 799 1499 883; x_wconf 80' lang='lat' dir='ltr'>praelatura</span> <span class='ocrx_word' id='word_1_23' title='bbox 1524 798 1837 882; x_wconf 70' lang='lat' dir='ltr'><strong>nullius,</strong></span> <span class='ocrx_word' id='word_1_24' title='bbox 1866 799 2110 866; x_wconf 91' lang='lat' dir='ltr'><strong>tribus</strong></span> <span class='ocrx_word' id='word_1_25' title='bbox 2144 799 2406 866; x_wconf 90' lang='lat' dir='ltr'><strong>saltem</strong></span> <span class='ocrx_word' id='word_1_26' title='bbox 2438 799 2800 884; x_wconf 86' lang='lat' dir='ltr'><strong>paroeciis</strong></span> <span class='ocrx_word' id='word_1_27' title='bbox 2832 818 2977 866; x_wconf 92' lang='lat' dir='ltr'><strong>non</strong></span> <span class='ocrx_word' id='word_1_28' title='bbox 3006 817 3171 867; x_wconf 90' lang='lat' dir='ltr'><strong>con-</strong></span> 
     </span>
     <span class='ocr_line' id='line_1_5' title="bbox 224 906 3169 992; baseline 0.001 -23"><span class='ocrx_word' id='word_1_29' title='bbox 224 909 429 984; x_wconf 78' lang='lat' dir='ltr'><strong>stans,</strong></span> <span class='ocrx_word' id='word_1_30' title='bbox 474 906 838 991; x_wconf 78' lang='lat' dir='ltr'><strong>singulari</strong></span> <span class='ocrx_word' id='word_1_31' title='bbox 892 906 1053 972; x_wconf 87' lang='lat' dir='ltr'><strong>iure</strong></span> <span class='ocrx_word' id='word_1_32' title='bbox 1099 907 1406 992; x_wconf 86' lang='lat' dir='ltr'><strong>regitur,</strong></span> <span class='ocrx_word' id='word_1_33' title='bbox 1463 926 1595 975; x_wconf 89' lang='lat' dir='ltr'><strong>nec</strong></span> <span class='ocrx_word' id='word_1_34' title='bbox 1639 907 1872 975; x_wconf 88' lang='lat' dir='ltr'><strong>eidem</strong></span> <span class='ocrx_word' id='word_1_35' title='bbox 1916 907 2395 991; x_wconf 83' lang='lat' dir='ltr'><strong>applicantur</strong></span> <span class='ocrx_word' id='word_1_36' title='bbox 2439 925 2624 991; x_wconf 88' lang='lat' dir='ltr'><strong>quae</strong></span> <span class='ocrx_word' id='word_1_37' title='bbox 2665 925 2984 974; x_wconf 89' lang='lat' dir='ltr'><strong>canones</strong></span> <span class='ocrx_word' id='word_1_38' title='bbox 3026 911 3169 973; x_wconf 84' lang='lat' dir='ltr'><strong>sta·</strong></span> 
     </span>
     <span class='ocr_line' id='line_1_6' title="bbox 223 1013 1871 1098; baseline 0.003 -22"><span class='ocrx_word' id='word_1_39' title='bbox 223 1015 419 1082; x_wconf 86' lang='lat' dir='ltr'><strong>tuunt</strong></span> <span class='ocrx_word' id='word_1_40' title='bbox 450 1013 540 1080; x_wconf 92' lang='lat' dir='ltr'><strong>de</strong></span> <span class='ocrx_word' id='word_1_41' title='bbox 578 1013 900 1081; x_wconf 81' lang='lat' dir='ltr'><strong>abbatiis</strong></span> <span class='ocrx_word' id='word_1_42' title='bbox 933 1014 1046 1081; x_wconf 83' lang='lat' dir='ltr'><strong>vel</strong></span> <span class='ocrx_word' id='word_1_43' title='bbox 1082 1015 1533 1098; x_wconf 88' lang='lat' dir='ltr'><strong>praelaturis</strong></span> <span class='ocrx_word' id='word_1_44' title='bbox 1566 1014 1871 1081; x_wconf 69' lang='lat' dir='ltr'><strong>nullius.</strong></span> 
     </span>
    </p>
   </div>
   <div class='ocr_carea' id='block_1_3' title="bbox 1493 1191 1862 1259">
    <p class='ocr_par' dir='ltr' id='par_1_4' title="bbox 1493 1191 1862 1259">
     <span class='ocr_line' id='line_1_7' title="bbox 1493 1191 1862 1259; baseline -0.003 0"><span class='ocrx_word' id='word_1_45' title='bbox 1493 1191 1670 1259; x_wconf 72' lang='lat' dir='ltr'>CAN.</span> <span class='ocrx_word' id='word_1_46' title='bbox 1709 1191 1862 1259; x_wconf 84' lang='lat'><strong>320.</strong></span> 
     </span>
    </p>
   </div>
   <div class='ocr_carea' id='block_1_4' title="bbox 368 1312 3297 1394">
    <p class='ocr_par' dir='ltr' id='par_1_5' title="bbox 368 1312 3297 1394">
     <span class='ocr_line' id='line_1_8' title="bbox 368 1312 3297 1394; baseline 0.001 -15"><span class='ocrx_word' id='word_1_47' title='bbox 368 1312 402 1394; x_wconf 69' lang='grc' dir='ltr'><strong>ξ</strong></span> <span class='ocrx_word' id='word_1_48' title='bbox 446 1316 511 1379; x_wconf 95' lang='grc'><strong>1.</strong></span> <span class='ocrx_word' id='word_1_49' title='bbox 561 1315 889 1383; x_wconf 89' lang='lat' dir='ltr'><strong>Abbates</strong></span> <span class='ocrx_word' id='word_1_50' title='bbox 926 1317 1041 1383; x_wconf 87' lang='lat' dir='ltr'><strong>vel</strong></span> <span class='ocrx_word' id='word_1_51' title='bbox 1080 1314 1413 1384; x_wconf 86' lang='lat' dir='ltr'><strong>Praelati</strong></span> <span class='ocrx_word' id='word_1_52' title='bbox 1449 1315 1732 1383; x_wconf 69' lang='lat' dir='ltr'><strong>nullius</strong></span> <span class='ocrx_word' id='word_1_53' title='bbox 1769 1316 2251 1384; x_wconf 81' lang='lat' dir='ltr'><strong>nominantur</strong></span> <span class='ocrx_word' id='word_1_54' title='bbox 2286 1318 2364 1383; x_wconf 92' lang='lat' dir='ltr'><strong>et</strong></span> <span class='ocrx_word' id='word_1_55' title='bbox 2408 1316 2913 1383; x_wconf 87' lang='lat' dir='ltr'><strong>instituuntur</strong></span> <span class='ocrx_word' id='word_1_56' title='bbox 2949 1334 2997 1382; x_wconf 89' lang='lat' dir='ltr'><strong>a</strong></span> <span class='ocrx_word' id='word_1_57' title='bbox 3034 1315 3171 1382; x_wconf 86' lang='lat' dir='ltr'><strong>Ro·</strong></span> <span class='ocrx_word' id='word_1_58' title='bbox 3288 1314 3297 1323; x_wconf 84' lang='grc'><em>“</em></span> 
     </span>
    </p>
   </div>
   <div class='ocr_carea' id='block_1_5' title="bbox 216 1420 3175 1941">
    <p class='ocr_par' dir='ltr' id='par_1_6' title="bbox 216 1420 3175 1702">
     <span class='ocr_line' id='line_1_9' title="bbox 221 1420 3175 1508; baseline 0.003 -26"><span class='ocrx_word' id='word_1_59' title='bbox 221 1436 409 1488; x_wconf 83' lang='lat' dir='ltr'><strong>mano</strong></span> <span class='ocrx_word' id='word_1_60' title='bbox 443 1420 828 1505; x_wconf 87' lang='lat' dir='ltr'><strong>Pontifice,</strong></span> <span class='ocrx_word' id='word_1_61' title='bbox 871 1424 1078 1491; x_wconf 83' lang='lat' dir='ltr'><strong>salvo</strong></span> <span class='ocrx_word' id='word_1_62' title='bbox 1111 1424 1273 1491; x_wconf 91' lang='lat' dir='ltr'><strong>iure</strong></span> <span class='ocrx_word' id='word_1_63' title='bbox 1306 1424 1688 1492; x_wconf 80' lang='lat' dir='ltr'><strong>electionis</strong></span> <span class='ocrx_word' id='word_1_64' title='bbox 1723 1431 1857 1494; x_wconf 90' lang='lat' dir='ltr'><strong>aut</strong></span> <span class='ocrx_word' id='word_1_65' title='bbox 1904 1424 2548 1508; x_wconf 85' lang='lat' dir='ltr'><strong>praesentationis,</strong></span> <span class='ocrx_word' id='word_1_66' title='bbox 2590 1424 2656 1491; x_wconf 80' lang='lat' dir='ltr'><strong>si</strong></span> <span class='ocrx_word' id='word_1_67' title='bbox 2690 1424 2814 1491; x_wconf 91' lang='lat' dir='ltr'><strong>cui</strong></span> <span class='ocrx_word' id='word_1_68' title='bbox 2849 1422 3175 1508; x_wconf 79' lang='lat' dir='ltr'><strong>legitime</strong></span> 
     </span>
     <span class='ocr_line' id='line_1_10' title="bbox 216 1531 3175 1628; baseline 0.002 -36"><span class='ocrx_word' id='word_1_69' title='bbox 216 1535 580 1612; x_wconf 84' lang='lat' dir='ltr'><strong>competat;</strong></span> <span class='ocrx_word' id='word_1_70' title='bbox 611 1531 859 1614; x_wconf 88' lang='lat' dir='ltr'><strong>quoin</strong></span> <span class='ocrx_word' id='word_1_71' title='bbox 886 1549 1065 1598; x_wconf 91' lang='lat' dir='ltr'><strong>casu</strong></span> <span class='ocrx_word' id='word_1_72' title='bbox 1103 1532 1196 1599; x_wconf 87' lang='lat' dir='ltr'><strong>ab</strong></span> <span class='ocrx_word' id='word_1_73' title='bbox 1224 1532 1474 1628; x_wconf 76' lang='lat' dir='ltr'><strong>epdem</strong></span> <span class='ocrx_word' id='word_1_74' title='bbox 1510 1531 1844 1600; x_wconf 87' lang='lat' dir='ltr'><strong>Romano</strong></span> <span class='ocrx_word' id='word_1_75' title='bbox 1874 1531 2233 1600; x_wconf 84' lang='lat' dir='ltr'><strong>Pontifice</strong></span> <span class='ocrx_word' id='word_1_76' title='bbox 2260 1531 2685 1599; x_wconf 82' lang='lat' dir='ltr'><strong>confirmari</strong></span> <span class='ocrx_word' id='word_1_77' title='bbox 2712 1534 2849 1598; x_wconf 88' lang='lat' dir='ltr'><strong>aut</strong></span> <span class='ocrx_word' id='word_1_78' title='bbox 2875 1531 3175 1598; x_wconf 90' lang='lat' dir='ltr'><strong>institui</strong></span> 
     </span>
     <span class='ocr_line' id='line_1_11' title="bbox 219 1633 476 1702; baseline 0.012 -3"><span class='ocrx_word' id='word_1_79' title='bbox 219 1633 476 1702; x_wconf 87' lang='lat' dir='ltr'><strong>debent.</strong></span> 
     </span>
    </p>

    <p class='ocr_par' dir='ltr' id='par_1_7' title="bbox 220 1742 3170 1941">
     <span class='ocr_line' id='line_1_12' title="bbox 368 1742 3170 1834; baseline 0.002 -25"><span class='ocrx_word' id='word_1_80' title='bbox 368 1742 399 1827; x_wconf 64' lang='grc' dir='ltr'><strong>ξ</strong></span> <span class='ocrx_word' id='word_1_81' title='bbox 443 1743 508 1809; x_wconf 88' lang='grc'><strong>2.</strong></span> <span class='ocrx_word' id='word_1_82' title='bbox 564 1745 1005 1813; x_wconf 83' lang='lat' dir='ltr'><strong>Assumendi</strong></span> <span class='ocrx_word' id='word_1_83' title='bbox 1049 1746 1139 1814; x_wconf 88' lang='lat' dir='ltr'><strong>ad</strong></span> <span class='ocrx_word' id='word_1_84' title='bbox 1187 1746 1562 1814; x_wconf 86' lang='lat' dir='ltr'><strong>abbatiam</strong></span> <span class='ocrx_word' id='word_1_85' title='bbox 1602 1748 1719 1814; x_wconf 84' lang='lat' dir='ltr'><strong>vel</strong></span> <span class='ocrx_word' id='word_1_86' title='bbox 1758 1747 2262 1831; x_wconf 80' lang='lat' dir='ltr'><strong>praelaturam</strong></span> <span class='ocrx_word' id='word_1_87' title='bbox 2304 1747 2588 1814; x_wconf 70' lang='lat' dir='ltr'><strong>nullius</strong></span> <span class='ocrx_word' id='word_1_88' title='bbox 2638 1742 2898 1816; x_wconf 83' lang='lat' dir='ltr'><strong>iisdem</strong></span> <span class='ocrx_word' id='word_1_89' title='bbox 2942 1743 3170 1834; x_wconf 85' lang='lat' dir='ltr'><strong>quali·</strong></span> 
     </span>
     <span class='ocr_line' id='line_1_13' title="bbox 220 1849 2707 1941; baseline 0.002 -26"><span class='ocrx_word' id='word_1_90' title='bbox 220 1849 468 1917; x_wconf 81' lang='lat' dir='ltr'><strong>tatibus</strong></span> <span class='ocrx_word' id='word_1_91' title='bbox 500 1853 753 1921; x_wconf 88' lang='lat' dir='ltr'><strong>ornati</strong></span> <span class='ocrx_word' id='word_1_92' title='bbox 794 1872 951 1921; x_wconf 85' lang='lat' dir='ltr'><strong>esse</strong></span> <span class='ocrx_word' id='word_1_93' title='bbox 981 1854 1273 1938; x_wconf 88' lang='lat' dir='ltr'><strong>debent,</strong></span> <span class='ocrx_word' id='word_1_94' title='bbox 1320 1874 1506 1941; x_wconf 88' lang='lat' dir='ltr'><strong>quas</strong></span> <span class='ocrx_word' id='word_1_95' title='bbox 1537 1856 1655 1924; x_wconf 92' lang='lat' dir='ltr'><strong>ius</strong></span> <span class='ocrx_word' id='word_1_96' title='bbox 1690 1856 1770 1924; x_wconf 92' lang='lat' dir='ltr'><strong>in</strong></span> <span class='ocrx_word' id='word_1_97' title='bbox 1806 1855 2196 1941; x_wconf 87' lang='lat' dir='ltr'><strong>Episcopis</strong></span> <span class='ocrx_word' id='word_1_98' title='bbox 2240 1856 2555 1940; x_wconf 88' lang='lat' dir='ltr'><strong>requirit</strong></span> <span class='ocrx_word' id='word_1_99' title='bbox 2586 1853 2639 1921; x_wconf 84' lang='lat'><strong>².</strong></span> <span class='ocrx_word' id='word_1_100' title='bbox 2692 1866 2707 1872; x_wconf 84' lang='grc'><strong><em>’</em></strong></span> 
     </span>
    </p>
   </div>
   <div class='ocr_carea' id='block_1_6' title="bbox 1479 2032 1847 2100">
    <p class='ocr_par' dir='ltr' id='par_1_8' title="bbox 1479 2032 1847 2100">
     <span class='ocr_line' id='line_1_14' title="bbox 1479 2032 1847 2100; baseline -0.005 0"><span class='ocrx_word' id='word_1_101' title='bbox 1479 2032 1656 2100; x_wconf 76' lang='lat' dir='ltr'>CAN.</span> <span class='ocrx_word' id='word_1_102' title='bbox 1693 2032 1847 2100; x_wconf 84' lang='lat'><strong>321.</strong></span> 
     </span>
    </p>
   </div>
   <div class='ocr_carea' id='block_1_7' title="bbox 212 2151 3171 2457">
    <p class='ocr_par' dir='ltr' id='par_1_9' title="bbox 212 2151 3171 2457">
     <span class='ocr_line' id='line_1_15' title="bbox 365 2151 3171 2242; baseline 0 -22"><span class='ocrx_word' id='word_1_103' title='bbox 365 2155 440 2220; x_wconf 86' lang='lat' dir='ltr'><strong>Si</strong></span> <span class='ocrx_word' id='word_1_104' title='bbox 489 2156 615 2222; x_wconf 87' lang='lat' dir='ltr'><strong>cui</strong></span> <span class='ocrx_word' id='word_1_105' title='bbox 655 2155 968 2240; x_wconf 89' lang='lat' dir='ltr'><strong>collegio</strong></span> <span class='ocrx_word' id='word_1_106' title='bbox 1004 2161 1119 2224; x_wconf 89' lang='lat' dir='ltr'><strong>est</strong></span> <span class='ocrx_word' id='word_1_107' title='bbox 1160 2156 1278 2222; x_wconf 92' lang='lat' dir='ltr'><strong>ius</strong></span> <span class='ocrx_word' id='word_1_108' title='bbox 1319 2156 1636 2242; x_wconf 85' lang='lat' dir='ltr'><strong>eligendi</strong></span> <span class='ocrx_word' id='word_1_109' title='bbox 1678 2156 2041 2223; x_wconf 85' lang='lat' dir='ltr'><strong>Abbatem</strong></span> <span class='ocrx_word' id='word_1_110' title='bbox 2092 2157 2207 2223; x_wconf 84' lang='lat' dir='ltr'><strong>vel</strong></span> <span class='ocrx_word' id='word_1_111' title='bbox 2252 2154 2681 2223; x_wconf 87' lang='lat' dir='ltr'><strong>Praelatum</strong></span> <span class='ocrx_word' id='word_1_112' title='bbox 2722 2152 3034 2237; x_wconf 71' lang='lat' dir='ltr'><strong>nullius,</strong></span> <span class='ocrx_word' id='word_1_113' title='bbox 3076 2151 3171 2221; x_wconf 80' lang='lat' dir='ltr'><strong>ad</strong></span> 
     </span>
     <span class='ocr_line' id='line_1_16' title="bbox 213 2260 3169 2348; baseline 0.001 -24"><span class='ocrx_word' id='word_1_114' title='bbox 213 2260 500 2328; x_wconf 81' lang='lat' dir='ltr'><strong>validam</strong></span> <span class='ocrx_word' id='word_1_115' title='bbox 559 2262 991 2332; x_wconf 80' lang='lat' dir='ltr'><strong>electionem</strong></span> <span class='ocrx_word' id='word_1_116' title='bbox 1054 2265 1462 2348; x_wconf 86' lang='lat' dir='ltr'><strong>requiritur</strong></span> <span class='ocrx_word' id='word_1_117' title='bbox 1501 2282 1870 2332; x_wconf 85' lang='lat' dir='ltr'><strong>numerus</strong></span> <span class='ocrx_word' id='word_1_118' title='bbox 1926 2263 2448 2348; x_wconf 82' lang='lat' dir='ltr'><strong>suffragiorum</strong></span> <span class='ocrx_word' id='word_1_119' title='bbox 2508 2264 2844 2331; x_wconf 89' lang='lat' dir='ltr'><strong>absolute</strong></span> <span class='ocrx_word' id='word_1_120' title='bbox 2908 2261 3169 2344; x_wconf 88' lang='lat' dir='ltr'><strong>maior,</strong></span> 
     </span>
     <span class='ocr_line' id='line_1_17' title="bbox 212 2366 3171 2457; baseline 0.001 -24"><span class='ocrx_word' id='word_1_121' title='bbox 212 2366 498 2450; x_wconf 82' lang='lat' dir='ltr'><strong>demptis</strong></span> <span class='ocrx_word' id='word_1_122' title='bbox 523 2370 908 2456; x_wconf 84' lang='lat' dir='ltr'><strong>suffragiis</strong></span> <span class='ocrx_word' id='word_1_123' title='bbox 940 2371 1195 2451; x_wconf 89' lang='lat' dir='ltr'><strong>nullis,</strong></span> <span class='ocrx_word' id='word_1_124' title='bbox 1227 2371 1437 2440; x_wconf 84' lang='lat' dir='ltr'><strong>firmo</strong></span> <span class='ocrx_word' id='word_1_125' title='bbox 1470 2372 1830 2456; x_wconf 88' lang='lat' dir='ltr'><strong>peculiari</strong></span> <span class='ocrx_word' id='word_1_126' title='bbox 1855 2372 2018 2439; x_wconf 91' lang='lat' dir='ltr'><strong>iure</strong></span> <span class='ocrx_word' id='word_1_127' title='bbox 2049 2372 2240 2457; x_wconf 90' lang='lat' dir='ltr'><strong>quod</strong></span> <span class='ocrx_word' id='word_1_128' title='bbox 2269 2371 2617 2439; x_wconf 89' lang='lat' dir='ltr'><strong>maiorem</strong></span> <span class='ocrx_word' id='word_1_129' title='bbox 2648 2368 3171 2454; x_wconf 81' lang='lat' dir='ltr'><strong>suffragiorum</strong></span> 
     </span>
    </p>
   </div>
   <div class='ocr_carea' id='block_1_8' title="bbox 215 2478 1812 2654">
    <p class='ocr_par' dir='ltr' id='par_1_10' title="bbox 215 2478 1812 2654">
     <span class='ocr_line' id='line_1_18' title="bbox 215 2478 879 2562; baseline 0.012 -26"><span class='ocrx_word' id='word_1_130' title='bbox 215 2491 564 2543; x_wconf 87' lang='lat' dir='ltr'><strong>numerum</strong></span> <span class='ocrx_word' id='word_1_131' title='bbox 604 2478 879 2562; x_wconf 84' lang='lat' dir='ltr'><strong>exigat.</strong></span> 
     </span>
     <span class='ocr_line' id='line_1_19' title="bbox 1449 2586 1812 2654; baseline 0 0"><span class='ocrx_word' id='word_1_132' title='bbox 1449 2586 1626 2654; x_wconf 78' lang='lat' dir='ltr'>CAN.</span> <span class='ocrx_word' id='word_1_133' title='bbox 1657 2587 1812 2654; x_wconf 85' lang='lat'><strong>322.</strong></span> 
     </span>
    </p>
   </div>
   <div class='ocr_carea' id='block_1_9' title="bbox 209 2709 3205 3443">
    <p class='ocr_par' dir='ltr' id='par_1_11' title="bbox 211 2709 3205 3011">
     <span class='ocr_line' id='line_1_20' title="bbox 359 2709 3205 2796; baseline 0.002 -22"><span class='ocrx_word' id='word_1_134' title='bbox 359 2709 391 2791; x_wconf 68' lang='grc' dir='ltr'><strong>ξ</strong></span> <span class='ocrx_word' id='word_1_135' title='bbox 439 2713 502 2775; x_wconf 96' lang='grc'><strong>1.</strong></span> <span class='ocrx_word' id='word_1_136' title='bbox 553 2710 806 2777; x_wconf 88' lang='lat' dir='ltr'><strong>Abbas</strong></span> <span class='ocrx_word' id='word_1_137' title='bbox 842 2711 958 2777; x_wconf 82' lang='lat' dir='ltr'><strong>vel</strong></span> <span class='ocrx_word' id='word_1_138' title='bbox 992 2710 1385 2778; x_wconf 82' lang='lat' dir='ltr'><strong>Praelatus</strong></span> <span class='ocrx_word' id='word_1_139' title='bbox 1415 2711 1699 2777; x_wconf 72' lang='lat' dir='ltr'><strong>nullius</strong></span> <span class='ocrx_word' id='word_1_140' title='bbox 1729 2711 1985 2795; x_wconf 86' lang='lat' dir='ltr'><strong>nequit</strong></span> <span class='ocrx_word' id='word_1_141' title='bbox 2019 2711 2275 2795; x_wconf 81' lang='lat' dir='ltr'><strong>quovis</strong></span> <span class='ocrx_word' id='word_1_142' title='bbox 2313 2711 2538 2779; x_wconf 88' lang='lat' dir='ltr'><strong>titulo</strong></span> <span class='ocrx_word' id='word_1_143' title='bbox 2568 2712 2720 2779; x_wconf 82' lang='lat' dir='ltr'><strong>sive</strong></span> <span class='ocrx_word' id='word_1_144' title='bbox 2751 2730 2882 2796; x_wconf 90' lang='lat' dir='ltr'><strong>per</strong></span> <span class='ocrx_word' id='word_1_145' title='bbox 2913 2731 2990 2780; x_wconf 91' lang='lat' dir='ltr'><strong>se</strong></span> <span class='ocrx_word' id='word_1_146' title='bbox 3021 2712 3173 2779; x_wconf 84' lang='lat' dir='ltr'><strong>sive</strong></span> <span class='ocrx_word' id='word_1_147' title='bbox 3204 2743 3205 2746; x_wconf 38' lang='lat'>¹</span> 
     </span>
     <span class='ocr_line' id='line_1_21' title="bbox 215 2817 3168 2904; baseline 0.002 -24"><span class='ocrx_word' id='word_1_148' title='bbox 215 2830 322 2895; x_wconf 87' lang='lat' dir='ltr'><strong>per</strong></span> <span class='ocrx_word' id='word_1_149' title='bbox 353 2818 537 2884; x_wconf 85' lang='lat' dir='ltr'><strong>alios</strong></span> <span class='ocrx_word' id='word_1_150' title='bbox 565 2818 648 2883; x_wconf 89' lang='lat' dir='ltr'><strong>in</strong></span> <span class='ocrx_word' id='word_1_151' title='bbox 692 2817 1010 2902; x_wconf 87' lang='lat' dir='ltr'><strong>regimen</strong></span> <span class='ocrx_word' id='word_1_152' title='bbox 1042 2818 1384 2885; x_wconf 83' lang='lat' dir='ltr'><strong>abbatiae</strong></span> <span class='ocrx_word' id='word_1_153' title='bbox 1411 2820 1524 2885; x_wconf 84' lang='lat' dir='ltr'><strong>vel</strong></span> <span class='ocrx_word' id='word_1_154' title='bbox 1556 2819 2031 2902; x_wconf 81' lang='lat' dir='ltr'><strong>praelaturae</strong></span> <span class='ocrx_word' id='word_1_155' title='bbox 2062 2838 2139 2886; x_wconf 89' lang='lat' dir='ltr'><strong>se</strong></span> <span class='ocrx_word' id='word_1_156' title='bbox 2169 2818 2525 2903; x_wconf 82' lang='lat' dir='ltr'><strong>ingerere,</strong></span> <span class='ocrx_word' id='word_1_157' title='bbox 2558 2822 2952 2904; x_wconf 88' lang='lat' dir='ltr'><strong>antequam</strong></span> <span class='ocrx_word' id='word_1_158' title='bbox 2986 2818 3168 2885; x_wconf 92' lang='lat' dir='ltr'><strong>eius·</strong></span> 
     </span>
     <span class='ocr_line' id='line_1_22' title="bbox 211 2920 2326 3011; baseline 0.003 -23"><span class='ocrx_word' id='word_1_159' title='bbox 211 2920 342 2989; x_wconf 86' lang='lat' dir='ltr'><strong>dem</strong></span> <span class='ocrx_word' id='word_1_160' title='bbox 379 2926 905 3010; x_wconf 85' lang='lat' dir='ltr'><strong>possessiouem</strong></span> <span class='ocrx_word' id='word_1_161' title='bbox 949 2927 1253 3011; x_wconf 83' lang='lat' dir='ltr'><strong>ceperit,</strong></span> <span class='ocrx_word' id='word_1_162' title='bbox 1290 2926 1381 2994; x_wconf 86' lang='lat' dir='ltr'><strong>ad</strong></span> <span class='ocrx_word' id='word_1_163' title='bbox 1421 2944 1750 2994; x_wconf 89' lang='lat' dir='ltr'><strong>normam</strong></span> <span class='ocrx_word' id='word_1_164' title='bbox 1782 2945 1949 2994; x_wconf 91' lang='lat' dir='ltr'><strong>can.</strong></span> <span class='ocrx_word' id='word_1_165' title='bbox 1993 2926 2149 3009; x_wconf 83' lang='lat'><strong>334,</strong></span> <span class='ocrx_word' id='word_1_166' title='bbox 2190 2926 2224 3010; x_wconf 71' lang='grc' dir='ltr'><strong>ξ</strong></span> <span class='ocrx_word' id='word_1_167' title='bbox 2257 2927 2326 2995; x_wconf 90' lang='grc'><strong>3.</strong></span> 
     </span>
    </p>

    <p class='ocr_par' dir='ltr' id='par_1_12' title="bbox 209 3032 3173 3443">
     <span class='ocr_line' id='line_1_23' title="bbox 360 3032 3171 3124; baseline 0.001 -25"><span class='ocrx_word' id='word_1_168' title='bbox 360 3032 392 3113; x_wconf 69' lang='grc' dir='ltr'><strong>ξ</strong></span> <span class='ocrx_word' id='word_1_169' title='bbox 438 3033 503 3098; x_wconf 95' lang='grc'><strong>2.</strong></span> <span class='ocrx_word' id='word_1_170' title='bbox 559 3035 885 3101; x_wconf 81' lang='lat' dir='ltr'><strong>Abbates</strong></span> <span class='ocrx_word' id='word_1_171' title='bbox 928 3035 1040 3101; x_wconf 82' lang='lat' dir='ltr'><strong>vel</strong></span> <span class='ocrx_word' id='word_1_172' title='bbox 1085 3034 1412 3103; x_wconf 80' lang='lat' dir='ltr'><strong>Praelati</strong></span> <span class='ocrx_word' id='word_1_173' title='bbox 1468 3034 1750 3102; x_wconf 68' lang='lat' dir='ltr'><strong>nullius</strong></span> <span class='ocrx_word' id='word_1_174' title='bbox 1794 3035 1920 3124; x_wconf 87' lang='lat' dir='ltr'><strong>qui</strong></span> <span class='ocrx_word' id='word_1_175' title='bbox 1974 3055 2061 3102; x_wconf 85' lang='lat' dir='ltr'><strong>ex</strong></span> <span class='ocrx_word' id='word_1_176' title='bbox 2105 3035 2566 3119; x_wconf 88' lang='lat' dir='ltr'><strong>praescripto</strong></span> <span class='ocrx_word' id='word_1_177' title='bbox 2607 3033 3015 3119; x_wconf 83' lang='lat' dir='ltr'><strong>apostolico</strong></span> <span class='ocrx_word' id='word_1_178' title='bbox 3054 3035 3171 3102; x_wconf 83' lang='lat' dir='ltr'><strong>vel</strong></span> 
     </span>
     <span class='ocr_line' id='line_1_24' title="bbox 211 3142 3173 3226; baseline 0.002 -24"><span class='ocrx_word' id='word_1_179' title='bbox 211 3155 280 3202; x_wconf 80' lang='lat' dir='ltr'><strong>ex</strong></span> <span class='ocrx_word' id='word_1_180' title='bbox 308 3142 646 3224; x_wconf 88' lang='lat' dir='ltr'><strong>propriae</strong></span> <span class='ocrx_word' id='word_1_181' title='bbox 676 3142 1054 3226; x_wconf 78' lang='lat' dir='ltr'><strong>religionis</strong></span> <span class='ocrx_word' id='word_1_182' title='bbox 1083 3143 1744 3211; x_wconf 79' lang='lat' dir='ltr'><strong>constitutionibus</strong></span> <span class='ocrx_word' id='word_1_183' title='bbox 1778 3144 2110 3211; x_wconf 86' lang='lat' dir='ltr'><strong>benedici</strong></span> <span class='ocrx_word' id='word_1_184' title='bbox 2140 3144 2431 3225; x_wconf 87' lang='lat' dir='ltr'><strong>debent,</strong></span> <span class='ocrx_word' id='word_1_185' title='bbox 2471 3144 2675 3211; x_wconf 88' lang='lat' dir='ltr'><strong>intra</strong></span> <span class='ocrx_word' id='word_1_186' title='bbox 2705 3148 2860 3210; x_wconf 87' lang='lat' dir='ltr'><strong>tres</strong></span> <span class='ocrx_word' id='word_1_187' title='bbox 2889 3160 3173 3209; x_wconf 87' lang='lat' dir='ltr'><strong>menses</strong></span> 
     </span>
     <span class='ocr_line' id='line_1_25' title="bbox 209 3249 3167 3338; baseline 0.003 -29"><span class='ocrx_word' id='word_1_188' title='bbox 209 3262 247 3309; x_wconf 85' lang='lat' dir='ltr'><strong>a</strong></span> <span class='ocrx_word' id='word_1_189' title='bbox 272 3266 416 3317; x_wconf 80' lang='lat' dir='ltr'><strong>rece</strong></span> <span class='ocrx_word' id='word_1_190' title='bbox 468 3252 570 3318; x_wconf 80' lang='lat' dir='ltr'><strong>tis</strong></span> <span class='ocrx_word' id='word_1_191' title='bbox 602 3250 881 3318; x_wconf 88' lang='lat' dir='ltr'><strong>litteris</strong></span> <span class='ocrx_word' id='word_1_192' title='bbox 920 3250 1372 3334; x_wconf 75' lang='lat' dir='ltr'><strong>apostolicis.</strong></span> <span class='ocrx_word' id='word_1_193' title='bbox 1407 3256 1742 3319; x_wconf 86' lang='lat' dir='ltr'><strong>cessante</strong></span> <span class='ocrx_word' id='word_1_194' title='bbox 1781 3252 2115 3338; x_wconf 88' lang='lat' dir='ltr'><strong>legitimo</strong></span> <span class='ocrx_word' id='word_1_195' title='bbox 2145 3251 2692 3336; x_wconf 87' lang='lat' dir='ltr'><strong>impedimento,</strong></span> <span class='ocrx_word' id='word_1_196' title='bbox 2731 3249 3167 3318; x_wconf 85' lang='lat' dir='ltr'><strong>benedictio·</strong></span> 
     </span>
     <span class='ocr_line' id='line_1_26' title="bbox 211 3357 2100 3443; baseline 0.005 -27"><span class='ocrx_word' id='word_1_197' title='bbox 211 3368 343 3419; x_wconf 86' lang='lat' dir='ltr'><strong>uem</strong></span> <span class='ocrx_word' id='word_1_198' title='bbox 373 3373 419 3420; x_wconf 89' lang='lat' dir='ltr'><strong>a</strong></span> <span class='ocrx_word' id='word_1_199' title='bbox 503 3357 897 3440; x_wconf 82' lang='lat' dir='ltr'><strong>Episcopo,</strong></span> <span class='ocrx_word' id='word_1_200' title='bbox 934 3376 1140 3442; x_wconf 87' lang='lat' dir='ltr'><strong>quem</strong></span> <span class='ocrx_word' id='word_1_201' title='bbox 1178 3359 1602 3435; x_wconf 84' lang='lat' dir='ltr'><strong>maluerint,</strong></span> <span class='ocrx_word' id='word_1_202' title='bbox 1636 3360 2013 3443; x_wconf 82' lang='lat' dir='ltr'><strong>accipiant</strong></span> <span class='ocrx_word' id='word_1_203' title='bbox 2048 3359 2100 3425; x_wconf 86' lang='lat'><strong>³.</strong></span> 
     </span>
    </p>
   </div>
   <div class='ocr_carea' id='block_1_10' title="bbox 1475 3536 1845 3604">
    <p class='ocr_par' dir='ltr' id='par_1_13' title="bbox 1475 3536 1845 3604">
     <span class='ocr_line' id='line_1_27' title="bbox 1475 3536 1845 3604; baseline -0.003 0"><span class='ocrx_word' id='word_1_204' title='bbox 1475 3536 1653 3604; x_wconf 70' lang='lat' dir='ltr'><strong>om.</strong></span> <span class='ocrx_word' id='word_1_205' title='bbox 1692 3537 1845 3603; x_wconf 82' lang='lat'><strong>323.</strong></span> 
     </span>
    </p>
   </div>
   <div class='ocr_carea' id='block_1_11' title="bbox 203 3659 3171 4499">
    <p class='ocr_par' dir='ltr' id='par_1_14' title="bbox 208 3659 3169 3961">
     <span class='ocr_line' id='line_1_28' title="bbox 357 3659 3169 3745; baseline 0.001 -20"><span class='ocrx_word' id='word_1_206' title='bbox 357 3659 388 3740; x_wconf 84' lang='lat'>§</span> <span class='ocrx_word' id='word_1_207' title='bbox 421 3663 482 3726; x_wconf 91' lang='lat'><strong>1.</strong></span> <span class='ocrx_word' id='word_1_208' title='bbox 511 3660 766 3727; x_wconf 80' lang='lat' dir='ltr'><strong>Abbas</strong></span> <span class='ocrx_word' id='word_1_209' title='bbox 790 3659 905 3726; x_wconf 85' lang='lat' dir='ltr'><strong>vel</strong></span> <span class='ocrx_word' id='word_1_210' title='bbox 931 3659 1323 3727; x_wconf 85' lang='lat' dir='ltr'><strong>Praelatus</strong></span> <span class='ocrx_word' id='word_1_211' title='bbox 1353 3660 1636 3726; x_wconf 71' lang='lat' dir='ltr'><strong>nullius</strong></span> <span class='ocrx_word' id='word_1_212' title='bbox 1658 3660 1947 3728; x_wconf 87' lang='lat' dir='ltr'><strong>easdem</strong></span> <span class='ocrx_word' id='word_1_213' title='bbox 1980 3664 2386 3745; x_wconf 88' lang='lat' dir='ltr'><strong>potestates</strong></span> <span class='ocrx_word' id='word_1_214' title='bbox 2410 3660 2830 3728; x_wconf 73' lang='lat' dir='ltr'><strong>ordinarias</strong></span> <span class='ocrx_word' id='word_1_215' title='bbox 2852 3660 3169 3729; x_wconf 88' lang='lat' dir='ltr'><strong>easdem·</strong></span> 
     </span>
     <span class='ocr_line' id='line_1_29' title="bbox 210 3766 3166 3854; baseline 0.002 -24"><span class='ocrx_word' id='word_1_216' title='bbox 210 3777 325 3845; x_wconf 84' lang='lat' dir='ltr'><strong>que</strong></span> <span class='ocrx_word' id='word_1_217' title='bbox 365 3766 856 3853; x_wconf 79' lang='lat' dir='ltr'><strong>obligationes</strong></span> <span class='ocrx_word' id='word_1_218' title='bbox 900 3785 1063 3834; x_wconf 89' lang='lat' dir='ltr'><strong>cum</strong></span> <span class='ocrx_word' id='word_1_219' title='bbox 1117 3768 1373 3837; x_wconf 84' lang='lat' dir='ltr'><strong>iisdem</strong></span> <span class='ocrx_word' id='word_1_220' title='bbox 1423 3768 1932 3836; x_wconf 88' lang='lat' dir='ltr'><strong>sanctionibus</strong></span> <span class='ocrx_word' id='word_1_221' title='bbox 1979 3769 2224 3844; x_wconf 89' lang='lat' dir='ltr'><strong>habet,</strong></span> <span class='ocrx_word' id='word_1_222' title='bbox 2286 3787 2472 3854; x_wconf 90' lang='lat' dir='ltr'><strong>quae</strong></span> <span class='ocrx_word' id='word_1_223' title='bbox 2517 3772 2949 3853; x_wconf 89' lang='lat' dir='ltr'><strong>competunt</strong></span> <span class='ocrx_word' id='word_1_224' title='bbox 2994 3769 3166 3854; x_wconf 82' lang='lat' dir='ltr'><strong>Epi-</strong></span> 
     </span>
     <span class='ocr_line' id='line_1_30' title="bbox 208 3875 1971 3961; baseline 0.005 -26"><span class='ocrx_word' id='word_1_225' title='bbox 208 3875 418 3955; x_wconf 77' lang='lat' dir='ltr'><strong>scopis</strong></span> <span class='ocrx_word' id='word_1_226' title='bbox 459 3875 1065 3943; x_wconf 85' lang='lat' dir='ltr'><strong>residentialibus</strong></span> <span class='ocrx_word' id='word_1_227' title='bbox 1104 3876 1178 3941; x_wconf 90' lang='lat' dir='ltr'><strong>in</strong></span> <span class='ocrx_word' id='word_1_228' title='bbox 1223 3876 1525 3961; x_wconf 83' lang='lat' dir='ltr'><strong>propria</strong></span> <span class='ocrx_word' id='word_1_229' title='bbox 1570 3876 1885 3945; x_wconf 85' lang='lat' dir='ltr'><strong>dioecesi</strong></span> <span class='ocrx_word' id='word_1_230' title='bbox 1915 3876 1971 3944; x_wconf 78' lang='lat'><strong>⁴.</strong></span> 
     </span>
    </p>

    <p class='ocr_par' dir='ltr' id='par_1_15' title="bbox 203 3981 3169 4286">
     <span class='ocr_line' id='line_1_31' title="bbox 356 3981 3168 4071; baseline 0 -23"><span class='ocrx_word' id='word_1_231' title='bbox 356 3981 387 4060; x_wconf 71' lang='grc' dir='ltr'><strong>ξ</strong></span> <span class='ocrx_word' id='word_1_232' title='bbox 433 3982 497 4049; x_wconf 93' lang='grc'><strong>2.</strong></span> <span class='ocrx_word' id='word_1_233' title='bbox 553 3982 633 4050; x_wconf 85' lang='lat' dir='ltr'><strong>Si</strong></span> <span class='ocrx_word' id='word_1_234' title='bbox 694 3984 1121 4054; x_wconf 82' lang='lat' dir='ltr'><strong>charactere</strong></span> <span class='ocrx_word' id='word_1_235' title='bbox 1165 3985 1562 4071; x_wconf 82' lang='lat' dir='ltr'><strong>episcopali</strong></span> <span class='ocrx_word' id='word_1_236' title='bbox 1615 4004 1759 4053; x_wconf 88' lang='lat' dir='ltr'><strong>non</strong></span> <span class='ocrx_word' id='word_1_237' title='bbox 1810 3985 1912 4053; x_wconf 90' lang='lat' dir='ltr'><strong>sit</strong></span> <span class='ocrx_word' id='word_1_238' title='bbox 1956 3989 2267 4053; x_wconf 90' lang='lat' dir='ltr'><strong>ornatus</strong></span> <span class='ocrx_word' id='word_1_239' title='bbox 2322 3988 2397 4052; x_wconf 87' lang='lat' dir='ltr'><strong>et</strong></span> <span class='ocrx_word' id='word_1_240' title='bbox 2445 3983 3049 4066; x_wconf 87' lang='lat' dir='ltr'><strong>benedictionem,</strong></span> <span class='ocrx_word' id='word_1_241' title='bbox 3102 3984 3168 4049; x_wconf 90' lang='lat' dir='ltr'><strong>si</strong></span> 
     </span>
     <span class='ocr_line' id='line_1_32' title="bbox 206 4090 3169 4179; baseline -0.001 -20"><span class='ocrx_word' id='word_1_242' title='bbox 206 4102 336 4152; x_wconf 73' lang='lat' dir='ltr'><strong>enm</strong></span> <span class='ocrx_word' id='word_1_243' title='bbox 373 4092 697 4177; x_wconf 85' lang='lat' dir='ltr'><strong>recipere</strong></span> <span class='ocrx_word' id='word_1_244' title='bbox 731 4092 971 4166; x_wconf 90' lang='lat' dir='ltr'><strong>debet,</strong></span> <span class='ocrx_word' id='word_1_245' title='bbox 1011 4095 1389 4177; x_wconf 88' lang='lat' dir='ltr'><strong>receperit.</strong></span> <span class='ocrx_word' id='word_1_246' title='bbox 1429 4097 1726 4179; x_wconf 83' lang='lat' dir='ltr'><strong>praeter</strong></span> <span class='ocrx_word' id='word_1_247' title='bbox 1766 4094 1917 4160; x_wconf 89' lang='lat' dir='ltr'><strong>alia</strong></span> <span class='ocrx_word' id='word_1_248' title='bbox 1953 4111 2262 4160; x_wconf 84' lang='lat' dir='ltr'><strong>munera</strong></span> <span class='ocrx_word' id='word_1_249' title='bbox 2305 4111 2491 4176; x_wconf 84' lang='lat' dir='ltr'><strong>quae</strong></span> <span class='ocrx_word' id='word_1_250' title='bbox 2529 4092 2604 4159; x_wconf 92' lang='lat' dir='ltr'><strong>in</strong></span> <span class='ocrx_word' id='word_1_251' title='bbox 2643 4110 2807 4159; x_wconf 89' lang='lat' dir='ltr'><strong>can.</strong></span> <span class='ocrx_word' id='word_1_252' title='bbox 2854 4091 3009 4174; x_wconf 86' lang='lat'><strong>294,</strong></span> <span class='ocrx_word' id='word_1_253' title='bbox 3050 4091 3085 4174; x_wconf 65' lang='grc' dir='ltr'><strong>ξ</strong></span> <span class='ocrx_word' id='word_1_254' title='bbox 3124 4090 3169 4157; x_wconf 89' lang='grc'><strong>2</strong></span> 
     </span>
     <span class='ocr_line' id='line_1_33' title="bbox 203 4190 3047 4286; baseline 0.001 -26"><span class='ocrx_word' id='word_1_255' title='bbox 203 4190 722 4272; x_wconf 81' lang='lat' dir='ltr'><strong>describuntur,</strong></span> <span class='ocrx_word' id='word_1_256' title='bbox 756 4204 1003 4283; x_wconf 88' lang='lat' dir='ltr'><strong>potest</strong></span> <span class='ocrx_word' id='word_1_257' title='bbox 1035 4220 1320 4286; x_wconf 86' lang='lat' dir='ltr'><strong>quoque</strong></span> <span class='ocrx_word' id='word_1_258' title='bbox 1355 4201 1701 4270; x_wconf 86' lang='lat' dir='ltr'><strong>ecclesias</strong></span> <span class='ocrx_word' id='word_1_259' title='bbox 1733 4207 1806 4269; x_wconf 90' lang='lat' dir='ltr'><strong>et</strong></span> <span class='ocrx_word' id='word_1_260' title='bbox 1837 4202 2116 4269; x_wconf 86' lang='lat' dir='ltr'><strong>altaria</strong></span> <span class='ocrx_word' id='word_1_261' title='bbox 2153 4200 2557 4268; x_wconf 86' lang='lat' dir='ltr'><strong>immobilia</strong></span> <span class='ocrx_word' id='word_1_262' title='bbox 2588 4217 3047 4268; x_wconf 84' lang='lat' dir='ltr'><strong>consecra-re.</strong></span> 
     </span>
    </p>

    <p class='ocr_par' dir='ltr' id='par_1_16' title="bbox 205 4304 3171 4499">
     <span class='ocr_line' id='line_1_34' title="bbox 358 4304 3171 4390; baseline -0.001 -16"><span class='ocrx_word' id='word_1_263' title='bbox 358 4304 390 4386; x_wconf 67' lang='lat'>5</span> <span class='ocrx_word' id='word_1_264' title='bbox 432 4306 499 4374; x_wconf 88' lang='grc'><strong>3.</strong></span> <span class='ocrx_word' id='word_1_265' title='bbox 551 4308 768 4385; x_wconf 89' lang='lat' dir='ltr'><strong>Quod</strong></span> <span class='ocrx_word' id='word_1_266' title='bbox 845 4309 1118 4377; x_wconf 87' lang='lat' dir='ltr'><strong>attinet</strong></span> <span class='ocrx_word' id='word_1_267' title='bbox 1157 4310 1249 4376; x_wconf 92' lang='lat' dir='ltr'><strong>ad</strong></span> <span class='ocrx_word' id='word_1_268' title='bbox 1305 4310 1588 4378; x_wconf 79' lang='lat' dir='ltr'><strong>vicarii</strong></span> <span class='ocrx_word' id='word_1_269' title='bbox 1633 4310 2020 4378; x_wconf 89' lang='lat' dir='ltr'><strong>Generalis</strong></span> <span class='ocrx_word' id='word_1_270' title='bbox 2080 4308 2712 4390; x_wconf 84' lang='lat' dir='ltr'><strong>constitutionem,</strong></span> <span class='ocrx_word' id='word_1_271' title='bbox 2783 4310 3171 4373; x_wconf 84' lang='lat' dir='ltr'><strong>serventur</strong></span> 
     </span>
     <span class='ocr_line' id='line_1_35' title="bbox 205 4414 1180 4499; baseline 0.006 -23"><span class='ocrx_word' id='word_1_272' title='bbox 205 4414 632 4499; x_wconf 80' lang='lat' dir='ltr'><strong>praescripta</strong></span> <span class='ocrx_word' id='word_1_273' title='bbox 668 4433 833 4481; x_wconf 83' lang='lat' dir='ltr'><strong>can.</strong></span> <span class='ocrx_word' id='word_1_274' title='bbox 869 4415 1180 4484; x_wconf 79' lang='lat'><strong>366·371.</strong></span> 
     </span>
    </p>
   </div>
   <div class='ocr_carea' id='block_1_12' title="bbox 1466 4540 1841 4608">
    <p class='ocr_par' dir='ltr' id='par_1_17' title="bbox 1466 4540 1841 4608">
     <span class='ocr_line' id='line_1_36' title="bbox 1466 4540 1841 4608; baseline -0.003 0"><span class='ocrx_word' id='word_1_275' title='bbox 1466 4540 1642 4608; x_wconf 70' lang='lat' dir='ltr'><strong>cm.</strong></span> <span class='ocrx_word' id='word_1_276' title='bbox 1687 4540 1841 4607; x_wconf 76' lang='grc'><strong>324.</strong></span> 
     </span>
    </p>
   </div>
   <div class='ocr_carea' id='block_1_13' title="bbox 197 4655 3163 4856">
    <p class='ocr_par' dir='ltr' id='par_1_18' title="bbox 197 4655 3163 4856">
     <span class='ocr_line' id='line_1_37' title="bbox 352 4655 3163 4751; baseline 0.002 -29"><span class='ocrx_word' id='word_1_277' title='bbox 352 4655 784 4741; x_wconf 87' lang='lat' dir='ltr'><strong>Capitulum</strong></span> <span class='ocrx_word' id='word_1_278' title='bbox 829 4659 1250 4743; x_wconf 88' lang='lat' dir='ltr'><strong>religiosum</strong></span> <span class='ocrx_word' id='word_1_279' title='bbox 1291 4662 1633 4730; x_wconf 88' lang='lat' dir='ltr'><strong>abbatiae</strong></span> <span class='ocrx_word' id='word_1_280' title='bbox 1671 4662 1786 4729; x_wconf 84' lang='lat' dir='ltr'><strong>vel</strong></span> <span class='ocrx_word' id='word_1_281' title='bbox 1835 4662 2308 4747; x_wconf 88' lang='lat' dir='ltr'><strong>praelaturae</strong></span> <span class='ocrx_word' id='word_1_282' title='bbox 2346 4662 2627 4728; x_wconf 75' lang='lat' dir='ltr'><strong>null-ius</strong></span> <span class='ocrx_word' id='word_1_283' title='bbox 2672 4662 2955 4751; x_wconf 87' lang='lat' dir='ltr'><strong>regitur</strong></span> <span class='ocrx_word' id='word_1_284' title='bbox 3003 4680 3163 4745; x_wconf 89' lang='lat' dir='ltr'><strong>pro·</strong></span> 
     </span>
     <span class='ocr_line' id='line_1_38' title="bbox 197 4759 3077 4856; baseline 0.002 -28"><span class='ocrx_word' id='word_1_285' title='bbox 197 4759 364 4845; x_wconf 82' lang='lat' dir='ltr'><strong>priis</strong></span> <span class='ocrx_word' id='word_1_286' title='bbox 398 4766 681 4848; x_wconf 84' lang='lat' dir='ltr'><strong>legibus</strong></span> <span class='ocrx_word' id='word_1_287' title='bbox 715 4785 803 4834; x_wconf 88' lang='lat' dir='ltr'><strong>ac</strong></span> <span class='ocrx_word' id='word_1_288' title='bbox 844 4769 1527 4855; x_wconf 88' lang='lat' dir='ltr'><strong>constitutionibus;</strong></span> <span class='ocrx_word' id='word_1_289' title='bbox 1561 4771 1997 4856; x_wconf 87' lang='lat' dir='ltr'><strong>Capitulum</strong></span> <span class='ocrx_word' id='word_1_290' title='bbox 2043 4771 2443 4854; x_wconf 86' lang='lat' dir='ltr'><strong>saeculare,</strong></span> <span class='ocrx_word' id='word_1_291' title='bbox 2483 4771 2646 4838; x_wconf 87' lang='lat' dir='ltr'><strong>iure</strong></span> <span class='ocrx_word' id='word_1_292' title='bbox 2681 4770 3077 4838; x_wconf 87' lang='lat' dir='ltr'><strong>communi.</strong></span> 
     </span>
    </p>
   </div>
   <div class='ocr_carea' id='block_1_14' title="bbox 204 5029 3165 5629">
    <p class='ocr_par' dir='ltr' id='par_1_19' title="bbox 206 5029 3165 5184">
     <span class='ocr_line' id='line_1_39' title="bbox 348 5029 3165 5097; baseline 0.001 -15"><span class='ocrx_word' id='word_1_293' title='bbox 348 5029 366 5063; x_wconf 89' lang='lat'>¹</span> <span class='ocrx_word' id='word_1_294' title='bbox 405 5029 762 5084; x_wconf 83' lang='lat' dir='ltr'><strong>Benedictus</strong></span> <span class='ocrx_word' id='word_1_295' title='bbox 792 5033 945 5091; x_wconf 81' lang='lat' dir='ltr'><strong>XIV,</strong></span> <span class='ocrx_word' id='word_1_296' title='bbox 980 5038 1164 5084; x_wconf 81' lang='lat' dir='ltr'><strong>const.</strong></span> <span class='ocrx_word' id='word_1_297' title='bbox 1199 5050 1230 5083; x_wconf 73' lang='grc' dir='ltr'>ι</span> <span class='ocrx_word' id='word_1_298' title='bbox 1258 5033 1627 5092; x_wconf 61' lang='lat' dir='ltr'><strong>apostolicae</strong></span> <span class='ocrx_word' id='word_1_299' title='bbox 1663 5035 1972 5086; x_wconf 69' lang='lat' dir='ltr'><strong>servitutis</strong></span> <span class='ocrx_word' id='word_1_300' title='bbox 2003 5051 2053 5096; x_wconf 65' lang='lat' dir='ltr'><strong>n,</strong></span> <span class='ocrx_word' id='word_1_301' title='bbox 2084 5037 2150 5086; x_wconf 82' lang='lat'><strong>14</strong></span> <span class='ocrx_word' id='word_1_302' title='bbox 2178 5037 2352 5087; x_wconf 83' lang='lat' dir='ltr'><strong>mart.</strong></span> <span class='ocrx_word' id='word_1_303' title='bbox 2386 5035 2534 5097; x_wconf 80' lang='grc'><strong>1743,</strong></span> <span class='ocrx_word' id='word_1_304' title='bbox 2571 5036 2598 5097; x_wconf 63' lang='grc' dir='ltr'><strong>ς</strong></span> <span class='ocrx_word' id='word_1_305' title='bbox 2636 5036 2687 5096; x_wconf 90' lang='grc'><strong>2,</strong></span> <span class='ocrx_word' id='word_1_306' title='bbox 2716 5036 2767 5097; x_wconf 59' lang='lat' dir='ltr'><strong>m</strong></span> <span class='ocrx_word' id='word_1_307' title='bbox 2793 5039 2978 5087; x_wconf 81' lang='lat' dir='ltr'><strong>const.</strong></span> <span class='ocrx_word' id='word_1_308' title='bbox 3011 5051 3040 5085; x_wconf 72' lang='grc' dir='ltr'><strong>α</strong></span> <span class='ocrx_word' id='word_1_309' title='bbox 3068 5035 3165 5085; x_wconf 77' lang='lat' dir='ltr'><strong>In·</strong></span> 
     </span>
     <span class='ocr_line' id='line_1_40' title="bbox 206 5114 1723 5184; baseline 0.005 -19"><span class='ocrx_word' id='word_1_310' title='bbox 206 5114 284 5161; x_wconf 66' lang='lat' dir='ltr'><strong>ter</strong></span> <span class='ocrx_word' id='word_1_311' title='bbox 308 5118 485 5169; x_wconf 65' lang='lat' dir='ltr'><strong>nnita</strong></span> <span class='ocrx_word' id='word_1_312' title='bbox 515 5136 564 5182; x_wconf 71' lang='grc' dir='ltr'><strong>ι,</strong></span> <span class='ocrx_word' id='word_1_313' title='bbox 597 5124 632 5171; x_wconf 74' lang='lat'>4</span> <span class='ocrx_word' id='word_1_314' title='bbox 659 5133 788 5184; x_wconf 83' lang='lat' dir='ltr'><strong>apr.</strong></span> <span class='ocrx_word' id='word_1_315' title='bbox 821 5122 969 5183; x_wconf 58' lang='lat' dir='ltr'>154·ss</span> <span class='ocrx_word' id='word_1_316' title='bbox 1001 5121 1060 5174; x_wconf 78' lang='lat' dir='ltr'><strong>S.</strong></span> <span class='ocrx_word' id='word_1_317' title='bbox 1091 5121 1157 5175; x_wconf 85' lang='lat' dir='ltr'><strong>O.</strong></span> <span class='ocrx_word' id='word_1_318' title='bbox 1190 5124 1279 5184; x_wconf 85' lang='lat' dir='ltr'><strong>C.,</strong></span> <span class='ocrx_word' id='word_1_319' title='bbox 1318 5125 1384 5175; x_wconf 81' lang='lat'><strong>14</strong></span> <span class='ocrx_word' id='word_1_320' title='bbox 1417 5126 1534 5175; x_wconf 77' lang='lat' dir='ltr'><strong>ian.</strong></span> <span class='ocrx_word' id='word_1_321' title='bbox 1577 5122 1723 5174; x_wconf 74' lang='grc'><strong>1721.</strong></span> 
     </span>
    </p>

    <p class='ocr_par' dir='ltr' id='par_1_20' title="bbox 342 5209 2504 5274">
     <span class='ocr_line' id='line_1_41' title="bbox 342 5209 2504 5274; baseline 0.001 -13"><span class='ocrx_word' id='word_1_322' title='bbox 342 5209 369 5245; x_wconf 87' lang='lat'>²</span> <span class='ocrx_word' id='word_1_323' title='bbox 403 5210 722 5272; x_wconf 78' lang='lat' dir='ltr'><strong>Gregorius</strong></span> <span class='ocrx_word' id='word_1_324' title='bbox 750 5212 904 5272; x_wconf 78' lang='lat' dir='ltr'><strong>XIV,</strong></span> <span class='ocrx_word' id='word_1_325' title='bbox 942 5216 1124 5264; x_wconf 82' lang='lat' dir='ltr'><strong>const.</strong></span> <span class='ocrx_word' id='word_1_326' title='bbox 1159 5229 1189 5264; x_wconf 71' lang='grc' dir='ltr'><strong>α</strong></span> <span class='ocrx_word' id='word_1_327' title='bbox 1222 5212 1382 5264; x_wconf 72' lang='lat' dir='ltr'><strong>Onus</strong></span> <span class='ocrx_word' id='word_1_328' title='bbox 1419 5212 1789 5272; x_wconf 59' lang='lat' dir='ltr'><strong>apostoncae</strong></span> <span class='ocrx_word' id='word_1_329' title='bbox 1820 5228 1869 5273; x_wconf 71' lang='grc' dir='ltr'><strong>ι,</strong></span> <span class='ocrx_word' id='word_1_330' title='bbox 1903 5214 1968 5264; x_wconf 86' lang='grc'><strong>15</strong></span> <span class='ocrx_word' id='word_1_331' title='bbox 1996 5213 2141 5263; x_wconf 82' lang='lat' dir='ltr'><strong>mall</strong></span> <span class='ocrx_word' id='word_1_332' title='bbox 2171 5212 2318 5274; x_wconf 76' lang='lat'><strong>1591,</strong></span> <span class='ocrx_word' id='word_1_333' title='bbox 2357 5213 2384 5274; x_wconf 65' lang='grc' dir='ltr'><strong>ς</strong></span> <span class='ocrx_word' id='word_1_334' title='bbox 2423 5212 2504 5265; x_wconf 90' lang='grc'><strong>12.</strong></span> 
     </span>
    </p>

    <p class='ocr_par' dir='ltr' id='par_1_21' title="bbox 342 5298 1923 5360">
     <span class='ocr_line' id='line_1_42' title="bbox 342 5298 1923 5360; baseline 0.001 -10"><span class='ocrx_word' id='word_1_335' title='bbox 342 5298 367 5333; x_wconf 79' lang='lat'><strong>³</strong></span> <span class='ocrx_word' id='word_1_336' title='bbox 404 5299 746 5352; x_wconf 70' lang='lat' dir='ltr'><strong>pontificale</strong></span> <span class='ocrx_word' id='word_1_337' title='bbox 781 5300 969 5360; x_wconf 79' lang='lat' dir='ltr'><strong>Rom..</strong></span> <span class='ocrx_word' id='word_1_338' title='bbox 1005 5303 1097 5355; x_wconf 83' lang='lat' dir='ltr'><strong>tit.</strong></span> <span class='ocrx_word' id='word_1_339' title='bbox 1129 5302 1215 5351; x_wconf 82' lang='lat' dir='ltr'><strong>De</strong></span> <span class='ocrx_word' id='word_1_340' title='bbox 1246 5301 1643 5353; x_wconf 71' lang='lat' dir='ltr'><strong>benedictione</strong></span> <span class='ocrx_word' id='word_1_341' title='bbox 1671 5301 1923 5352; x_wconf 70' lang='lat' dir='ltr'><strong>abbatis.</strong></span> 
     </span>
    </p>

    <p class='ocr_par' dir='ltr' id='par_1_22' title="bbox 204 5389 3161 5629">
     <span class='ocr_line' id='line_1_43' title="bbox 342 5389 3161 5465; baseline 0 -24"><span class='ocrx_word' id='word_1_342' title='bbox 342 5390 372 5426; x_wconf 73' lang='lat'><strong>⁴</strong></span> <span class='ocrx_word' id='word_1_343' title='bbox 402 5389 572 5441; x_wconf 84' lang='lat' dir='ltr'><strong>Oonc.</strong></span> <span class='ocrx_word' id='word_1_344' title='bbox 623 5390 913 5451; x_wconf 67' lang='lat' dir='ltr'><strong>&#39;ri-ment„</strong></span> <span class='ocrx_word' id='word_1_345' title='bbox 955 5403 1098 5442; x_wconf 84' lang='lat' dir='ltr'><strong>sess.</strong></span> <span class='ocrx_word' id='word_1_346' title='bbox 1138 5392 1304 5451; x_wconf 80' lang='lat' dir='ltr'><strong>XXV,</strong></span> <span class='ocrx_word' id='word_1_347' title='bbox 1345 5394 1416 5442; x_wconf 79' lang='lat' dir='ltr'><strong>de</strong></span> <span class='ocrx_word' id='word_1_348' title='bbox 1462 5391 1852 5455; x_wconf 63' lang='lat' dir='ltr'><strong>reumatibus,</strong></span> <span class='ocrx_word' id='word_1_349' title='bbox 1892 5404 1941 5443; x_wconf 88' lang='lat' dir='ltr'><strong>c.</strong></span> <span class='ocrx_word' id='word_1_350' title='bbox 1984 5393 2065 5453; x_wconf 83' lang='grc'><strong>11;</strong></span> <span class='ocrx_word' id='word_1_351' title='bbox 2104 5391 2458 5465; x_wconf 80' lang='lat' dir='ltr'><strong>Benedictus</strong></span> <span class='ocrx_word' id='word_1_352' title='bbox 2495 5392 2647 5452; x_wconf 82' lang='lat' dir='ltr'><strong>XIV,</strong></span> <span class='ocrx_word' id='word_1_353' title='bbox 2690 5394 2875 5442; x_wconf 89' lang='lat' dir='ltr'><strong>const.</strong></span> <span class='ocrx_word' id='word_1_354' title='bbox 2928 5406 2957 5440; x_wconf 73' lang='grc' dir='ltr'><strong>α</strong></span> <span class='ocrx_word' id='word_1_355' title='bbox 2998 5390 3161 5449; x_wconf 72' lang='lat' dir='ltr'><strong>Quod</strong></span> 
     </span>
     <span class='ocr_line' id='line_1_44' title="bbox 206 5464 3158 5543; baseline -0.002 -10"><span class='ocrx_word' id='word_1_356' title='bbox 206 5464 399 5526; x_wconf 71' lang='lat' dir='ltr'><strong>Seme</strong></span> <span class='ocrx_word' id='word_1_357' title='bbox 424 5493 471 5538; x_wconf 72' lang='grc' dir='ltr'><strong>ι,</strong></span> <span class='ocrx_word' id='word_1_358' title='bbox 499 5481 565 5533; x_wconf 71' lang='lat' dir='ltr'>ae</span> <span class='ocrx_word' id='word_1_359' title='bbox 591 5493 722 5532; x_wconf 80' lang='lat' dir='ltr'><strong>nov.</strong></span> <span class='ocrx_word' id='word_1_360' title='bbox 754 5480 904 5540; x_wconf 76' lang='lat'><strong>1740,</strong></span> <span class='ocrx_word' id='word_1_361' title='bbox 944 5479 1050 5540; x_wconf 63' lang='lat'><strong>33.</strong></span> <span class='ocrx_word' id='word_1_362' title='bbox 1085 5481 1136 5540; x_wconf 83' lang='lat'><strong>5,</strong></span> <span class='ocrx_word' id='word_1_363' title='bbox 1169 5481 1220 5541; x_wconf 72' lang='lat' dir='ltr'><strong>a:</strong></span> <span class='ocrx_word' id='word_1_364' title='bbox 1245 5485 1430 5533; x_wconf 69' lang='lat' dir='ltr'><strong>const.</strong></span> <span class='ocrx_word' id='word_1_365' title='bbox 1464 5497 1493 5531; x_wconf 83' lang='grc'><strong>«</strong></span> <span class='ocrx_word' id='word_1_366' title='bbox 1525 5481 1861 5534; x_wconf 64' lang='lat' dir='ltr'><strong>airmandus</strong></span> <span class='ocrx_word' id='word_1_367' title='bbox 1893 5497 1941 5543; x_wconf 80' lang='lat'><strong>»,</strong></span> <span class='ocrx_word' id='word_1_368' title='bbox 1980 5482 2015 5534; x_wconf 74' lang='lat' dir='ltr'><strong>o</strong></span> <span class='ocrx_word' id='word_1_369' title='bbox 2039 5493 2173 5534; x_wconf 80' lang='lat' dir='ltr'><strong>nov.</strong></span> <span class='ocrx_word' id='word_1_370' title='bbox 2205 5483 2352 5543; x_wconf 72' lang='lat'><strong>1744,</strong></span> <span class='ocrx_word' id='word_1_371' title='bbox 2389 5482 2416 5543; x_wconf 69' lang='grc' dir='ltr'><strong>ς</strong></span> <span class='ocrx_word' id='word_1_372' title='bbox 2453 5481 2536 5542; x_wconf 77' lang='grc'><strong>12;</strong></span> <span class='ocrx_word' id='word_1_373' title='bbox 2563 5481 2681 5531; x_wconf 78' lang='lat' dir='ltr'><strong>Leo</strong></span> <span class='ocrx_word' id='word_1_374' title='bbox 2709 5479 3029 5539; x_wconf 72' lang='lat' dir='ltr'><strong>X111‚.utt„</strong></span> <span class='ocrx_word' id='word_1_375' title='bbox 3062 5490 3158 5539; x_wconf 79' lang='lat' dir='ltr'><strong>ap.</strong></span> 
     </span>
     <span class='ocr_line' id='line_1_45' title="bbox 204 5554 1133 5629; baseline 0.012 -20"><span class='ocrx_word' id='word_1_376' title='bbox 204 5572 230 5605; x_wconf 77' lang='grc' dir='ltr'>ι</span> <span class='ocrx_word' id='word_1_377' title='bbox 259 5554 323 5608; x_wconf 72' lang='lat' dir='ltr'><strong>In</strong></span> <span class='ocrx_word' id='word_1_378' title='bbox 353 5575 622 5625; x_wconf 67' lang='lat' dir='ltr'><strong>caprena</strong></span> <span class='ocrx_word' id='word_1_379' title='bbox 652 5585 703 5629; x_wconf 64' lang='grc' dir='ltr'><strong>ι,</strong></span> <span class='ocrx_word' id='word_1_380' title='bbox 729 5570 799 5623; x_wconf 86' lang='grc'><strong>10</strong></span> <span class='ocrx_word' id='word_1_381' title='bbox 825 5569 949 5620; x_wconf 85' lang='lat' dir='ltr'><strong>lun.</strong></span> <span class='ocrx_word' id='word_1_382' title='bbox 986 5567 1133 5620; x_wconf 76' lang='lat'>1882.</span> 
     </span>
    </p>
   </div>
  </div>
 </body>
</html>
