3753 5871
1200 312 1378 365 labor
1413 311 1673 375 quartu
1707 338 1728 348 -
1761 312 1848 365 Do
1882 312 2259 366 moenum
3114 312 3225 371 555

501 500 600 567 3.⁰
643 501 714 566 N
716 501 964 568 omina
1004 501 1304 568 testium
1346 507 1421 569 et
1456 501 1899 569 documenta
1941 502 2303 569 tribunali
2341 502 2700 585 exhibere3

500 608 598 673 4:
641 607 1016 677 conficere
1059 614 1135 676 et
1178 609 1517 677 exhibere
1561 610 1968 695 promotori
2021 609 2193 678 fidei
2247 610 2629 692 articulos,
2678 629 2899 693 super
2957 610 3221 694 quibus

240 716 466 781 testes
495 714 576 781 in
606 716 1068 797 processibus
1097 715 1412 785 debeant
1445 717 1916 801 interrogari.

1499 909 1676 975 CAN.
1724 908 1920 974 2008.

414 1049 849 1119 Mandatum
877 1051 1388 1135 postulaturis,
1421 1052 1485 1117 si
1514 1052 1933 1135 postulator
1962 1053 2255 1119 nomine
2288 1052 2483 1118 alius
2510 1058 2710 1136 agat,
2750 1052 2967 1122 finem
3004 1052 3225 1119 habet

235 1156 499 1225 iisdem
534 1157 625 1225 de
655 1156 901 1225 causis
944 1158 1208 1243 quibus
1245 1157 1355 1225 ad·
1375 1176 1705 1226 normam
1741 1160 1931 1226 iuris
1965 1159 2394 1226 mandatum
2434 1160 2747 1226 aliorum
2795 1163 3217 1243 procura-to·

238 1282 404 1329 rum
446 1264 971 1349 exstinguitur.

1509 1533 1767 1600 CAPUT
1810 1533 1919 1599 II.

407 1669 519 1738 De
554 1670 939 1738 Cardinali
972 1672 1344 1755 Relatore,
1381 1672 1937 1740 Promotoribua
1966 1675 2142 1755 fidei
2180 1681 2253 1741 et
2297 1671 3051 1757 Sub-promotom‘bus.

1511 1886 1688 1953 OAN.
1737 1886 1934 1952 2000.

416 2029 450 2110 §
498 2032 563 2095 1.
613 2029 705 2096 In
738 2031 1010 2112 causis,
1060 2046 1245 2113 quae
1289 2029 1676 2112 agitantur
1713 2028 1911 2111 apud
1963 2029 2264 2096 Sacram
2302 2028 2987 2112 Congregationem‚
3040 2027 3219 2095 rela-

241 2142 473 2203 torem
518 2155 646 2203 seu
689 2140 1078 2221 ponentem
1122 2138 1300 2221 agat
1340 2155 1533 2202 unus
1578 2157 1618 2203 e
1663 2136 2018 2203 Patribus
2059 2135 2586 2204 Oa-rdinalibus
2627 2135 2861 2203 eidem
2906 2136 3218 2219 Congre-

240 2244 524 2329 gationi
572 2245 997 2328 adscriptis,
1037 2264 1082 2310 a
1132 2244 1465 2311 Romano
1504 2243 1862 2311 Pontifice
1910 2243 2364 2328 designatus.

416 2352 450 2434 ξ
497 2351 563 2418 2.
614 2352 800 2418 Eius
839 2351 1150 2420 officium
1183 2357 1297 2419 est
1325 2370 1592 2419 causae
1626 2352 1767 2418 sibi
1798 2352 2286 2419 demandatae
2317 2351 2689 2436 peculiare
2730 2350 3058 2418 studium
3094 2351 3219 2417 im-

241 2459 557 2545 pendere
581 2461 758 2529 etin
793 2460 1131 2544 plenaria
1155 2479 1281 2528 seu
1312 2460 1694 2527 ordinaria
1715 2460 2285 2545 congregatione
2307 2477 2394 2527 ea
2428 2458 2674 2527 omnia
2703 2459 3002 2540 reterre,
3041 2477 3226 2544 quae

242 2566 395 2634 sive
432 2567 511 2632 in
551 2567 878 2634 favorem
912 2585 1178 2633 causae
1220 2566 1371 2633 sive
1401 2570 1661 2635 contra
1706 2585 1865 2634 eam
1899 2567 2143 2634 facere
2175 2566 2546 2634 videntur.

1501 2748 1676 2813 CAN.
1735 2746 1932 2812 2010.

417 2889 450 2972 ξ
498 2890 564 2956 1.
613 2889 730 2957 Ad
768 2891 887 2958 ius
921 2889 1275 2958 tuendum
1313 2890 1391 2957 in
1431 2889 1760 2974 quolibet
1792 2906 2138 2973 processu
2185 2894 2471 2975 partem
2509 2889 2776 2957 habere
2808 2887 3026 2957 debet
3058 2904 3216 2972 pro·

242 2998 484 3062 motor
509 2996 717 3080 fidei,
763 2999 889 3082 qui
925 3000 1210 3081 s'emper
1251 2997 1474 3065 citari
1513 2998 1729 3065 debet
1764 2998 1859 3064 ad
1900 3014 2230 3064 normam
2267 3015 2433 3065 can.
2473 2994 2669 3064 1587.

418 3104 452 3185 ξ
497 3105 564 3170 2.
615 3104 827 3171 Fidei
858 3109 1235 3189 promotor
1261 3105 1459 3189 apud
1492 3105 1792 3172 Sacram
1825 3104 2485 3190 congregationem
2520 3103 2801 3172 dicitur
2836 3102 3230 3170 Promotor

242 3213 606 3295 generalis
632 3212 837 3296 fidei,
863 3219 939 3281 et
964 3215 1311 3280 Assessor
1342 3212 1611 3281 Sacrae
1639 3213 2252 3299 Congregationis
2283 3214 2407 3298 qui
2443 3213 2674 3280 eidem
2704 3213 3017 3311 assistit,
3049 3213 3222 3280 dici-

243 3324 370 3387 tur
399 3316 966 3402 Sub-promotor
993 3319 1358 3402 generalis
1388 3320 1586 3403 fidei.

1514 3496 1691 3562 CAN.
1740 3495 1937 3561 2011.

421 3639 454 3718 ξ
503 3638 568 3701 1.
619 3637 1008 3704 Promotor
1041 3637 1236 3720 fidei,
1277 3642 1491 3705 extra
1522 3638 1824 3704 Sacram
1864 3637 2550 3721 Congregationem,
2592 3637 2950 3704 constitui
2984 3642 3226 3720 potest

243 3744 359 3810 vel
397 3744 492 3810 ad
529 3761 779 3813 omnes
811 3763 1076 3812 causas
1110 3745 1227 3812 vel
1264 3744 1357 3811 ad
1397 3745 1724 3830 aliqua-m
1759 3762 2062 3811 causam
2103 3744 2655 3828 particularem.

416 3851 450 3933 5
495 3852 563 3917 2.
613 3852 1004 3921 Promotor
1047 3852 1216 3922 fidei
1259 3854 1624 3936 generalis
1664 3858 1742 3920 et
1785 3851 2347 3937 Sub-promotor
2388 3852 2754 3938 generalis
2806 3871 2853 3918 a
2895 3852 3229 3921 Romano

246 3958 603 4027 Pontifice
639 3959 1040 4045 eliguntur3
1079 3964 1458 4045 promotor
1492 3959 1665 4028 fidei
1702 3961 1901 4045 apud
1942 3960 2507 4029 ordinariorum
2558 3960 2914 4043 tribunal,
2967 3961 3031 4028 si
3072 3961 3221 4046 qui·

244 4066 407 4133 dem
445 4071 717 4149 agatur
752 4068 846 4136 de
891 4086 1236 4152 processu
1274 4067 1705 4151 apostolico,
1758 4068 2187 4135 nominatur
2233 4087 2278 4134 a
2319 4067 2749 4135 Promotore
2788 4069 3113 4152 generali
3152 4073 3227 4136 et

246 4179 424 4241 tunc
472 4192 732 4242 nomen
780 4176 1391 4259 sub-promotoris
1438 4175 1678 4257 habet3
1727 4184 1935 4242 secus
1996 4175 2417 4242 nominetur
2463 4176 2555 4242 ab
2606 4176 3007 4243 Ordinario
3053 4182 3227 4243 ante

246 4280 565 4350 edictum
597 4282 689 4350 de
725 4300 869 4367 quo
909 4283 988 4350 in
1031 4301 1195 4350 can.
1233 4282 1429 4350 2043.

1505 4444 1681 4510 CAN.
1734 4444 1928 4508 2012.

424 4587 457 4668 ξ
483 4589 548 4651 1.
579 4587 1035 4654 Promotoris
1057 4576 1230 4654 fidei
1258 4590 1372 4654 est
1391 4586 1836 4654 concinnare
1866 4585 2446 4671 interrogatoria
2470 4584 2740 4668 sobria,
2776 4603 2972 4652 mere
3002 4584 3223 4653 histo·

249 4692 426 4776 rica,
467 4711 652 4778 quae
684 4713 830 4763 non
871 4712 958 4762 eo
990 4698 1324 4778 spectent
1357 4698 1442 4763 ut
1474 4698 1752 4762 certam
1791 4693 2158 4778 quandam
2196 4693 2738 4776 responsionem
2779 4691 2872 4759 ab
2917 4692 3224 4759 interro·

246 4804 422 4885 gato
454 4801 781 4884 eliciant,
815 4819 1141 4886 quaeque
1175 4804 1357 4885 apta
1384 4801 1540 4871 sint
1567 4802 1657 4868 ad
1690 4801 2077 4869 veritatem
2114 4800 2509 4868 eruendam
2544 4800 2765 4867 etiam
2798 4818 3022 4883 super
3048 4799 3223 4867 arti·

247 4907 437 4976 culis
483 4928 529 4977 a
574 4909 1035 4995 postulatore
1098 4909 1526 4994 propositis,
1608 4928 1837 4995 eaque
1906 4908 2276 4976 iudicibus
2347 4908 2686 4974 exhibere
2757 4908 2892 4974 sub
2965 4907 3224 4974 secreti

249 5014 717 5100 obligatione.
1950 5079 1961 5092 .

422 5123 456 5206 ς
503 5122 569 5190 2.
619 5125 760 5193 Est
817 5130 1202 5210 praeterea
1244 5125 1567 5193 eiusdem
1617 5126 2063 5210 promotoris
2120 5126 2404 5193 instare
2451 5130 2536 5192 ut
2584 5128 2810 5192 testes
2856 5144 2944 5192 ex
2992 5124 3227 5191 officio

247 5234 574 5301 citentur
613 5235 690 5302 et
731 5236 1188 5318 opportunas
1241 5252 1664 5317 promovere
1709 5234 2193 5318 exceptiones;
2240 5232 2363 5300 sed
2408 5232 2626 5299 iudex
2683 5235 2927 5315 potest
2975 5235 3223 5305 testes,

249 5341 471 5408 etiam
507 5345 928 5426 promotore
966 5339 1137 5409 fidei
1181 5359 1327 5409 non
1369 5342 1700 5409 instante
1734 5344 1869 5409 aut
1904 5345 2279 5422 renuente,
2320 5341 2483 5423 ipso
2516 5344 2763 5407 tamen
2797 5339 3104 5420 monito,
3141 5358 3229 5406 ex

251 5446 483 5516 officio
516 5463 907 5518 arcessere.
