3753 5871
492 361 596 421 120
1628 345 1845 422 σοὰεωῄ
1864 364 2024 416 lav-u
2072 363 2354 415 omma

666 549 701 632 ξ
747 551 812 617 3.
865 550 1293 633 Deficiente,
1344 554 1602 636 quavis
1634 553 1727 621 de
1769 571 2021 637 causa,
2060 555 2313 639 aliquo
2347 554 2768 622 consultore
2808 554 3013 623 intra
3045 555 3479 637 triennium,

490 659 904 744 Episcopus
948 662 1176 727 alium
1213 661 1304 729 de
1340 662 1654 729 consilio
1685 668 2097 730 ceterorum
2134 663 2642 731 consultorum
2681 663 3113 740 substituat,
3153 664 3359 749 isque
3399 665 3480 730 in

489 769 724 838 officio
756 777 1050 839 maneat
1085 789 1314 856 usque
1345 771 1441 838 ad
1481 771 1852 856 expletum
1889 772 2081 839 idem
2125 772 2552 839 triennium.

668 885 700 967 ξ
746 887 813 951 4.
864 886 1047 953 Cum
1076 906 1252 955 vero
1275 888 1679 955 triennium
1704 886 2061 954 excidisse
2089 887 2489 972 contigerit
2510 892 2820 954 vacante
2851 886 3020 955 sede
3046 886 3477 972 episcopali,
3520 977 3523 978 7

485 996 947 1063 consultores
972 998 1048 1064 in
1083 996 1320 1064 officio
1343 1002 1691 1082 maneant
1720 1014 1953 1080 usque
1977 996 2071 1063 ad
2101 1014 2472 1063 accessum
2508 996 2678 1063 novi
2702 996 3080 1079 Episcopi,
3121 995 3247 1079 qui
3275 995 3479 1062 intra

488 1125 612 1173 sex
635 1124 920 1174 menses
948 1108 1041 1173 ab
1065 1106 1255 1199 inita-
1281 1106 1739 1190 possessione
1761 1106 2147 1190 providere
2176 1105 2391 1172 debet
2417 1105 2512 1172 ad
2538 1122 2868 1171 normam
2896 1104 3116 1170 huius
3141 1107 3473 1170 canonis.

665 1223 698 1304 ξ
747 1224 812 1288 5.
867 1222 973 1302 si,
1017 1221 1185 1289 sede
1224 1226 1559 1304 vacante,
1601 1221 1875 1306 aliquis
1914 1221 2296 1288 consultor
2336 1220 2702 1287 moriatur
2738 1220 2854 1286 vel
2905 1218 3307 1300 renuntiet,
3349 1217 3476 1284 Vi·

483 1331 733 1398 carius
765 1331 1252 1414 capitularis,
1279 1332 1371 1399 de
1401 1349 1762 1399 consensu
1789 1331 2108 1398 aliorum
2131 1329 2666 1412 consultorum,
2699 1329 2928 1395 alium
2958 1327 3325 1409 nominet,
3349 1327 3482 1411 qui

486 1444 760 1522 tamen,
809 1447 893 1508 ut
938 1460 1263 1524 munere,
1312 1441 1481 1509 sede
1523 1442 1768 1525 plena,
1825 1442 2214 1526 fungatur,
2261 1439 2549 1524 indiget
2603 1437 2773 1504 novi
2816 1436 3169 1521 Episcopi
3210 1435 3477 1502 conflr-

486 1550 831 1618 matione.

1786 1658 1965 1724 CAN.
2002 1658 2156 1725 427.

660 1787 933 1854 Coetus
974 1787 1482 1855 consultorum
1528 1786 2149 1868 dioecesanorum⁸
2183 1788 2380 1855 vices
2424 1787 2759 1872 Capituli
2805 1788 3280 1863 cathedralis,
3331 1807 3486 1873 qua

484 1896 835 1980 Episcopi
882 1900 1208 1978 senatus,
1257 1895 1574 1980 supplet3
1621 1915 1847 1981 quat-e
1903 1914 2089 1981 quae
2128 1914 2447 1963 canones
2492 1895 2588 1963 ad
2631 1896 3236 1981 gubernationem
3281 1896 3479 1964 dioe-

479 2005 693 2085 cesis,
721 2005 873 2073 sive
896 2007 1065 2073 sede
1089 2007 1308 2089 plena
1332 2007 1484 2073 sive
1507 2025 1595 2074 ea
1617 2005 1977 2090 impedita
1999 2010 2133 2074 aut
2154 2009 2489 2082 vacante,
2524 2004 2876 2089 Capitulo
2898 2004 3312 2072 cathedra-li
3345 2004 3479 2072 tri·

483 2114 746 2196 buunt,
778 2133 868 2181 ea
888 2115 981 2182 de
1003 2119 1218 2182 coetu
1246 2134 1531 2200 quoque
1559 2115 2068 2182 consultorum
2094 2114 2691 2181 dioecesanorum
2706 2114 3192 2198 intelligenda
3221 2119 3399 2181 sunt
3431 2113 3487 2177 ¹.

1783 2328 1961 2397 CAN.
2007 2329 2160 2396 428.

649 2460 989 2528 Dura-nte
1016 2478 1342 2540 munere,
1372 2461 1835 2528 consultores
1869 2480 1962 2528 ne
1990 2464 2530 2536 removeantur,
2566 2459 2712 2525 nisi
2741 2458 2833 2526 ob
2870 2458 3143 2526 iustam
3171 2475 3481 2524 causam

480 2587 567 2636 ac
610 2568 701 2638 de
735 2570 1051 2638 consilio
1079 2574 1491 2637 ceterorum
1527 2563 2061 2637 consultorum.

749 2827 761 2868 l

1715 2904 1976 2974 CAPUT
2015 2905 2194 2972 VII.

787 3047 898 3116 De
937 3052 1105 3117 sede
1149 3047 1507 3133 impedita
1551 3052 1685 3114 aut
1720 3051 2031 3115 vacante
2068 3068 2155 3116 ao
2199 3053 2290 3116 de
2329 3047 2626 3117 vicario
2666 3047 3109 3136 Capitulari.

1762 3262 1940 3330 CAN.
1986 3261 2140 3329 429.

652 3396 686 3479 §
734 3399 801 3462 1.
854 3396 1039 3463 Sede
1100 3414 1232 3478 per
1291 3394 1642 3480 Episcopi
1698 3394 2238 3477 captivitatem,
2303 3394 2851 3478 relegationem,
2910 3395 3280 3476 exsilium,
3335 3403 3479 3465 aut

479 3501 1024 3571 inhabilitatem
1072 3505 1182 3573 ita
1228 3505 1610 3590 impedita,
1673 3510 1758 3573 ut
1805 3524 1895 3573 ne
1941 3524 2072 3591 per
2117 3505 2413 3573 litteras
2461 3505 2752 3589 quidem
2800 3524 2966 3573 cum
3014 3506 3480 3575 dioecesanis

475 3615 1017 3682 communicare
1052 3616 1209 3699 ipse
1239 3615 1502 3699 possit,
1529 3615 1885 3683 dioecesis
1921 3614 2269 3701 regimen,
2306 3614 2451 3682 nisi
2490 3614 2768 3682 Sancta
2799 3593 3024 3683 Sedes
3050 3615 3276 3683 aliter
3304 3634 3471 3699 pro-

476 3722 772 3805 viderit,
808 3742 1030 3806 penes
1062 3725 1407 3809 Episcopi
1446 3724 1828 3792 Vicarium
1873 3724 2305 3793 Generalem
2338 3725 2454 3792 vel
2488 3724 2718 3790 alium
2752 3724 2994 3791 virum
3030 3724 3469 3792 ecclesiasti·

475 3850 642 3899 cum
673 3835 766 3902 ab
801 3834 1170 3918 Episcopo
1199 3834 1617 3918 delegatum
1654 3840 1815 3903 esto
1843 3833 1898 3901 ².

654 3946 688 4029 ξ
735 3946 801 4013 2.
854 3947 1110 4014 Potest
1147 3947 1226 4014 in
1272 3966 1449 4014 casu
1488 3947 1928 4031 Episcopus,
1967 3946 2179 4030 gra-vi
2214 3946 2306 4014 de
2339 3963 2591 4028 causa,
2635 3944 2889 4029 plures
2924 3945 3287 4029 delegare,
3344 3947 3475 4030 qui

476 4056 616 4124 sibi
653 4057 963 4124 invicem
999 4058 1076 4124 in
1118 4075 1420 4124 munere
1458 4057 1880 4124 succedant.

658 4171 692 4254 §
738 4172 804 4238 3.
856 4171 1000 4238 His
1034 4170 1570 4252 deficientibus,
1608 4170 1749 4252 vel,
1792 4170 1905 4238 uti
1943 4188 2172 4253 supra
2215 4168 2498 4236 dictum
2537 4170 2675 4250 est,
2716 4167 3119 4251 impeditis,
3162 4165 3471 4251 Capitu-

477 4281 630 4347 lum
674 4281 1023 4348 ecclesiae
1058 4280 1509 4348 cathedralis
1559 4298 1773 4345 suum
1815 4278 2197 4345 Vicarium
2238 4277 2676 4358 constituat,
2722 4277 2849 4361 qui
2900 4276 3222 4362 regimen
3263 4294 3472 4343 assu-

477 4395 632 4459 mat
661 4408 825 4457 cum
867 4393 1236 4474 potestate
1270 4389 1556 4457 Vicarii
1594 4388 2059 4472 Capitularis
2096 4388 2147 4453 ³.

653 4504 687 4586 ξ
733 4505 799 4568 4.
823 4473 1421 4597 “Qui-dioecesim
1455 4503 1870 4585 regendam,
1910 4506 1994 4568 ut
2024 4519 2276 4585 supra,
2313 4499 2663 4583 suscepit,
2702 4496 3242 4582 quamprimum
3288 4494 3475 4562 San·

474 4619 671 4683 ‘ctam
710 4614 969 4682 Sedem
997 4618 1290 4681 moneat
1322 4612 1413 4681 de
1439 4612 1608 4681 sede
1636 4612 1994 4695 impedita-
2021 4630 2106 4677 ac
2137 4611 2228 4677 de
2255 4613 2636 4692 assumpto
2671 4624 2997 4673 munere.

658 4726 691 4809 ξ
738 4726 803 4792 5.
858 4726 940 4793 Si
987 4726 1401 4810 Episcopus
1456 4726 1533 4791 in
1579 4723 2432 4804 excommunicationem,
2480 4718 2960 4787 interdictum
3005 4716 3121 4782 vel
3167 4731 3474 4798 suspen·

477 4838 751 4904 sionem
804 4837 1177 4918 inciderit,
1242 4836 1744 4919 Metropolim,
1796 4853 2024 4919 eoque
2070 4833 2478 4913 deficiente,
2531 4830 2671 4905 vel,
2725 4830 2790 4896 si
2849 4827 2941 4894 de
2999 4825 3248 4892 eodem
3301 4841 3476 4926 aga·

477 4949 628 5028 tur,
665 4945 1047 5030 antiquior
1079 4945 1276 5013 inter
1312 4945 1837 5029 suffraganeos
1871 4944 1966 5011 ad
2015 4943 2272 5011 Sedem
2308 4938 2813 5025 Apostolicam
2859 4935 3063 5002 illico
3103 4936 3476 5017 recurrat,

662 5175 683 5209 ²
722 5172 779 5225 S.
813 5175 877 5226 O.
911 5174 1165 5226 Consist.
1197 5173 1353 5226 decr.
1383 5188 1414 5224 ι
1444 5172 1709 5224 Maxima
1738 5185 1881 5224 cura
1918 5189 1968 5235 n,
1999 5173 2064 5224 20
2091 5186 2225 5235 sug.
2257 5173 2404 5232 1910,
2437 5186 2566 5224 can.
2604 5175 2657 5233 4,
2692 5173 2718 5234 5
2749 5173 2800 5234 2,
2831 5175 2881 5234 6:
2906 5174 2940 5225 3
2973 5176 3088 5227 oct.
3119 5174 3271 5236 1910,
3310 5175 3390 5226 ad
3418 5179 3477 5228 9.

653 5265 681 5302 ²
720 5264 864 5314 Pius
899 5263 995 5324 IX,
1032 5264 1148 5314 ntt.
1192 5275 1287 5324 sp.
1333 5277 1365 5313 ι
1400 5261 1511 5313 Ubi
1548 5262 1885 5314 Urbaniano
1920 5278 1969 5324 ι,
2012 5263 2079 5314 30
2115 5263 2217 5313 iul.
2254 5261 2400 5323 1864;
2437 5261 2496 5313 S.
2528 5262 2594 5314 G.
2628 5262 2734 5321 Ep.
2765 5264 2830 5313 et
2858 5262 3022 5323 Bes..
3058 5261 3214 5314 decr.
3259 5262 3295 5315 3
3327 5264 3484 5315 maii

479 5353 624 5415 186ae
663 5352 721 5403 Β.
753 5352 819 5404 Ο.
852 5352 1129 5413 Consist„
1166 5352 1382 5404 declar.
1419 5351 1453 5404 6
1485 5352 1607 5403 dec.
1641 5352 1789 5413 1914;
1833 5350 1891 5404 S.
1924 5349 1990 5402 C.
2022 5351 2110 5410 G„
2149 5349 2491 5408 Hiberniae,
2529 5351 2563 5401 7
2596 5362 2732 5411 sug,
2763 5349 2912 5402 1683.

651 5444 678 5481 ³
713 5440 778 5493 O.
810 5442 862 5501 3,
910 5442 980 5491 de
1014 5441 1341 5500 supplenda
1374 5440 1732 5501 nealioentia
1767 5439 2187 5499 praelatorum,
2233 5441 2283 5500 1,
2329 5439 2381 5499 8,
2421 5440 2482 5490 ln
2518 5439 2645 5500 V103
2684 5438 2742 5491 S.
2775 5438 2841 5491 Ο.
2876 5439 2982 5498 Ep.
3018 5442 3081 5491 et
3120 5439 3285 5500 Bes..
3324 5437 3487 5489 Πει-

480 5539 704 5588 sanen„
746 5531 811 5581 11
845 5530 963 5581 lan.
996 5530 1142 5583 1810.
