3753 5871
508 286 586 345 48
1654 292 1850 344 com
1889 292 2051 346 Iuris
2100 293 2380 345 canonici

1804 498 1984 566 CAN.
2020 500 2174 567 189.

696 619 731 701 ξ
778 621 844 686 1.
896 620 1332 705 Superiores
1373 620 1534 690 sine
1570 621 1774 691 iusta
1807 626 1887 691 et
1927 624 2495 708 proportionata
2530 643 2757 693 cansa
2793 627 3383 697 renuntiationes
3417 648 3510 697 ne

516 729 910 811 acceptent
945 727 995 796 ¹.

695 834 729 916 ξ
775 834 841 900 2.
891 834 1545 906 Renuntiationem
1581 837 2028 905 ordinarius
2060 838 2205 907 loci
2240 839 2446 907 intra
2486 857 2806 907 mensem
2840 841 2959 909 vel
2998 841 3355 910 admittat
3393 843 3509 911 vel

519 940 820 1010 reiiciat
853 941 907 1010 ¹.

1827 1052 2004 1120 CAN·
2043 1053 2195 1122 190.

698 1173 733 1255 ξ
779 1174 846 1240 1.
896 1173 1259 1259 Officium,
1300 1176 1852 1244 renuntiatione
1892 1177 2219 1277 legitime
2253 1179 2458 1246 facta
2495 1183 2573 1247 et
2606 1182 3019 1264 acceptata,
3059 1183 3280 1247 vacat
3311 1187 3504 1280 post·

518 1298 737 1366 quam
777 1282 1244 1351 renuntianti
1271 1281 1693 1370 significata
1718 1290 1832 1353 est
1862 1271 2365 1371 acceptatio.
2310 1285 2338 1321 ⁸

699 1389 733 1470 ξ
780 1387 847 1457 2.
896 1389 1366 1459 Renuntians
1410 1392 1489 1459 in
1537 1392 1771 1461 officio
1816 1399 2245 1478 permaneat
2291 1395 2523 1462 donec
2569 1394 2663 1463 de
2709 1393 3132 1479 Superioris
3176 1397 3506 1479 accepta·

517 1494 720 1564 tione
759 1500 1043 1565 certum
1089 1498 1435 1567 nuntium
1471 1500 1863 1586 acceperit.

1801 1671 1980 1739 CAN.
2020 1671 2174 1739 191.

694 1795 728 1877 ξ
776 1797 841 1861 1.
894 1795 1134 1864 Semel
1182 1796 1509 1883 legitime
1557 1797 1757 1864 facta
1806 1797 2385 1880 renuntiatione,
2440 1814 2588 1866 non
2630 1795 2860 1864 datur
2896 1796 3221 1881 amplius
3260 1796 3506 1881 poeni·

518 1903 798 1971 tentiae
832 1903 1062 1986 locus,
1094 1904 1269 1973 licet
1297 1905 1737 1973 renuntians
1763 1906 2003 1990 possit
2030 1905 2346 1973 officium
2377 1923 2466 1973 ex
2494 1905 2647 1972 alio
2673 1904 2900 1972 titulo
2925 1904 3371 1989 consequi.

698 2010 731 2092 ἓ
778 2009 846 2076 2.
895 2012 1302 2097 Acceptata
1349 2013 1806 2081 renuntiatio
1856 2014 2290 2098 tempestive
2331 2018 2513 2082 nota
2560 2014 2693 2081 flat
2742 2013 2839 2080 iis
2879 2012 3005 2099 qui
3047 2012 3348 2164 aliquod
3388 2013 3512 2080 ius

515 2116 595 2183 in
625 2117 843 2185 officii
875 2118 1365 2202 provisionem
1398 2119 1695 2189 habent.

1822 2260 2003 2328 CAN·
2041 2258 2194 2326 192.

694 2382 729 2464 ξ
775 2383 843 2449 1.
892 2381 1230 2451 Privatio
1271 2382 1490 2452 oflicii
1527 2383 1945 2451 incurritur
1985 2383 2140 2451 sive
2177 2381 2344 2467 ipso
2381 2382 2571 2464 iure,
2615 2383 2768 2450 sive
2817 2401 2906 2451 ex
2948 2382 3152 2452 tacto
3192 2383 3507 2470 legitimi

516 2486 941 2573 Superioris
972 2491 1027 2559 ⁸.

692 2596 727 2678 ξ
773 2596 841 2663 2.
893 2597 977 2666 Si
1028 2602 1301 2684 agatur
1360 2597 1455 2667 de
1508 2598 1743 2668 officio
1796 2598 2283 2683 inamovibili‚
2344 2597 2790 2666 Ordinarius
2846 2599 3106 2683 nequit
3155 2597 3508 2667 clericum

514 2704 765 2773 eodem
802 2705 1123 2790 privare,
1161 2707 1308 2775 nisi
1343 2707 1715 2776 mediante
1748 2725 2096 2792 processu
2140 2707 2238 2775 ad
2277 2724 2608 2775 normam
2647 2706 2836 2775 iuris
2878 2707 2930 2774 ⁸.

694 2811 728 2895 ξ
774 2813 842 2880 3.
895 2812 977 2881 Si
1017 2813 1111 2882 de
1149 2814 1553 2899 amovibili‚
1597 2814 1926 2901 privatio
1973 2815 2273 2884 decerni
2313 2815 2408 2883 ab
2454 2813 2855 2883 Ordinario
2897 2817 3142 2899 potest
3187 2832 3278 2882 ex
3334 2831 3506 2898 qua·-

516 2919 700 2991 libet
733 2921 939 2991 iusta
979 2940 1232 3006 causa,
1280 2924 1632 3009 prudenti
1666 2924 1827 2993 eius
1863 2923 2205 3009 arbitrio,
2247 2925 2473 2994 etiam
2519 2925 2715 2992 citra
2753 2923 3132 3007 delictum,
3174 2922 3510 3005 naturali

514 3030 893 3115 aequitate
929 3035 1247 3113 servata,
1287 3032 1414 3099 sed
1458 3035 1742 3100 certum
1781 3033 2225 3117 procedendi
2261 3033 2559 3101 modum
2595 3033 2805 3118 sequi
2841 3032 3140 3100 minime
3180 3042 3507 3113 tenetur,

514 3138 721 3205 salvo
773 3155 1139 3206 canonum
1187 3139 1652 3229 praescripto
1692 3141 1895 3209 circa
1940 3142 2321 3226 paroecias
2375 3141 2826 3224 amovibiles3
2884 3140 3210 3225 privatio
3255 3143 3507 3208 tamen

511 3244 865 3314 effectum·
889 3265 1036 3315 non
1066 3248 1312 3320 habet.
1346 3248 1491 3316 nisi
1522 3253 1914 3335 postquam
1945 3249 2176 3318 tuerit
2213 3268 2263 3318 a
2293 3249 2691 3335 Superiore
2720 3249 3091 3333 intimata3
3122 3252 3201 3317 et
3236 3247 3331 3315 ab
3372 3248 3504 3314 Or·

511 3353 792 3421 dinarii
819 3354 1118 3424 decreto
1148 3356 1377 3424 datur
1412 3374 1755 3425 recursus
1794 3358 1892 3425 ad
1936 3357 2194 3426 Sedem
2238 3357 2770 3442 Apostolicam‚
2808 3357 2937 3425 sed
2972 3357 3052 3424 in
3084 3356 3510 3424 devolutivo

513 3464 808 3530 tantum
852 3462 902 3531 '.

1820 3571 1999 3639 CAN.
2039 3571 2192 3639 193.

694 3692 729 3775 1
777 3695 843 3759 1.
894 3693 1321 3761 Translatio
1347 3694 1441 3761 ab
1478 3711 1626 3762 uno
1653 3694 1747 3762 ad
1777 3693 1984 3762 aliud
2015 3694 2328 3762 officium
2362 3694 2937 3762 ecclesiasticum
2969 3696 3063 3763 ab
3092 3714 3179 3763 eo
3206 3698 3506 3764 tantum

516 3800 770 3886 perfici
814 3806 1085 3887 potest,
1124 3801 1251 3886 qui
1287 3802 1406 3868 ius
1442 3802 1662 3870 habet
1706 3806 1865 3871 tum
1911 3802 2349 3887 acceptandi
2386 3802 3038 3887 renuntiationem,
3079 3808 3238 3871 tum
3277 3820 3505 3871 remo·

509 3908 730 3976 vendi
763 3927 811 3975 a
840 3908 1082 3992 primo
1111 3908 1346 3977 officio
1376 3913 1454 3978 et
1491 3910 1967 3995 promovendi
1998 3911 2094 3979 ad
2126 3911 2444 3979 alterum
2488 3910 2541 3979 ⁸-.

679 4112 703 4147 ¹
741 4109 805 4162 O.
838 4112 922 4173 14,
968 4112 1034 4163 0.
1069 4112 1203 4174 VII,
1245 4124 1301 4174 q.
1333 4114 1383 4175 13
1422 4124 1473 4164 c.
1519 4114 1570 4172 1,
1613 4112 1665 4174 5,
1709 4114 1761 4174 9,
1808 4114 1893 4168 10.
1949 4114 2014 4174 Χ,
2071 4114 2144 4164 de
2196 4114 2660 4174 nmmum-o,
2708 4114 2758 4176 1.
2812 4116 2864 4177 9;
2910 4114 2968 4168 8.
3018 4114 3160 4166 Plus
3201 4115 3271 4173 V,
3315 4118 3507 4167 const.

515 4212 547 4248 ι
578 4200 814 4258 Quanta
842 4199 1142 4253 Ecclesiae
1168 4215 1217 4262 n,
1244 4203 1276 4253 1
1302 4213 1428 4263 apr.
1459 4201 1607 4263 1508,
1645 4201 1672 4263 1
1700 4202 1751 4255 3.

674 4290 702 4327 ²
743 4290 1063 4352 Gregorius
1096 4290 1261 4352 XIII,
1291 4290 1477 4344 const.
1510 4307 1540 4342 α
1567 4291 1844 4343 Humno
1871 4291 1976 4342 vio
2002 4291 2221 4343 iudicio
2248 4307 2298 4353 ι,
2329 4292 2364 4343 5
2398 4293 2517 4343 lan.
2557 4293 2705 4354 1584,
2740 4292 2767 4354 1
2803 4292 2855 4345 7.

674 4384 701 4419 ³
741 4381 806 4433 C.
839 4380 890 4441 3,
927 4382 1011 4441 12,
1046 4381 1114 4440 Χ,
1148 4381 1220 4431 ac
1250 4381 1713 4439 renunciatione,
1753 4381 1803 4442 1,
1846 4383 1897 4434 9.

675 4473 706 4509 ⁴
739 4469 805 4523 0.
836 4471 888 4532 3,
919 4471 970 4532 0,
1002 4472 1085 4531 12,
1116 4471 1183 4532 Χ,
1216 4472 1287 4521 ae
1314 4470 1778 4530 renunciatione,
1808 4472 1860 4545 Ι,
1892 4474 2025 4534 9;.σ.
2055 4472 2107 4533 3,
2138 4474 2203 4532 Χ,
2237 4474 2309 4523 de
2345 4472 2723 4524 restitutione
2760 4471 3166 4533 spoliatorum,
3198 4472 3283 4534 11,
3321 4473 3403 4525 13.

672 4565 700 4602 ⁸
743 4559 808 4611 Ο.
841 4560 891 4621 2,
923 4561 989 4620 Χ,
1026 4562 1098 4612 ae
1134 4559 1522 4611 mutatione
1555 4562 1833 4623 episcopi,
1870 4563 1923 4623 Ι,
1961 4562 2010 4625 7;
2050 4574 2100 4615 c.
2133 4562 2216 4623 12,
2253 4562 2337 4623 13,
2368 4562 2435 4623 Χ,
2481 4565 2553 4614 de
2597 4561 2933 4622 haereticis,
2970 4563 3039 4623 V,
3073 4563 3124 4625 7;
3154 4574 3205 4615 c.
3237 4563 3288 4625 7,
3320 4564 3386 4624 Χ,
3437 4564 3513 4613 de

513 4651 758 4702 crimine
780 4650 947 4713 salsi,
973 4652 1043 4712 V,
1074 4651 1157 4713 20;
1176 4651 1350 4704 Oonc.
1375 4651 1663 4713 Trident„
1696 4664 1840 4705 sess.
1867 4652 2005 4713 vn.
2031 4654 2104 4705 ac
2126 4652 2263 4713 res„
2294 4664 2346 4705 c.
2379 4655 2429 4716 4;
2454 4654 2772 4716 Gregorius
2801 4654 2953 4714 XVI,
2983 4655 3223 4706 allocut.
3256 4667 3288 4703 ι
3314 4652 3511 4711 Officii

513 4749 798 4790 memores
825 4755 876 4801 ι,
905 4741 940 4794 5
970 4741 1073 4791 iul.
1107 4740 1256 4793 1839.

674 4832 702 4868 ⁸
740 4829 915 4882 Oonc.
961 4830 1249 4891 Trident„
1295 4842 1438 4883 sess.
1486 4831 1632 4891 ΧΧῙ,
1690 4833 1761 4882 de
1805 4832 1945 4891 rot„
1987 4843 2039 4882 e.
2070 4831 2121 4895 ος
2167 4831 2226 4885 S.
2259 4832 2324 4884 O.
2357 4832 2634 4891 Conslst„
2683 4831 2838 4887 decr.
2899 4846 2929 4881 α
2957 4829 3223 4882 Maxim
3279 4840 3424 4880 cura
3457 4846 3511 4891 υ,

514 4918 579 4970 2⁰
602 4931 737 4981 aug.
770 4920 919 4980 1910,
949 4930 1078 4971 can.
1107 4920 1189 4982 ³⁰:
1216 4920 1274 4972 S.
1307 4920 1372 4973 O.
1405 4920 1501 4981 0..
1525 4920 1865 4980 vercellen„
1891 4921 1958 4973 15
1988 4922 2113 4973 dec.
2148 4921 2297 4982 1890,
2327 4920 2404 4972 ad
2431 4923 2480 4982 1;
2508 4921 2849 4980 Ver-conen„
2877 4922 2911 4972 1
2941 4923 3056 4973 oct.
3089 4920 3237 4981 lm
3260 4918 3509 4981 Barea„

512 5006 579 5058 17
602 5008 748 5058 mail
774 5006 922 5068 1851,
950 5008 1016 5061 29
1047 5009 1209 5070 maii,
1238 5007 1305 5061 18
1328 5012 1476 5070 sept.
1506 5009 1654 5070 1852,
1684 5011 1763 5062 ad
1796 5012 1848 5071 1,
1881 5010 1914 5061 2
1943 5015 2007 5064 et
2033 5010 2098 5063 28
2123 5011 2268 5062 mall
2297 5010 2443 5072 185&
2471 5011 2895 5069 Acheruniim,
2924 5011 2991 5063 31
3021 5013 3221 5071 mart„
3258 5009 3324 5060 22
3350 5013 3508 5071 sept.

512 5095 659 5157 1855:
690 5094 1086 5156 Terracina„
1123 5097 1159 5147 2
1191 5098 1312 5149 iun.
1346 5097 1494 5160 180ος
1524 5098 1926 5160 Herbipoien„
1956 5100 2023 5151 22
2051 5100 2175 5152 dec.
2218 5099 2365 5152 1860.
2713 5116 2726 5129 ·

680 5188 702 5222 ⁷
742 5185 1098 5239 Benedictus
1132 5187 1283 5247 xlv.
1327 5190 1514 5239 const.
1554 5203 1584 5238 α
1621 5187 1962 5239 lvio-nimmia
1996 5203 2046 5250 ι,
2083 5189 2118 5242 6
2151 5202 2282 5242 nov.
2323 5189 2473 5251 1744,
2522 5189 2549 5251 1
2597 5190 2679 5252 11;
2716 5188 2775 5242 Β.
2808 5189 2873 5242 Ο.
2905 5189 3185 5250 Oonsist.‚
3225 5187 3511 5239 Sicinium·

511 5273 1307 5325 Foeamtmmdmnme
1342 5275 1855 5336 septentrionalis,
1892 5276 1959 5330 28
1997 5279 2116 5330 ian.
2153 5278 2301 5331 1915.

675 5366 700 5403 ⁸
739 5364 804 5416 O.
836 5364 920 5425 34,
952 5365 1034 5425 37,
1066 5365 1149 5426 39,
1180 5365 1246 5417 O.
1279 5366 1415 5427 vn,
1464 5378 1518 5428 q,
1562 5368 1612 5429 13
1648 5378 1699 5418 c.
1740 5369 1791 5428 4,
1829 5369 1899 5429 Χ,
1939 5370 2011 5419 de
2046 5368 2445 5428 postulatione
2491 5367 2910 5430 praelatorum·-
2953 5369 3004 5430 1,
3053 5369 3104 5432 5;
3137 5381 3189 5421 c.
3232 5368 3284 5430 0,
3323 5369 3390 5430 Χ,
3435 5370 3512 5419 de

478 5504 481 5509 ,
511 5443 792 5503 electione
821 5457 880 5503 ei
910 5453 1082 5505 electi
1118 5457 1431 5514 potestate,
1461 5456 1512 5516 1,
1542 5455 1593 5519 0;
1617 5467 1667 5508 c.
1700 5458 1805 5518 1-4,
1836 5458 1903 5518 Χ,
1944 5459 2017 5509 de
2049 5457 2439 5510 translatione
2475 5457 2754 5520 concupi,
2784 5459 2836 5520 1,
2866 5459 2917 5521 ‘13
2943 5471 2993 5511 c.
3025 5459 3077 5521 3,
3108 5459 3176 5520 Χ,
3210 5462 3281 5511 ae
3314 5458 3509 5518 officio
