3753 5871
1176 290 1353 342 biber
1396 289 1657 350 Quartae
1692 314 1714 326 ·
1748 288 1834 339 De
1873 288 2250 345 Procerum
3088 284 3195 344 5³1
3224 284 3227 287 ’

1483 512 1660 581 om.
1709 511 1904 579 1895.

395 657 710 737 Querela
756 655 1131 723 nullitatis
1164 654 1243 722 in
1286 653 1581 722 casibus
1614 651 1706 722 de
1745 653 2010 738 quibus
2046 654 2125 721 in
2159 671 2325 720 can.
2363 652 2560 737 1894,
2602 652 2916 737 proponi
2953 655 3199 736 potest

216 766 336 832 vel
395 783 545 831 una
592 782 759 831 cum
809 762 1308 848 appellatione
1356 762 1560 829 intra
1621 760 2078 843 decendium,
2133 761 2251 828 vel
2301 760 2605 835 seorsim
2660 765 2735 828 et
2785 760 2998 827 unice
3050 777 3195 844 qua

217 873 518 957 querela
546 871 746 939 intra
780 876 934 939 tres
966 888 1248 938 menses
1286 889 1329 937 a
1360 870 1480 938 die
1518 868 2044 954 publicationis
2076 868 2484 937 sententiae
2505 862 2759 935 'coram
2794 868 3037 936 iudice
3070 868 3199 953 qui

217 979 660 1047 sententiam
702 978 906 1046 tulit.

1474 1084 1651 1153 om.
1700 1084 1895 1153 1896.

394 1225 475 1292 Si
511 1243 688 1309 pars
720 1230 1064 1293 vereatur
1109 1243 1199 1293 ne
1236 1224 1481 1308 iuda,
1524 1225 1651 1309 qui
1696 1223 2163 1307 sententiam,
2209 1224 2503 1308 querela
2543 1222 2919 1291 nullitatis
2964 1224 3196 1308 impu·

217 1337 552 1418 gnatam„
586 1333 793 1415 tulit,
827 1336 1444 1417 praeoccupatum
1474 1333 1803 1400 animum
1834 1332 2102 1400 habeat
2131 1337 2206 1400 et
2236 1331 2547 1416 proinde
2577 1349 2742 1398 eum
2778 1334 3199 1416 suspectum

217 1439 485 1507 merito
517 1439 912 1522 existimet,
944 1439 1231 1523 exigere
1259 1444 1503 1524 potest
1533 1444 1618 1508 ut
1653 1440 1849 1507 alius
1879 1439 2124 1521 iudex,
2159 1440 2285 1507 sed
2316 1440 2394 1506 in
2428 1439 2679 1507 eadem
2709 1438 2970 1505 iudicii
3002 1438 3194 1523 sede,

220 1546 300 1612 in
336 1546 495 1615 eius
530 1547 771 1614 locum
819 1548 1258 1634 subrogetur
1295 1547 1388 1615 ad
1439 1565 1769 1614 normam
1810 1565 1974 1614 can.
2018 1546 2213 1613 1615.

1480 1721 1659 1788 CAN,
1709 1721 1904 1787 1897.

398 1841 431 1923 ξ
479 1843 545 1908 1.
594 1843 983 1922 Querelam
1017 1843 1393 1911 nullitatis
1427 1844 1895 1926 interponere
1928 1844 2241 1926 possunt
2275 1842 2540 1909 nedum
2582 1846 2858 1926 partes,
2897 1859 3081 1926 quae
3122 1859 3199 1909 se

218 1952 567 2033 gravatas
606 1955 903 2034 putant,
939 1950 1065 2018 sed
1097 1950 1320 2019 etiam
1354 1954 1731 2035 promotor
1764 1950 2098 2017 iustitiae
2139 1954 2274 2017 aut
2307 1950 2648 2017 defensor
2681 1949 2985 2032 vinculi,
3025 1967 3191 2034 quo·

219 2057 361 2124 ties
398 2058 674 2125 iudicio
705 2058 1210 2126 interfuerunt
1252 2057 1300 2124 ².

399 2163 432 2245 ξ
478 2164 545 2230 2.
596 2163 757 2232 Imo
803 2165 963 2248 ipse
1001 2165 1220 2233 iudex
1259 2169 1505 2249 potest
1542 2183 1630 2231 ex
1681 2165 1914 2231 officio
1956 2165 2397 2231 sententiam
2438 2164 2718 2230 nullam
2759 2182 2807 2230 a
2847 2183 2924 2231 se
2966 2164 3195 2232 latam

221 2273 628 2339 retractare
666 2277 741 2340 et
773 2272 1159 2341 emendare
1190 2273 1396 2340 intra
1426 2273 1780 2341 terminos
1812 2273 1910 2339 ad
1942 2273 2303 2357 agendum
2339 2291 2565 2357 supra
2599 2275 2922 2339 statutos
2963 2270 3013 2335 ¹.

1478 2554 1739 2621 CAPUT
1776 2554 1927 2621 ΙΙΙ.

1256 2675 1368 2743 De
1409 2678 1869 2763 oppositione
1914 2679 2141 2746 tertii.

1494 2868 1672 2938 OAN.
1722 2870 1917 2938 1898.

401 3010 483 3078 Si
526 3010 935 3078 sententiae
1005 3008 1429 3078 definitivae
1491 3010 2032 3094 praescriptum
2095 3011 2266 3077 iura
2328 3011 2644 3078 aliorum
2721 3009 3073 3095 offendat,
3121 3011 3200 3079 hi

223 3117 496 3185 habent
525 3118 924 3186 remedium
955 3117 1627 3186 extraordinarium
1663 3119 1854 3203 qnod
1893 3118 2260 3203 oppositio
2296 3118 2502 3185 tertii
2534 3119 2838 3203 dicitur,
2880 3121 2957 3186 vi
2986 3120 3201 3188 cuius

225 3226 354 3310 qui
391 3244 479 3292 ex
514 3226 883 3293 sententia
923 3243 1222 3294 suorum
1256 3225 1530 3292 iurium
1564 3227 1960 3295 laesionem
1993 3229 2366 3310 verentur,
2412 3232 2724 3312 possunt
2758 3228 3199 3295 sententiam

222 3334 460 3416 ipsam
506 3338 680 3400 ante
715 3333 876 3400 eius
912 3333 1451 3401 exsecutionem
1498 3335 1932 3419 impugnare
1972 3336 2181 3419 eique
2222 3353 2300 3403 se
2337 3349 2702 3419 opponere
2743 3332 2796 3400 ⁸.

1484 3518 1660 3587 OAN.
1711 3519 1907 3587 1899.

405 3657 439 3740 §
486 3661 552 3724 1.
603 3658 992 3744 oppositio
1024 3658 1186 3727 fleri
1222 3663 1469 3744 potest
1510 3661 1605 3727 ad
1646 3660 2095 3728 recurrentis
2139 3661 2531 3730 arbitrium
2570 3662 2722 3730 sive
2758 3662 3206 3747 postulando

229 3766 660 3834 revisionem
681 3793 684 3798 ·
702 3767 1111 3835 sententiae
1161 3768 1255 3835 ab
1297 3768 1460 3852 ipso
1511 3768 1753 3836 iudice
1799 3769 1926 3853 qui
1968 3787 2127 3837 eam
2174 3770 2378 3851 tulit,
2427 3770 2579 3838 sive
2619 3771 3066 3854 appellando
3105 3770 3199 3837 ad

226 3871 540 3940 iudicem
578 3873 1028 3958 superiorem
1065 3874 1114 3943 ⁴.
1558 3901 1561 3904 ·

404 3977 442 4062 ξ
484 3980 550 4046 2.
601 3981 693 4047 In
734 3986 1046 4066 utroque
1083 4000 1260 4048 casu
1303 3982 1683 4066 oppositor
1720 3982 2034 4066 probare
2073 3983 2289 4051 debet
2335 3985 2453 4051 ius
2492 4002 2705 4051 suum
2757 4002 3008 4051 revera
3047 4001 3204 4051 esse

229 4073 505 4155 laesum
545 4092 679 4155 aut
715 4089 1197 4173 probabiliter
1235 4089 1669 4156 laedendum
1710 4087 1762 4154 ⁸.

404 4195 438 4277 ἓ
484 4196 551 4263 3.
602 4196 863 4263 Laesio
904 4202 1147 4265 autem
1199 4196 1381 4265 oriri
1424 4197 1639 4265 debet
1682 4217 1770 4266 ex
1825 4198 1991 4283 ipsa
2034 4199 2401 4267 sententia
2458 4205 2820 4284 quatenus
2863 4204 2999 4269 aut
3040 4200 3203 4284 ipsa

230 4303 332 4370 sit
353 4321 580 4371 causa
613 4305 985 4386 laesionis,
1018 4310 1177 4382 aut,
1216 4305 1280 4372 si
1309 4305 1761 4373 exsecutioni
1788 4307 2203 4389 mandetur,
2237 4308 2730 4392 oppositorem
2759 4309 2969 4392 gravi
2998 4326 3200 4393 prae·

230 4410 504 4479 iudicio
539 4411 640 4477 sit
673 4412 1036 4480 affectura
1070 4412 1121 4480 ⁸.

410 4643 433 4679 1
469 4642 534 4694 Ο.
569 4643 619 4701 7,
650 4642 716 4701 Χ,
750 4644 823 4693 ae
858 4641 1107 4692 tectibus
1150 4645 1209 4692 et
1242 4641 1744 4697 attestationibus.
1781 4642 1865 4702 11,
1901 4643 1982 4703 20:
2022 4643 2282 4704 Regulae
2317 4641 2640 4694 servandae
2676 4644 2737 4693 in
2770 4642 3010 4694 iudiciis
3046 4644 3203 4704 apud

236 4734 496 4793 Suprem.
531 4732 885 4793 signatur-ae
916 4734 1025 4792 Ap.
1054 4730 1358 4792 Tribunal,
1393 4733 1428 4785 6
1451 4736 1627 4785 mart.
1656 4732 1804 4792 1912,
1833 4735 1949 4785 art.
1980 4732 2030 4792 3,
2062 4731 2112 4784 8.

402 4830 427 4864 ²
470 4823 535 4873 C.
565 4823 616 4883 9,
646 4822 712 4882 Χ,
752 4823 823 4892 de
856 4820 1104 4872 testibus
1132 4825 1190 4872 et
1217 4821 1720 4880 attestationibus,
1752 4823 1835 4876 11.
1866 4822 1947 4873 20.

409 4898 532 4963 ao.
566 4914 648 4973 38,
681 4915 749 4972 x,
782 4915 852 4964 ae
885 4915 1133 4965 mmm
1165 4918 1221 4965 et
1255 4917 1752 4987 attestationum,
1788 4918 1864 4977 11,
1899 4917 1990 4978 20;
2032 4931 2078 4967 c.
2113 4918 2195 4979 ιτ,
2230 4918 2312 4975 25,
2345 4917 2414 4975 x.
2448 4921 2519 4968 ae
2551 4917 2845 4966 aeneentw
2879 4920 2935 4966 et
2974 4927 3035 4966 re
3071 4916 3214 4965 iudi-

235 5003 387 5060 cata,
419 5002 502 5063 11,
539 5001 619 5063 27:
646 5001 907 5063 Regulae
932 5000 1257 5055 servandae
1283 5003 1345 5053 in
1376 5003 1613 5055 iudiciis
1641 5002 1798 5064 apud
1837 5002 1896 5055 S.
1930 5002 2001 5055 R.
2032 5003 2223 5055 Rotae
2250 5003 2554 5064 Tribunal,
2586 5005 2619 5054 4
2647 5016 2780 5065 aug.
2817 5005 2964 5063 1910,
2997 5004 3024 5065 fl
3056 5004 3170 5056 232.

402 5098 430 5135 ⁴
468 5092 533 5144 C.
570 5091 654 5152 38,
682 5092 750 5151 Χ,
779 5092 851 5142 de
882 5091 1129 5143 testibus
1160 5095 1220 5143 et
1249 5092 1751 5150 attestationibus,
1782 5094 1866 5151 11,
1898 5092 1978 5156 20;
2012 5105 2061 5145 c.
2094 5093 2176 5155 17,
2206 5094 2273 5154 Χ,
2305 5096 2375 5144 de
2404 5093 2698 5145 sententia
2727 5099 2786 5146 et
2821 5106 2886 5145 re
2918 5093 3203 5154 iudicata,

236 5182 315 5243 11,
353 5181 435 5232 27.

406 5276 432 5310 ⁸
471 5271 534 5323 O.
568 5271 651 5332 38,
682 5272 748 5333 Χ,
779 5274 850 5324 de
880 5272 1129 5324 testibus
1154 5277 1215 5324 et
1249 5272 1752 5332 attestationibus,
1783 5274 1866 5334 11,
1898 5273 1979 5326 20.

404 5366 430 5401 ⁸
471 5362 536 5414 C.
572 5361 655 5422 38,
683 5362 750 5422 Χ,
781 5363 860 5422 de,
881 5362 1130 5415 tectibus
1161 5367 1221 5416 et
1249 5363 1751 5422 attestationibus,
1785 5365 1865 5423 11,
1898 5365 1979 5426 2⁰3
2013 5376 2063 5416 e.
2095 5364 2177 5424 17,
2210 5365 2274 5425 Χ,
2307 5365 2378 5414 de
2406 5365 2699 5416 sententia
2730 5369 2789 5416 et
2815 5375 2890 5414 ’γε
2921 5362 3210 5421 iudicata,

239 5452 318 5513 11,
349 5452 432 5515 27ς
455 5464 505 5504 c.
537 5452 589 5513 2,
628 5455 696 5504 ut
729 5452 834 5504 uto
865 5454 1151 5514 pendente
1179 5452 1332 5504 nihil
1368 5454 1699 5514 innovetur,
1733 5455 1817 5515 11,
1850 5454 1901 5515 8,
1936 5455 1999 5506 in
2037 5454 2162 5505 V10.
