3753 5871
1154 323 1330 375 Liber
1373 324 1634 386 Quartus
1668 347 1689 359 ·
1724 321 1811 373 De
1855 324 2234 376 Pmoeuibtu
3088 325 3194 385 481

1284 531 1323 566 ⁸
1479 528 1657 595 CAN·
1707 527 1903 595 1673.

385 650 419 734 5
467 653 533 718 1.
580 652 700 719 Ad
725 650 994 720 crediti
1024 669 1310 737 quoque
1337 652 1811 721 securitatem
1839 653 2331 738 sequestratio
2363 653 2472 722 rei
2505 655 2960 741 admittitur,
2991 657 3194 724 dum·

219 759 423 828 modo
461 759 555 828 de
592 759 986 828 creditoris
1018 759 1183 829 iure
1216 759 1502 845 liquido
1534 763 1827 830 constet
1856 766 1933 830 et
1975 765 2270 829 servata
2303 779 2564 830 norma
2594 762 2688 831 de
2731 781 2875 849 qua
2913 765 2995 831 in
3026 782 3193 832 can.

216 866 1095 1060 1923’§§2.1·Sequestratio
1152 975 1580 1044 extenditur
1637 977 1862 1044 etiam
1913 977 2011 1044 ad
2063 995 2181 1044 res
2226 977 2585 1047 debitoris
2634 996 2820 1064 quae
2879 979 3198 1064 depositi

215 1097 435 1149 causa
459 1085 594 1150 aut
622 1081 951 1167 quolibet
984 1082 1135 1150 alio
1164 1083 1392 1152 titulo
1417 1082 1618 1168 apud
1647 1083 1838 1152 alias
1869 1102 2224 1169 personas
2255 1085 2748 1169 reperiantur.

1477 1243 1654 1311 CAN·
1712 1242 1909 1310 1674.

385 1369 894 1455 Sequestratio
930 1368 1041 1435 rei
1079 1373 1156 1437 et
1193 1369 1581 1453 suspensio
1617 1368 1953 1437 exercitii
1995 1368 2185 1435 iuris
2231 1368 2528 1437 decerni
2568 1368 2998 1437 nullatenus
3035 1387 3196 1454 pos·

214 1483 409 1562 sunt,
455 1478 523 1545 si
563 1477 915 1546 damnum
959 1476 1151 1562 quod
1205 1475 1537 1559 timetur,
1582 1476 1819 1560 possit
1860 1476 2085 1544 aliter
2130 1478 2465 1562 reparari
2509 1481 2587 1546 et
2630 1476 2898 1545 idonea
2946 1473 3202 1545 cautio

215 1584 302 1653 de
339 1604 424 1653 eo
467 1584 880 1670 reparando
922 1583 1283 1653 offeratur
1298 1583 1375 1651 2².

1477 1691 1653 1759 CAN.
1710 1690 1908 1759 1675.

389 1814 424 1898 §
469 1817 537 1882 1.
585 1816 704 1885 Ad
736 1816 1149 1890 custodiam
1186 1814 1295 1884 rei
1336 1815 1911 1901 sequestrationi
1948 1814 2321 1883 subiectae
2353 1814 2620 1883 idonea
2655 1832 2995 1899 persona,
3035 1832 3196 1900 pro·

216 1923 654 2009 ponentibus
682 1923 1048 2010 partibus,
1078 1942 1125 1992 a
1151 1923 1395 1992 iudice
1419 1923 1873 2008 designetur,
1906 1940 2091 2008 quae
2124 1925 2499 2007 sequester
2524 1922 2825 2008 dicitur3
2856 1921 2921 1990 si
2949 1925 3201 2006 partes

214 2029 407 2099 inter
444 2049 522 2099 se
557 2030 1031 2114 dissentiant,
1081 2030 1303 2099 iudex
1342 2050 1432 2100 ex
1479 2029 1714 2099 officio
1755 2034 2204 2115 sequestrem
2243 2029 2525 2116 deligat
2572 2028 2623 2093 ¹.

387 2137 422 2220 ξ
467 2137 535 2204 2.
587 2137 979 2224 sequester
1008 2138 1089 2205 in
1122 2158 1202 2206 re
1237 2138 1748 2215 custodienda,
1782 2138 2120 2207 curanda
2150 2141 2225 2206 et
2261 2137 2622 2206 servanda
2659 2156 2807 2205 non
2841 2137 3198 2207 minorem
3288 2184 3295 2192 ·

210 2244 671 2332 diligentiam
707 2245 1054 2315 adhibere
1087 2245 1301 2314 debet
1338 2263 1556 2330 quam
1601 2247 1758 2314 suis
1796 2245 2099 2314 adhibet
2132 2245 2376 2331 rebus,
2414 2263 2720 2332 eamque
2756 2248 3038 2331 postea,
3075 2246 3199 2314 cui

211 2352 430 2423 iudex
467 2353 899 2436 decreverit,
940 2352 1243 2422 reddere
1282 2355 1578 2422 tenetur
1606 2370 1774 2421 cum
1808 2354 2010 2422 omni
2040 2370 2271 2421 causa
2318 2348 2370 2416 ⁸.

349 2511 353 2516 .
385 2459 420 2543 ξ
464 2459 534 2528 3.
583 2459 817 2529 Iudex
854 2477 1256 2547 congruam
1301 2460 1651 2532 decernat
1697 2461 2099 2530 mercedem
2136 2462 2526 2547 sequestri,
2570 2463 2638 2530 si
2673 2480 2836 2531 eam
2875 2465 3107 2546 petat.

1483 2686 1744 2753 Garum
1790 2685 1900 2754 11.

497 2808 610 2877 De
639 2807 1057 2877 actionibus
1086 2828 1177 2878 eo
1204 2808 1378 2877 novi
1412 2808 1657 2895 operis
1690 2807 2166 2877 nuntiatione
2202 2815 2276 2879 et
2307 2809 2576 2877 damno
2603 2808 2907 2894 infecto.

1476 2990 1655 3057 om.
1717 2989 1914 3057 1676.

388 3114 423 3198 ξ
470 3117 538 3182 1.
586 3114 733 3196 Qui
768 3133 858 3183 ex
901 3114 1155 3199 aliquo
1198 3131 1388 3182 novo
1430 3130 1648 3198 opere
1680 3113 2034 3180 damnum
2074 3113 2291 3183 timet
2326 3131 2504 3182 suae
2539 3115 2648 3183 rei
2685 3113 3199 3198 obventurum,

209 3226 455 3308 potest
475 3222 666 3291 illud
692 3222 921 3291 iudici
952 3222 1302 3291 nuntiare
1324 3225 1411 3290 ut
1433 3240 1620 3306 opus
1644 3222 2263 3309 interrumpatur,
2290 3222 2521 3291 donec
2544 3222 2935 3308 utriusque
2960 3223 3201 3308 partis

206 3331 403 3414 iura,
451 3330 722 3399 iudicis
768 3330 1162 3413 sententia,
1204 3330 1658 3398 definiantur
1698 3329 1746 3397 ⁴.

385 3436 419 3520 ὅ
465 3437 533 3504 2.
583 3437 663 3505 Is
694 3438 818 3506 cui
860 3437 1212 3506 intimata
1242 3437 1476 3505 fuerit
1509 3436 1938 3522 prohibitio,
1983 3437 2340 3506 continuo
2381 3437 2476 3505 ab
2511 3456 2729 3521 opere
2761 3457 3050 3507 cessare
3084 3439 3200 3508 de·

209 3544 359 3628 bet,
402 3545 554 3628 sed,
595 3545 988 3613 dummodo
1024 3544 1283 3614 idonee
1317 3548 1576 3612 caveat
1621 3564 1698 3613 se
1733 3545 1813 3612 in
1849 3544 2251 3630 pristinum
2291 3545 2538 3613 omnia
2575 3545 3100 3615 restituturum
3138 3546 3204 3614 si

205 3650 551 3721 absoluto
592 3652 871 3720 iudicio
909 3652 1153 3721 victus
1184 3652 1632 3737 discesserit,
1670 3654 1950 3738 poterit
1990 3672 2039 3721 a
2071 3652 2315 3722 iudice
2347 3653 2981 3724 continuationem
3017 3654 3202 3724 eius·

199 3759 374 3827 dem
419 3759 819 3845 impetrare
858 3759 911 3827 ⁸.

391 3866 426 3949 ξ
470 3866 539 3935 3.
590 3867 994 3935 Nuntianti
1023 3884 1292 3934 novum
1322 3886 1509 3952 opus
1533 3868 1628 3935 ad
1661 3869 1782 3935 ius
1817 3887 2033 3936 suum
2062 3867 2717 3936 demonstrandum
2745 3866 2894 3938 duo
2922 3887 3207 3939 menses

205 3974 781 4059 praefiniuntur3
828 3974 955 4061 qui
1005 3994 1096 4043 ex
1147 3976 1352 4043 iusta
1403 3981 1479 4044 et
1522 3976 1946 4044 necessaria
1981 3995 2210 4045 causa
2254 3995 2300 4044 a
2342 3976 2610 4060 iudice,
2659 3977 2922 4045 audita
2966 3978 3209 4046 altera

204 4084 452 4167 parte,
486 4082 874 4168 prorogari
903 4082 1019 4151 vel
1050 4082 1304 4150 reduci
1338 4087 1692 4168 poterunt
1755 4084 1805 4150 ⁸.

1493 4243 1669 4311 CAN.
1728 4243 1925 4310 1677.

390 4365 474 4434 Si
498 4371 713 4436 vetus
739 4386 926 4453 opus
952 4384 1223 4451 magna
1254 4386 1342 4435 ex
1374 4373 1589 4453 parte
1614 4344 2076 4451 immutetur,
2105 4368 2301 4438 idem
2328 4368 2449 4436 ius
2476 4373 2637 4438 esto
2667 4369 2860 4455 quod
2889 4369 2982 4438 de
3018 4388 3207 4438 novo

202 4490 432 4557 opere
457 4492 621 4541 can.
659 4473 833 4541 1676
864 4474 1356 4544 constitutum
1392 4480 1507 4544 est
1569 4475 1620 4543 ².

398 4666 419 4702 ¹
456 4666 521 4719 G.
550 4668 602 4727 1,
630 4667 696 4727 x,
724 4668 795 4718 ae
820 4666 1287 4727 sequestratione
1315 4668 1748 4727 possessionum
1774 4672 1833 4720 et
1861 4666 2188 4726 tractuum,
2217 4667 2300 4728 11,
2338 4666 2402 4719 17

390 4765 416 4798 ⁸
452 4757 517 4809 C.
551 4769 673 4817 nn..
713 4759 785 4808 ae
812 4756 1278 4817 sequestratione
1307 4756 1740 4817 possessionum
1777 4761 1835 4809 et
1863 4756 2188 4816 fructuum,
2223 4758 2305 4817 11,
2335 4757 2386 4818 6,
2427 4759 2490 4809 in
2519 4759 2699 4811 Clem.

390 4850 416 4886 ³
454 4846 519 4899 G.
559 4847 610 4907 2,
641 4847 709 4907 x,
748 4847 820 4898 de
857 4845 989 4896 dolo
1024 4850 1085 4897 et
1121 4848 1511 4906 contumacia,
1551 4847 1634 4908 11,
1675 4850 1757 4909 143
1791 4859 1841 4899 c.
1892 4860 2014 4909 nn..
2053 4849 2125 4899 de
2164 4846 2630 4907 sequestratione
2659 4848 3099 4907 'possessionum
3147 4851 3205 4898 et

200 4937 543 4996 tactuum,
571 4936 655 4997 11,
683 4938 734 4997 6,
772 4938 835 4988 in
863 4937 1045 4990 clem.

390 5032 420 5069 ⁴
457 5026 521 5079 G.
551 5029 602 5086 1,
633 5027 684 5088 2,
715 5028 781 5090 X,
812 5029 884 5079 ae
911 5028 1051 5078 novi
1076 5026 1270 5089 opem
1300 5026 1697 5087 annotatione,
1727 5028 1797 5089 V,
1828 5028 1912 5090 32;
1941 5027 2001 5080 S.
2039 5027 2104 5081 0.
2137 5027 2244 5088 Ep.
2275 5030 2339 5080 et
2367 5027 2531 5090 neg„
2571 5025 2807 5081 Numae
2842 5026 3208 5085 Attamen-ae,

202 5117 279 5171 18
320 5128 457 5169 nov.
491 5115 639 5179 1617:
670 5116 1023 5175 Faventino,
1059 5116 1126 5169 12
1164 5128 1300 5180 aug.
1335 5117 1481 5171 1853.

390 5215 417 5250 ⁸
461 5207 527 5260 G.
565 5207 616 5269 3,
647 5208 699 5269 4,
730 5207 795 5266 X.
835 5208 907 5258 de
941 5208 1079 5259 novi
1115 5206 1309 5269 opem
1343 5207 1742 5267 mandatione,
1779 5209 1848 5268 V,
1889 5208 1972 5270 32;
2005 5208 2267 5270 Regulae
2313 5206 2639 5259 servandae
2674 5208 2737 5259 in
2776 5207 3016 5261 iudiciis
3050 5206 3211 5268 apud
3309 5256 3314 5267 ,

204 5301 272 5353 S.
321 5299 396 5351 B.
435 5299 626 5352 Rotae
655 5298 962 5359 Tribunal,
995 5299 1028 5349 4
1068 5309 1203 5361 aug.
1236 5299 1387 5360 1910,
1425 5298 1454 5360 ff
1486 5298 1602 5359 206,
1646 5310 1703 5349 n.
1739 5297 1789 5348 2.

403 5393 430 5430 ⁸
462 5388 528 5441 Ο.
559 5390 610 5449 4,
642 5388 707 5450 X,
740 5390 811 5440 de
841 5388 979 5439 novi
1006 5389 1200 5449 opem
1227 5386 1625 5446 nunciatione,
1658 5388 1728 5448 V,
1758 5387 1840 5440 32.

396 5483 425 5522 ⁷
458 5478 517 5532 8.
561 5480 627 5533 G.
664 5480 769 5541 m),
804 5482 868 5532 et
904 5478 1069 5542 neg„
1113 5476 1457 5538 Bononien„
1490 5478 1555 5530 21
1590 5481 1737 5540 sept.
1773 5476 1921 5531 1888.

326 5615 536 5668 vedeo
566 5615 730 5668 laris
764 5616 1063 5669 canonici.
3026 5617 3079 5662 31
