<?xml version="1.0" encoding="UTF-8"?>
<!DOCTYPE html PUBLIC "-//W3C//DTD XHTML 1.0 Transitional//EN"
    "http://www.w3.org/TR/xhtml1/DTD/xhtml1-transitional.dtd">
<html xmlns="http://www.w3.org/1999/xhtml" xml:lang="en" lang="en">
 <head>
  <title>
</title>
<meta http-equiv="Content-Type" content="text/html;charset=utf-8" />
  <meta name='ocr-system' content='tesseract 3.04.00' />
  <meta name='ocr-capabilities' content='ocr_page ocr_carea ocr_par ocr_line ocrx_word'/>
</head>
<body>
  <div class='ocr_page' id='page_1' title='image "./codexiuriscanon00xgoog_0538.png"; bbox 0 0 3753 5871; ppageno 0'>
   <div class='ocr_carea' id='block_1_1' title="bbox 591 330 2443 391">
    <p class='ocr_par' dir='ltr' id='par_1_1' title="bbox 591 330 2443 391">
     <span class='ocr_line' id='line_1_1' title="bbox 591 330 2443 391; baseline -0.006 0"><span class='ocrx_word' id='word_1_1' title='bbox 591 332 698 391; x_wconf 72' lang='lat'><strong>486</strong></span> <span class='ocrx_word' id='word_1_2' title='bbox 1720 332 1916 384; x_wconf 71' lang='lat' dir='ltr'><strong>Gom</strong></span> <span class='ocrx_word' id='word_1_3' title='bbox 1963 332 1994 384; x_wconf 91' lang='grc'><strong>1</strong></span> <span class='ocrx_word' id='word_1_4' title='bbox 1995 331 2122 384; x_wconf 69' lang='lat' dir='ltr'><strong>arla</strong></span> <span class='ocrx_word' id='word_1_5' title='bbox 2163 330 2443 383; x_wconf 66' lang='lat' dir='ltr'><strong>canonici</strong></span> 
     </span>
    </p>
   </div>
   <div class='ocr_carea' id='block_1_2' title="bbox 592 517 3569 711">
    <p class='ocr_par' dir='ltr' id='par_1_2' title="bbox 592 517 3569 711">
     <span class='ocr_line' id='line_1_2' title="bbox 594 517 3569 603; baseline -0 -17"><span class='ocrx_word' id='word_1_6' title='bbox 594 519 1136 587; x_wconf 88' lang='lat' dir='ltr'><strong>restitutionem</strong></span> <span class='ocrx_word' id='word_1_7' title='bbox 1166 518 1542 603; x_wconf 80' lang='lat' dir='ltr'>suspendi,</span> <span class='ocrx_word' id='word_1_8' title='bbox 1568 523 1700 585; x_wconf 90' lang='lat' dir='ltr'><strong>aut</strong></span> <span class='ocrx_word' id='word_1_9' title='bbox 1737 537 1887 587; x_wconf 91' lang='lat' dir='ltr'><strong>rem</strong></span> <span class='ocrx_word' id='word_1_10' title='bbox 1923 519 2036 586; x_wconf 87' lang='lat' dir='ltr'><strong>vel</strong></span> <span class='ocrx_word' id='word_1_11' title='bbox 2066 537 2453 603; x_wconf 82' lang='lat' dir='ltr'><strong>personam</strong></span> <span class='ocrx_word' id='word_1_12' title='bbox 2481 517 2680 602; x_wconf 92' lang='lat' dir='ltr'><strong>apud</strong></span> <span class='ocrx_word' id='word_1_13' title='bbox 2710 521 3155 602; x_wconf 73' lang='lat' dir='ltr'>sequestrem</span> <span class='ocrx_word' id='word_1_14' title='bbox 3184 518 3569 596; x_wconf 82' lang='lat' dir='ltr'><strong>custodiri,</strong></span> 
     </span>
     <span class='ocr_line' id='line_1_3' title="bbox 592 624 2306 711; baseline -0.001 -17"><span class='ocrx_word' id='word_1_15' title='bbox 592 625 820 694; x_wconf 91' lang='lat' dir='ltr'><strong>donec</strong></span> <span class='ocrx_word' id='word_1_16' title='bbox 857 644 1082 693; x_wconf 89' lang='lat' dir='ltr'><strong>causa</strong></span> <span class='ocrx_word' id='word_1_17' title='bbox 1120 627 1471 711; x_wconf 86' lang='lat' dir='ltr'><strong>petitorio</strong></span> <span class='ocrx_word' id='word_1_18' title='bbox 1505 626 1779 695; x_wconf 89' lang='lat' dir='ltr'><strong>iudicio</strong></span> <span class='ocrx_word' id='word_1_19' title='bbox 1812 625 2215 694; x_wconf 84' lang='lat' dir='ltr'><strong>definiatur</strong></span> <span class='ocrx_word' id='word_1_20' title='bbox 2258 624 2306 692; x_wconf 88' lang='lat'><strong>².</strong></span> 
     </span>
    </p>
   </div>
   <div class='ocr_carea' id='block_1_3' title="bbox 1859 802 2278 872">
    <p class='ocr_par' dir='ltr' id='par_1_3' title="bbox 1859 802 2278 872">
     <span class='ocr_line' id='line_1_4' title="bbox 1859 802 2278 872; baseline -0.007 0"><span class='ocrx_word' id='word_1_21' title='bbox 1859 804 2036 872; x_wconf 72' lang='lat' dir='ltr'>CAN.</span> <span class='ocrx_word' id='word_1_22' title='bbox 2085 802 2278 871; x_wconf 97' lang='grc'><strong>1700.</strong></span> 
     </span>
    </p>
   </div>
   <div class='ocr_carea' id='block_1_4' title="bbox 591 924 3573 1227">
    <p class='ocr_par' dir='ltr' id='par_1_4' title="bbox 591 924 3573 1227">
     <span class='ocr_line' id='line_1_5' title="bbox 775 924 3573 1010; baseline -0.001 -18"><span class='ocrx_word' id='word_1_23' title='bbox 775 926 1067 995; x_wconf 88' lang='lat' dir='ltr'><strong>Iudicia</strong></span> <span class='ocrx_word' id='word_1_24' title='bbox 1101 927 1550 1010; x_wconf 80' lang='lat' dir='ltr'><strong>possessoris</strong></span> <span class='ocrx_word' id='word_1_25' title='bbox 1587 927 2030 995; x_wconf 87' lang='lat' dir='ltr'><strong>absolvenda</strong></span> <span class='ocrx_word' id='word_1_26' title='bbox 2066 932 2268 1009; x_wconf 87' lang='lat' dir='ltr'><strong>sunt,</strong></span> <span class='ocrx_word' id='word_1_27' title='bbox 2314 927 2552 995; x_wconf 83' lang='lat' dir='ltr'><strong>citata</strong></span> <span class='ocrx_word' id='word_1_28' title='bbox 2584 926 2980 995; x_wconf 85' lang='lat' dir='ltr'><strong>dumtaxat</strong></span> <span class='ocrx_word' id='word_1_29' title='bbox 3012 924 3332 993; x_wconf 82' lang='lat' dir='ltr'><strong>adversa</strong></span> <span class='ocrx_word' id='word_1_30' title='bbox 3370 928 3573 1008; x_wconf 80' lang='lat' dir='ltr'><strong>parte</strong></span> 
     </span>
     <span class='ocr_line' id='line_1_6' title="bbox 593 1029 3570 1121; baseline -0.001 -20"><span class='ocrx_word' id='word_1_31' title='bbox 593 1033 673 1101; x_wconf 90' lang='lat' dir='ltr'><strong>in</strong></span> <span class='ocrx_word' id='word_1_32' title='bbox 707 1032 1005 1102; x_wconf 90' lang='lat' dir='ltr'><strong>iudiciis</strong></span> <span class='ocrx_word' id='word_1_33' title='bbox 1037 1035 1463 1103; x_wconf 81' lang='lat' dir='ltr'><strong>retinendae</strong></span> <span class='ocrx_word' id='word_1_34' title='bbox 1502 1035 1618 1103; x_wconf 83' lang='lat' dir='ltr'><strong>vel</strong></span> <span class='ocrx_word' id='word_1_35' title='bbox 1652 1036 2216 1121; x_wconf 82' lang='lat' dir='ltr'><strong>recuperandae3</strong></span> <span class='ocrx_word' id='word_1_36' title='bbox 2256 1035 2515 1105; x_wconf 84' lang='lat' dir='ltr'><strong>citatis</strong></span> <span class='ocrx_word' id='word_1_37' title='bbox 2546 1054 2722 1103; x_wconf 84' lang='lat' dir='ltr'><strong>vero</strong></span> <span class='ocrx_word' id='word_1_38' title='bbox 2753 1029 3092 1101; x_wconf 87' lang='lat' dir='ltr'><strong>omnibus</strong></span> <span class='ocrx_word' id='word_1_39' title='bbox 3124 1034 3221 1099; x_wconf 88' lang='lat' dir='ltr'><strong>iis</strong></span> <span class='ocrx_word' id='word_1_40' title='bbox 3263 1048 3570 1117; x_wconf 87' lang='lat' dir='ltr'><strong>quorum</strong></span> 
     </span>
     <span class='ocr_line' id='line_1_7' title="bbox 591 1141 1957 1227; baseline 0.001 -19"><span class='ocrx_word' id='word_1_41' title='bbox 591 1141 925 1226; x_wconf 84' lang='lat' dir='ltr'><strong>interest,</strong></span> <span class='ocrx_word' id='word_1_42' title='bbox 972 1142 1051 1209; x_wconf 92' lang='lat' dir='ltr'><strong>in</strong></span> <span class='ocrx_word' id='word_1_43' title='bbox 1087 1142 1385 1211; x_wconf 89' lang='lat' dir='ltr'><strong>iudiciis</strong></span> <span class='ocrx_word' id='word_1_44' title='bbox 1416 1143 1957 1227; x_wconf 79' lang='lat' dir='ltr'><strong>adipiscendae.</strong></span> 
     </span>
    </p>
   </div>
   <div class='ocr_carea' id='block_1_5' title="bbox 1528 1413 2619 1618">
    <p class='ocr_par' dir='ltr' id='par_1_5' title="bbox 1528 1413 2619 1618">
     <span class='ocr_line' id='line_1_8' title="bbox 1844 1413 2317 1482; baseline 0.006 -3"><span class='ocrx_word' id='word_1_45' title='bbox 1844 1413 2103 1480; x_wconf 75' lang='lat' dir='ltr'>CAPUT</span> <span class='ocrx_word' id='word_1_46' title='bbox 2140 1415 2317 1482; x_wconf 90' lang='lat' dir='ltr'><strong>VII.</strong></span> 
     </span>
     <span class='ocr_line' id='line_1_9' title="bbox 1528 1534 2619 1618; baseline 0.003 -15"><span class='ocrx_word' id='word_1_47' title='bbox 1528 1534 1642 1618; x_wconf 78' lang='lat' dir='ltr'><strong>De</strong></span> <span class='ocrx_word' id='word_1_48' title='bbox 1689 1535 2178 1604; x_wconf 67' lang='lat' dir='ltr'><strong>emunctione</strong></span> <span class='ocrx_word' id='word_1_49' title='bbox 2220 1538 2619 1606; x_wconf 74' lang='lat' dir='ltr'><strong>actionum.</strong></span> 
     </span>
    </p>
   </div>
   <div class='ocr_carea' id='block_1_6' title="bbox 1860 1699 2285 1766">
    <p class='ocr_par' dir='ltr' id='par_1_6' title="bbox 1860 1699 2285 1766">
     <span class='ocr_line' id='line_1_10' title="bbox 1860 1699 2285 1766; baseline 0 0"><span class='ocrx_word' id='word_1_50' title='bbox 1860 1700 2039 1766; x_wconf 74' lang='lat' dir='ltr'>CAN.</span> <span class='ocrx_word' id='word_1_51' title='bbox 2090 1699 2285 1766; x_wconf 81' lang='grc'><strong>1701.</strong></span> 
     </span>
    </p>
   </div>
   <div class='ocr_carea' id='block_1_7' title="bbox 595 1825 3580 2127">
    <p class='ocr_par' dir='ltr' id='par_1_7' title="bbox 595 1825 3580 2127">
     <span class='ocr_line' id='line_1_11' title="bbox 766 1825 3580 1910; baseline 0.001 -19"><span class='ocrx_word' id='word_1_52' title='bbox 766 1826 857 1894; x_wconf 91' lang='lat' dir='ltr'><strong>In</strong></span> <span class='ocrx_word' id='word_1_53' title='bbox 902 1825 1386 1894; x_wconf 77' lang='lat' dir='ltr'><strong>contentiosis</strong></span> <span class='ocrx_word' id='word_1_54' title='bbox 1443 1826 1772 1894; x_wconf 75' lang='lat' dir='ltr'><strong>actiones</strong></span> <span class='ocrx_word' id='word_1_55' title='bbox 1821 1831 1983 1894; x_wconf 91' lang='lat' dir='ltr'><strong>tum</strong></span> <span class='ocrx_word' id='word_1_56' title='bbox 2033 1826 2268 1893; x_wconf 79' lang='lat' dir='ltr'><strong>reales</strong></span> <span class='ocrx_word' id='word_1_57' title='bbox 2317 1831 2476 1894; x_wconf 87' lang='lat' dir='ltr'><strong>tum</strong></span> <span class='ocrx_word' id='word_1_58' title='bbox 2528 1825 2951 1910; x_wconf 84' lang='lat' dir='ltr'><strong>personales</strong></span> <span class='ocrx_word' id='word_1_59' title='bbox 2997 1826 3580 1910; x_wconf 83' lang='lat' dir='ltr'><strong>exstinguuntur</strong></span> 
     </span>
     <span class='ocr_line' id='line_1_12' title="bbox 595 1933 3576 2020; baseline 0 -20"><span class='ocrx_word' id='word_1_60' title='bbox 595 1933 1173 2020; x_wconf 78' lang='lat' dir='ltr'><strong>praescriptione</strong></span> <span class='ocrx_word' id='word_1_61' title='bbox 1201 1934 1299 2001; x_wconf 84' lang='lat' dir='ltr'><strong>ad</strong></span> <span class='ocrx_word' id='word_1_62' title='bbox 1337 1951 1667 2004; x_wconf 88' lang='lat' dir='ltr'><strong>normam</strong></span> <span class='ocrx_word' id='word_1_63' title='bbox 1696 1951 1861 2001; x_wconf 88' lang='lat' dir='ltr'><strong>can.</strong></span> <span class='ocrx_word' id='word_1_64' title='bbox 1896 1933 2290 2020; x_wconf 82' lang='lat'>1508-15123</span> <span class='ocrx_word' id='word_1_65' title='bbox 2321 1934 2650 2003; x_wconf 82' lang='lat' dir='ltr'><strong>actiones</strong></span> <span class='ocrx_word' id='word_1_66' title='bbox 2689 1939 2936 2003; x_wconf 87' lang='lat' dir='ltr'><strong>autem</strong></span> <span class='ocrx_word' id='word_1_67' title='bbox 2962 1934 3057 2003; x_wconf 92' lang='lat' dir='ltr'><strong>de</strong></span> <span class='ocrx_word' id='word_1_68' title='bbox 3094 1938 3303 2002; x_wconf 84' lang='lat' dir='ltr'><strong>statu</strong></span> <span class='ocrx_word' id='word_1_69' title='bbox 3337 1952 3576 2018; x_wconf 70' lang='lat' dir='ltr'><strong>perso</strong></span> 
     </span>
     <span class='ocr_line' id='line_1_13' title="bbox 595 2042 1899 2127; baseline 0 -20"><span class='ocrx_word' id='word_1_70' title='bbox 595 2060 857 2108; x_wconf 91' lang='lat' dir='ltr'><strong>narum</strong></span> <span class='ocrx_word' id='word_1_71' title='bbox 889 2059 1265 2127; x_wconf 87' lang='lat' dir='ltr'><strong>nunquam</strong></span> <span class='ocrx_word' id='word_1_72' title='bbox 1295 2042 1899 2126; x_wconf 84' lang='lat' dir='ltr'><strong>exstinguuntur.</strong></span> 
     </span>
    </p>
   </div>
   <div class='ocr_carea' id='block_1_8' title="bbox 1862 2182 2297 2251">
    <p class='ocr_par' dir='ltr' id='par_1_8' title="bbox 1862 2182 2297 2251">
     <span class='ocr_line' id='line_1_14' title="bbox 1862 2182 2297 2251; baseline -0.005 -1"><span class='ocrx_word' id='word_1_73' title='bbox 1862 2183 2043 2250; x_wconf 65' lang='lat' dir='ltr'><strong>om.</strong></span> <span class='ocrx_word' id='word_1_74' title='bbox 2101 2182 2297 2251; x_wconf 89' lang='grc'><strong>1702.</strong></span> 
     </span>
    </p>
   </div>
   <div class='ocr_carea' id='block_1_9' title="bbox 588 2304 3578 2499">
    <p class='ocr_par' dir='ltr' id='par_1_9' title="bbox 588 2304 3578 2499">
     <span class='ocr_line' id='line_1_15' title="bbox 760 2304 3578 2390; baseline -0 -18"><span class='ocrx_word' id='word_1_75' title='bbox 760 2305 1020 2372; x_wconf 86' lang='lat' dir='ltr'><strong>Omnis</strong></span> <span class='ocrx_word' id='word_1_76' title='bbox 1054 2304 1468 2372; x_wconf 85' lang='lat' dir='ltr'><strong>criminalis</strong></span> <span class='ocrx_word' id='word_1_77' title='bbox 1503 2306 1704 2374; x_wconf 89' lang='lat' dir='ltr'><strong>actio</strong></span> <span class='ocrx_word' id='word_1_78' title='bbox 1737 2306 2131 2390; x_wconf 87' lang='lat' dir='ltr'><strong>perimitur</strong></span> <span class='ocrx_word' id='word_1_79' title='bbox 2177 2310 2414 2374; x_wconf 84' lang='lat' dir='ltr'><strong>morte</strong></span> <span class='ocrx_word' id='word_1_80' title='bbox 2450 2306 2582 2389; x_wconf 90' lang='lat' dir='ltr'><strong>rei,</strong></span> <span class='ocrx_word' id='word_1_81' title='bbox 2623 2305 3163 2374; x_wconf 88' lang='lat' dir='ltr'><strong>condonatione</strong></span> <span class='ocrx_word' id='word_1_82' title='bbox 3204 2304 3578 2390; x_wconf 80' lang='lat' dir='ltr'><strong>legitimae</strong></span> 
     </span>
     <span class='ocr_line' id='line_1_16' title="bbox 588 2410 3572 2499; baseline -0.002 -16"><span class='ocrx_word' id='word_1_83' title='bbox 588 2415 1006 2499; x_wconf 86' lang='lat' dir='ltr'><strong>potestatis,</strong></span> <span class='ocrx_word' id='word_1_84' title='bbox 1019 2418 1097 2482; x_wconf 89' lang='lat' dir='ltr'><strong>et</strong></span> <span class='ocrx_word' id='word_1_85' title='bbox 1115 2415 1332 2498; x_wconf 88' lang='lat' dir='ltr'><strong>lapsu</strong></span> <span class='ocrx_word' id='word_1_86' title='bbox 1356 2414 1711 2498; x_wconf 87' lang='lat' dir='ltr'><strong>temporis</strong></span> <span class='ocrx_word' id='word_1_87' title='bbox 1733 2415 1946 2482; x_wconf 82' lang='lat' dir='ltr'><strong>utilis</strong></span> <span class='ocrx_word' id='word_1_88' title='bbox 1965 2415 2063 2482; x_wconf 84' lang='lat' dir='ltr'><strong>ad</strong></span> <span class='ocrx_word' id='word_1_89' title='bbox 2085 2415 2450 2482; x_wconf 88' lang='lat' dir='ltr'><strong>actionem</strong></span> <span class='ocrx_word' id='word_1_90' title='bbox 2470 2413 2931 2483; x_wconf 89' lang='lat' dir='ltr'><strong>criminalem</strong></span> <span class='ocrx_word' id='word_1_91' title='bbox 2954 2410 3572 2497; x_wconf 83' lang='lat' dir='ltr'><strong>proponendam&#39;.</strong></span> 
     </span>
    </p>
   </div>
   <div class='ocr_carea' id='block_1_10' title="bbox 1871 2574 2292 2641">
    <p class='ocr_par' dir='ltr' id='par_1_10' title="bbox 1871 2574 2292 2641">
     <span class='ocr_line' id='line_1_17' title="bbox 1871 2574 2292 2641; baseline 0 0"><span class='ocrx_word' id='word_1_92' title='bbox 1871 2574 2049 2641; x_wconf 78' lang='lat' dir='ltr'>CAN.</span> <span class='ocrx_word' id='word_1_93' title='bbox 2098 2574 2292 2641; x_wconf 80' lang='lat'><strong>1703.</strong></span> 
     </span>
    </p>
   </div>
   <div class='ocr_carea' id='block_1_11' title="bbox 590 2696 3586 3540">
    <p class='ocr_par' dir='ltr' id='par_1_11' title="bbox 761 2696 3578 2784">
     <span class='ocr_line' id='line_1_18' title="bbox 761 2696 3578 2784; baseline 0 -22"><span class='ocrx_word' id='word_1_94' title='bbox 761 2697 1016 2766; x_wconf 87' lang='lat' dir='ltr'><strong>Firmo</strong></span> <span class='ocrx_word' id='word_1_95' title='bbox 1068 2698 1531 2784; x_wconf 87' lang='lat' dir='ltr'><strong>praescripto</strong></span> <span class='ocrx_word' id='word_1_96' title='bbox 1570 2716 1733 2766; x_wconf 91' lang='lat' dir='ltr'><strong>can.</strong></span> <span class='ocrx_word' id='word_1_97' title='bbox 1784 2698 1982 2783; x_wconf 84' lang='lat'><strong>1555,</strong></span> <span class='ocrx_word' id='word_1_98' title='bbox 2033 2697 2068 2781; x_wconf 66' lang='grc' dir='ltr'><strong>ξ</strong></span> <span class='ocrx_word' id='word_1_99' title='bbox 2113 2701 2155 2765; x_wconf 90' lang='lat'>1</span> <span class='ocrx_word' id='word_1_100' title='bbox 2207 2698 2300 2766; x_wconf 93' lang='lat' dir='ltr'><strong>de</strong></span> <span class='ocrx_word' id='word_1_101' title='bbox 2339 2697 2636 2766; x_wconf 85' lang='lat' dir='ltr'><strong>delictis</strong></span> <span class='ocrx_word' id='word_1_102' title='bbox 2684 2697 2956 2766; x_wconf 81' lang='lat' dir='ltr'><strong>Sacrae</strong></span> <span class='ocrx_word' id='word_1_103' title='bbox 3000 2696 3578 2781; x_wconf 79' lang='lat' dir='ltr'><strong>congregationi</strong></span> 
     </span>
    </p>

    <p class='ocr_par' dir='ltr' id='par_1_12' title="bbox 590 2803 3574 3002">
     <span class='ocr_line' id='line_1_19' title="bbox 590 2803 3574 2906; baseline -0.001 -33"><span class='ocrx_word' id='word_1_104' title='bbox 590 2806 670 2873; x_wconf 81' lang='lat' dir='ltr'><strong>S.</strong></span> <span class='ocrx_word' id='word_1_105' title='bbox 710 2805 945 2874; x_wconf 83' lang='lat' dir='ltr'><strong>Officii</strong></span> <span class='ocrx_word' id='word_1_106' title='bbox 991 2808 1408 2890; x_wconf 81' lang='lat' dir='ltr'><strong>reservatis,</strong></span> <span class='ocrx_word' id='word_1_107' title='bbox 1445 2813 1737 2892; x_wconf 87' lang='lat' dir='ltr'><strong>tempus</strong></span> <span class='ocrx_word' id='word_1_108' title='bbox 1772 2808 1958 2876; x_wconf 88' lang='lat' dir='ltr'><strong>utile</strong></span> <span class='ocrx_word' id='word_1_109' title='bbox 1991 2806 2086 2875; x_wconf 89' lang='lat' dir='ltr'><strong>ad</strong></span> <span class='ocrx_word' id='word_1_110' title='bbox 2122 2808 2485 2906; x_wconf 78' lang='lat' dir='ltr'><strong>actionem</strong></span> <span class='ocrx_word' id='word_1_111' title='bbox 2527 2806 2985 2874; x_wconf 88' lang='lat' dir='ltr'><strong>criminalem</strong></span> <span class='ocrx_word' id='word_1_112' title='bbox 3023 2803 3574 2890; x_wconf 81' lang='lat' dir='ltr'><strong>proponendam</strong></span> 
     </span>
     <span class='ocr_line' id='line_1_20' title="bbox 594 2914 1702 3002; baseline -0.001 -19"><span class='ocrx_word' id='word_1_113' title='bbox 594 2917 710 2983; x_wconf 87' lang='lat' dir='ltr'><strong>est</strong></span> <span class='ocrx_word' id='word_1_114' title='bbox 737 2914 1173 2999; x_wconf 87' lang='lat' dir='ltr'><strong>triennium,</strong></span> <span class='ocrx_word' id='word_1_115' title='bbox 1210 2914 1357 2984; x_wconf 91' lang='lat' dir='ltr'><strong>nisi</strong></span> <span class='ocrx_word' id='word_1_116' title='bbox 1387 2920 1702 3002; x_wconf 84' lang='lat' dir='ltr'><strong>agatur:</strong></span> 
     </span>
    </p>

    <p class='ocr_par' dir='ltr' id='par_1_13' title="bbox 853 3019 2995 3110">
     <span class='ocr_line' id='line_1_21' title="bbox 853 3019 2995 3110; baseline 0.001 -22"><span class='ocrx_word' id='word_1_117' title='bbox 853 3024 949 3088; x_wconf 87' lang='lat'><strong>1.·</strong></span> <span class='ocrx_word' id='word_1_118' title='bbox 993 3024 1105 3092; x_wconf 90' lang='lat' dir='ltr'><strong>De</strong></span> <span class='ocrx_word' id='word_1_119' title='bbox 1129 3025 1419 3092; x_wconf 90' lang='lat' dir='ltr'><strong>actione</strong></span> <span class='ocrx_word' id='word_1_120' title='bbox 1445 3024 1917 3108; x_wconf 90' lang='lat' dir='ltr'><strong>iniuriarum,</strong></span> <span class='ocrx_word' id='word_1_121' title='bbox 1956 3043 2141 3110; x_wconf 84' lang='lat' dir='ltr'><strong>quae</strong></span> <span class='ocrx_word' id='word_1_122' title='bbox 2169 3043 2319 3093; x_wconf 92' lang='lat' dir='ltr'><strong>uno</strong></span> <span class='ocrx_word' id='word_1_123' title='bbox 2349 3043 2549 3092; x_wconf 91' lang='lat' dir='ltr'><strong>anno</strong></span> <span class='ocrx_word' id='word_1_124' title='bbox 2580 3019 2995 3108; x_wconf 83' lang='lat' dir='ltr'><strong>perimitur3</strong></span> 
     </span>
    </p>

    <p class='ocr_par' dir='ltr' id='par_1_14' title="bbox 595 3123 3581 3324">
     <span class='ocr_line' id='line_1_22' title="bbox 851 3123 3581 3217; baseline -0 -20"><span class='ocrx_word' id='word_1_125' title='bbox 851 3130 949 3197; x_wconf 66' lang='lat'><strong>2:</strong></span> <span class='ocrx_word' id='word_1_126' title='bbox 993 3132 1106 3200; x_wconf 92' lang='lat' dir='ltr'><strong>De</strong></span> <span class='ocrx_word' id='word_1_127' title='bbox 1150 3131 1441 3200; x_wconf 89' lang='lat' dir='ltr'><strong>actione</strong></span> <span class='ocrx_word' id='word_1_128' title='bbox 1489 3132 1580 3200; x_wconf 94' lang='lat' dir='ltr'><strong>ob</strong></span> <span class='ocrx_word' id='word_1_129' title='bbox 1628 3132 1899 3201; x_wconf 85' lang='lat' dir='ltr'><strong>delicta</strong></span> <span class='ocrx_word' id='word_1_130' title='bbox 1962 3132 2387 3217; x_wconf 84' lang='lat' dir='ltr'><strong>qualificata</strong></span> <span class='ocrx_word' id='word_1_131' title='bbox 2434 3137 2699 3202; x_wconf 87' lang='lat' dir='ltr'><strong>contra</strong></span> <span class='ocrx_word' id='word_1_132' title='bbox 2756 3133 2864 3199; x_wconf 90' lang='lat' dir='ltr'><strong>v1</strong></span> <span class='ocrx_word' id='word_1_133' title='bbox 2914 3137 2991 3201; x_wconf 92' lang='lat' dir='ltr'><strong>et</strong></span> <span class='ocrx_word' id='word_1_134' title='bbox 3039 3129 3192 3199; x_wconf 87' lang='lat' dir='ltr'><strong>VII</strong></span> <span class='ocrx_word' id='word_1_135' title='bbox 3244 3123 3581 3198; x_wconf 82' lang='lat' dir='ltr'><strong>divinum</strong></span> 
     </span>
     <span class='ocr_line' id='line_1_23' title="bbox 595 3239 2330 3324; baseline 0.001 -20"><span class='ocrx_word' id='word_1_136' title='bbox 595 3243 1093 3321; x_wconf 90' lang='lat' dir='ltr'><strong>praeceptum,</strong></span> <span class='ocrx_word' id='word_1_137' title='bbox 1140 3256 1326 3323; x_wconf 89' lang='lat' dir='ltr'><strong>quae</strong></span> <span class='ocrx_word' id='word_1_138' title='bbox 1367 3239 1869 3324; x_wconf 88' lang='lat' dir='ltr'><strong>quinquennio</strong></span> <span class='ocrx_word' id='word_1_139' title='bbox 1916 3240 2330 3324; x_wconf 84' lang='lat' dir='ltr'><strong>perimitur3</strong></span> 
     </span>
    </p>

    <p class='ocr_par' dir='ltr' id='par_1_15' title="bbox 591 3344 3586 3540">
     <span class='ocr_line' id='line_1_24' title="bbox 848 3344 3586 3435; baseline 0.002 -23"><span class='ocrx_word' id='word_1_140' title='bbox 848 3344 947 3412; x_wconf 55' lang='lat'><strong>3³</strong></span> <span class='ocrx_word' id='word_1_141' title='bbox 991 3346 1103 3414; x_wconf 92' lang='lat' dir='ltr'><strong>De</strong></span> <span class='ocrx_word' id='word_1_142' title='bbox 1138 3346 1554 3415; x_wconf 88' lang='lat' dir='ltr'><strong>actionibus</strong></span> <span class='ocrx_word' id='word_1_143' title='bbox 1597 3348 1689 3416; x_wconf 94' lang='lat' dir='ltr'><strong>ob</strong></span> <span class='ocrx_word' id='word_1_144' title='bbox 1727 3348 2115 3417; x_wconf 87' lang='lat' dir='ltr'><strong>simoniam</strong></span> <span class='ocrx_word' id='word_1_145' title='bbox 2151 3349 2268 3417; x_wconf 83' lang='lat' dir='ltr'><strong>vel</strong></span> <span class='ocrx_word' id='word_1_146' title='bbox 2303 3349 2802 3432; x_wconf 88' lang='lat' dir='ltr'><strong>homicidium,</strong></span> <span class='ocrx_word' id='word_1_147' title='bbox 2847 3354 3114 3418; x_wconf 80' lang='lat' dir='ltr'><strong>contra</strong></span> <span class='ocrx_word' id='word_1_148' title='bbox 3147 3368 3344 3435; x_wconf 84' lang='lat' dir='ltr'><strong>quae</strong></span> <span class='ocrx_word' id='word_1_149' title='bbox 3390 3353 3586 3421; x_wconf 86' lang='lat' dir='ltr'><strong>aetio</strong></span> 
     </span>
     <span class='ocr_line' id='line_1_25' title="bbox 591 3451 1907 3540; baseline 0.005 -22"><span class='ocrx_word' id='word_1_150' title='bbox 591 3451 1003 3519; x_wconf 85' lang='lat' dir='ltr'><strong>criminalis</strong></span> <span class='ocrx_word' id='word_1_151' title='bbox 1054 3453 1405 3522; x_wconf 90' lang='lat' dir='ltr'><strong>decennio</strong></span> <span class='ocrx_word' id='word_1_152' title='bbox 1450 3456 1812 3540; x_wconf 85' lang='lat' dir='ltr'><strong>perdurat</strong></span> <span class='ocrx_word' id='word_1_153' title='bbox 1851 3452 1907 3523; x_wconf 76' lang='lat'><strong>’.</strong></span> 
     </span>
    </p>
   </div>
   <div class='ocr_carea' id='block_1_12' title="bbox 1871 3600 2295 3669">
    <p class='ocr_par' dir='ltr' id='par_1_16' title="bbox 1871 3600 2295 3669">
     <span class='ocr_line' id='line_1_26' title="bbox 1871 3600 2295 3669; baseline 0.005 -2"><span class='ocrx_word' id='word_1_154' title='bbox 1871 3601 2050 3668; x_wconf 76' lang='lat' dir='ltr'>CAN.</span> <span class='ocrx_word' id='word_1_155' title='bbox 2100 3600 2295 3669; x_wconf 83' lang='grc'><strong>1704.</strong></span> 
     </span>
    </p>
   </div>
   <div class='ocr_carea' id='block_1_13' title="bbox 594 3718 3581 4019">
    <p class='ocr_par' dir='ltr' id='par_1_17' title="bbox 594 3718 3581 4019">
     <span class='ocr_line' id='line_1_27' title="bbox 768 3718 2714 3807; baseline 0.003 -22"><span class='ocrx_word' id='word_1_156' title='bbox 768 3718 1083 3787; x_wconf 84' lang='lat' dir='ltr'><strong>Sublata</strong></span> <span class='ocrx_word' id='word_1_157' title='bbox 1119 3738 1251 3804; x_wconf 90' lang='lat' dir='ltr'><strong>per</strong></span> <span class='ocrx_word' id='word_1_158' title='bbox 1282 3721 1936 3807; x_wconf 84' lang='lat' dir='ltr'><strong>praescriptionem</strong></span> <span class='ocrx_word' id='word_1_159' title='bbox 1974 3724 2266 3792; x_wconf 87' lang='lat' dir='ltr'><strong>actione</strong></span> <span class='ocrx_word' id='word_1_160' title='bbox 2295 3723 2714 3792; x_wconf 87' lang='lat' dir='ltr'><strong>criminali:</strong></span> 
     </span>
     <span class='ocr_line' id='line_1_28' title="bbox 848 3828 3581 3915; baseline 0.002 -22"><span class='ocrx_word' id='word_1_161' title='bbox 848 3829 945 3893; x_wconf 81' lang='lat'><strong>1.⁰</strong></span> <span class='ocrx_word' id='word_1_162' title='bbox 989 3828 1156 3895; x_wconf 85' lang='lat' dir='ltr'><strong>Non</strong></span> <span class='ocrx_word' id='word_1_163' title='bbox 1183 3834 1296 3897; x_wconf 87' lang='lat' dir='ltr'><strong>est</strong></span> <span class='ocrx_word' id='word_1_164' title='bbox 1323 3828 1456 3896; x_wconf 88' lang='lat' dir='ltr'><strong>hoc</strong></span> <span class='ocrx_word' id='word_1_165' title='bbox 1481 3830 1643 3914; x_wconf 91' lang='lat' dir='ltr'><strong>ipso</strong></span> <span class='ocrx_word' id='word_1_166' title='bbox 1671 3831 1965 3898; x_wconf 88' lang='lat' dir='ltr'><strong>sublata</strong></span> <span class='ocrx_word' id='word_1_167' title='bbox 1993 3832 2192 3899; x_wconf 88' lang='lat' dir='ltr'><strong>actio</strong></span> <span class='ocrx_word' id='word_1_168' title='bbox 2213 3832 2702 3915; x_wconf 86' lang='lat' dir='ltr'><strong>contentiosa,</strong></span> <span class='ocrx_word' id='word_1_169' title='bbox 2737 3831 2935 3899; x_wconf 81' lang='lat' dir='ltr'><strong>forte</strong></span> <span class='ocrx_word' id='word_1_170' title='bbox 2957 3849 3046 3899; x_wconf 86' lang='lat' dir='ltr'><strong>ex</strong></span> <span class='ocrx_word' id='word_1_171' title='bbox 3073 3829 3356 3899; x_wconf 73' lang='lat' dir='ltr'><strong>delicto</strong></span> <span class='ocrx_word' id='word_1_172' title='bbox 3391 3836 3581 3909; x_wconf 75' lang='lat' dir='ltr'><strong>orta,</strong></span> 
     </span>
     <span class='ocr_line' id='line_1_29' title="bbox 594 3932 1435 4019; baseline 0.001 -18"><span class='ocrx_word' id='word_1_173' title='bbox 594 3933 689 4001; x_wconf 85' lang='lat' dir='ltr'><strong>ad</strong></span> <span class='ocrx_word' id='word_1_174' title='bbox 723 3932 994 4002; x_wconf 87' lang='lat' dir='ltr'><strong>damna</strong></span> <span class='ocrx_word' id='word_1_175' title='bbox 1029 3935 1435 4019; x_wconf 89' lang='lat' dir='ltr'><strong>sarcienda;</strong></span> 
     </span>
    </p>
   </div>
   <div class='ocr_carea' id='block_1_14' title="bbox 853 4043 3538 4131">
    <p class='ocr_par' dir='ltr' id='par_1_18' title="bbox 853 4043 3538 4131">
     <span class='ocr_line' id='line_1_30' title="bbox 853 4043 3538 4131; baseline 0.002 -22"><span class='ocrx_word' id='word_1_176' title='bbox 853 4043 951 4109; x_wconf 61' lang='lat'><strong>2:</strong></span> <span class='ocrx_word' id='word_1_177' title='bbox 996 4045 1441 4113; x_wconf 90' lang='lat' dir='ltr'><strong>Ordinarius</strong></span> <span class='ocrx_word' id='word_1_178' title='bbox 1474 4048 1814 4115; x_wconf 89' lang='lat' dir='ltr'><strong>remediis</strong></span> <span class='ocrx_word' id='word_1_179' title='bbox 1842 4066 2008 4115; x_wconf 87' lang='lat' dir='ltr'><strong>can.</strong></span> <span class='ocrx_word' id='word_1_180' title='bbox 2042 4047 2240 4131; x_wconf 85' lang='lat'><strong>2222,</strong></span> <span class='ocrx_word' id='word_1_181' title='bbox 2281 4049 2313 4131; x_wconf 71' lang='grc' dir='ltr'>ξ</span> <span class='ocrx_word' id='word_1_182' title='bbox 2355 4049 2400 4115; x_wconf 89' lang='grc'><strong>2</strong></span> <span class='ocrx_word' id='word_1_183' title='bbox 2436 4048 2744 4118; x_wconf 86' lang='lat' dir='ltr'><strong>statutis</strong></span> <span class='ocrx_word' id='word_1_184' title='bbox 2777 4049 2892 4116; x_wconf 91' lang='lat' dir='ltr'><strong>uti</strong></span> <span class='ocrx_word' id='word_1_185' title='bbox 2924 4046 3165 4114; x_wconf 83' lang='lat' dir='ltr'><strong>adhuc</strong></span> <span class='ocrx_word' id='word_1_186' title='bbox 3195 4050 3455 4130; x_wconf 85' lang='lat' dir='ltr'><strong>potest</strong></span> <span class='ocrx_word' id='word_1_187' title='bbox 3487 4044 3538 4107; x_wconf 79' lang='lat'><strong>⁴.</strong></span> 
     </span>
    </p>
   </div>
   <div class='ocr_carea' id='block_1_15' title="bbox 591 4208 3574 4738">
    <p class='ocr_par' dir='ltr' id='par_1_19' title="bbox 591 4208 3574 4738">
     <span class='ocr_line' id='line_1_31' title="bbox 1871 4208 2295 4275; baseline -0.002 0"><span class='ocrx_word' id='word_1_188' title='bbox 1871 4208 2048 4275; x_wconf 76' lang='lat' dir='ltr'>CAN.</span> <span class='ocrx_word' id='word_1_189' title='bbox 2099 4208 2295 4275; x_wconf 91' lang='grc'><strong>1705.</strong></span> 
     </span>
     <span class='ocr_line' id='line_1_32' title="bbox 774 4326 3574 4417; baseline 0.003 -25"><span class='ocrx_word' id='word_1_190' title='bbox 774 4326 807 4410; x_wconf 71' lang='grc' dir='ltr'><strong>ξ</strong></span> <span class='ocrx_word' id='word_1_191' title='bbox 855 4328 920 4393; x_wconf 92' lang='grc'><strong>1.</strong></span> <span class='ocrx_word' id='word_1_192' title='bbox 972 4327 1475 4414; x_wconf 89' lang='lat' dir='ltr'><strong>Praescriptio</strong></span> <span class='ocrx_word' id='word_1_193' title='bbox 1509 4330 1586 4397; x_wconf 93' lang='lat' dir='ltr'><strong>in</strong></span> <span class='ocrx_word' id='word_1_194' title='bbox 1631 4332 2116 4400; x_wconf 89' lang='lat' dir='ltr'><strong>contentiosis</strong></span> <span class='ocrx_word' id='word_1_195' title='bbox 2149 4332 2390 4400; x_wconf 88' lang='lat' dir='ltr'><strong>currit</strong></span> <span class='ocrx_word' id='word_1_196' title='bbox 2426 4350 2515 4401; x_wconf 80' lang='lat' dir='ltr'><strong>ex</strong></span> <span class='ocrx_word' id='word_1_197' title='bbox 2557 4350 2700 4417; x_wconf 89' lang='lat' dir='ltr'><strong>quo</strong></span> <span class='ocrx_word' id='word_1_198' title='bbox 2732 4330 2933 4399; x_wconf 85' lang='lat' dir='ltr'><strong>actio</strong></span> <span class='ocrx_word' id='word_1_199' title='bbox 2970 4329 3289 4413; x_wconf 84' lang='lat' dir='ltr'><strong>primum</strong></span> <span class='ocrx_word' id='word_1_200' title='bbox 3331 4326 3574 4412; x_wconf 81' lang='lat' dir='ltr'><strong>potuit</strong></span> 
     </span>
     <span class='ocr_line' id='line_1_33' title="bbox 591 4434 2639 4525; baseline 0.002 -24"><span class='ocrx_word' id='word_1_201' title='bbox 591 4434 754 4502; x_wconf 90' lang='lat' dir='ltr'><strong>iure</strong></span> <span class='ocrx_word' id='word_1_202' title='bbox 782 4437 1116 4520; x_wconf 71' lang='lat' dir='ltr'><strong>proponi,</strong></span> <span class='ocrx_word' id='word_1_203' title='bbox 1143 4438 1223 4505; x_wconf 92' lang='lat' dir='ltr'><strong>in</strong></span> <span class='ocrx_word' id='word_1_204' title='bbox 1251 4438 1786 4520; x_wconf 79' lang='lat' dir='ltr'><strong>criminalibus,</strong></span> <span class='ocrx_word' id='word_1_205' title='bbox 1817 4459 1865 4507; x_wconf 84' lang='lat' dir='ltr'><strong>a</strong></span> <span class='ocrx_word' id='word_1_206' title='bbox 1891 4441 2011 4509; x_wconf 90' lang='lat' dir='ltr'><strong>die</strong></span> <span class='ocrx_word' id='word_1_207' title='bbox 2046 4441 2332 4525; x_wconf 87' lang='lat' dir='ltr'><strong>patrati</strong></span> <span class='ocrx_word' id='word_1_208' title='bbox 2360 4440 2639 4508; x_wconf 87' lang='lat' dir='ltr'><strong>delicti.</strong></span> 
     </span>
     <span class='ocr_line' id='line_1_34' title="bbox 769 4542 3572 4634; baseline 0.003 -27"><span class='ocrx_word' id='word_1_209' title='bbox 769 4542 802 4624; x_wconf 65' lang='lat' dir='ltr'>g</span> <span class='ocrx_word' id='word_1_210' title='bbox 849 4542 916 4608; x_wconf 90' lang='grc'><strong>2.</strong></span> <span class='ocrx_word' id='word_1_211' title='bbox 970 4544 1051 4611; x_wconf 84' lang='lat' dir='ltr'><strong>Si</strong></span> <span class='ocrx_word' id='word_1_212' title='bbox 1081 4545 1432 4613; x_wconf 87' lang='lat' dir='ltr'><strong>delictum</strong></span> <span class='ocrx_word' id='word_1_213' title='bbox 1471 4547 1737 4615; x_wconf 88' lang='lat' dir='ltr'><strong>habeat</strong></span> <span class='ocrx_word' id='word_1_214' title='bbox 1767 4552 2117 4632; x_wconf 89' lang='lat' dir='ltr'><strong>tractum,</strong></span> <span class='ocrx_word' id='word_1_215' title='bbox 2160 4554 2244 4617; x_wconf 93' lang='lat' dir='ltr'><strong>ut</strong></span> <span class='ocrx_word' id='word_1_216' title='bbox 2275 4555 2567 4633; x_wconf 83' lang='lat' dir='ltr'><strong>vocant,</strong></span> <span class='ocrx_word' id='word_1_217' title='bbox 2602 4550 3117 4634; x_wconf 82' lang='lat' dir='ltr'><strong>successivum,</strong></span> <span class='ocrx_word' id='word_1_218' title='bbox 3150 4569 3297 4618; x_wconf 91' lang='lat' dir='ltr'><strong>non</strong></span> <span class='ocrx_word' id='word_1_219' title='bbox 3336 4550 3572 4619; x_wconf 84' lang='lat' dir='ltr'><strong>currit</strong></span> 
     </span>
     <span class='ocr_line' id='line_1_35' title="bbox 592 4650 2809 4738; baseline 0.004 -23"><span class='ocrx_word' id='word_1_220' title='bbox 592 4650 1103 4734; x_wconf 84' lang='lat' dir='ltr'><strong>praescriptio,</strong></span> <span class='ocrx_word' id='word_1_221' title='bbox 1143 4652 1287 4719; x_wconf 92' lang='lat' dir='ltr'><strong>nisi</strong></span> <span class='ocrx_word' id='word_1_222' title='bbox 1324 4672 1368 4720; x_wconf 89' lang='lat' dir='ltr'><strong>a</strong></span> <span class='ocrx_word' id='word_1_223' title='bbox 1399 4653 1520 4721; x_wconf 91' lang='lat' dir='ltr'><strong>die</strong></span> <span class='ocrx_word' id='word_1_224' title='bbox 1550 4672 1694 4738; x_wconf 89' lang='lat' dir='ltr'><strong>qua</strong></span> <span class='ocrx_word' id='word_1_225' title='bbox 1725 4655 1981 4724; x_wconf 89' lang='lat' dir='ltr'><strong>delicti</strong></span> <span class='ocrx_word' id='word_1_226' title='bbox 2012 4661 2300 4725; x_wconf 88' lang='lat' dir='ltr'><strong>tractus</strong></span> <span class='ocrx_word' id='word_1_227' title='bbox 2328 4658 2727 4726; x_wconf 87' lang='lat' dir='ltr'><strong>cessaverit</strong></span> <span class='ocrx_word' id='word_1_228' title='bbox 2755 4657 2809 4724; x_wconf 87' lang='lat'><strong>⁸.</strong></span> 
     </span>
    </p>
   </div>
   <div class='ocr_carea' id='block_1_16' title="bbox 777 4864 3572 4930">
    <p class='ocr_par' dir='ltr' id='par_1_20' title="bbox 777 4864 3572 4930">
     <span class='ocr_line' id='line_1_36' title="bbox 777 4864 3572 4930; baseline 0.003 -12"><span class='ocrx_word' id='word_1_229' title='bbox 777 4866 798 4902; x_wconf 84' lang='lat'>¹</span> <span class='ocrx_word' id='word_1_230' title='bbox 836 4866 900 4918; x_wconf 80' lang='grc' dir='ltr'><strong>Ο.</strong></span> <span class='ocrx_word' id='word_1_231' title='bbox 938 4865 988 4925; x_wconf 87' lang='grc'><strong>8,</strong></span> <span class='ocrx_word' id='word_1_232' title='bbox 1024 4865 1107 4925; x_wconf 78' lang='lat'><strong>13,</strong></span> <span class='ocrx_word' id='word_1_233' title='bbox 1138 4866 1204 4924; x_wconf 82' lang='lat' dir='ltr'><strong>X,</strong></span> <span class='ocrx_word' id='word_1_234' title='bbox 1243 4868 1315 4917; x_wconf 74' lang='lat' dir='ltr'><strong>de</strong></span> <span class='ocrx_word' id='word_1_235' title='bbox 1349 4864 1727 4918; x_wconf 65' lang='lat' dir='ltr'><strong>restitutione</strong></span> <span class='ocrx_word' id='word_1_236' title='bbox 1759 4866 2165 4927; x_wconf 60' lang='lat' dir='ltr'><strong>spoliatorum,</strong></span> <span class='ocrx_word' id='word_1_237' title='bbox 2203 4867 2287 4929; x_wconf 90' lang='lat'><strong>11,</strong></span> <span class='ocrx_word' id='word_1_238' title='bbox 2333 4868 2415 4930; x_wconf 75' lang='lat'><strong>133</strong></span> <span class='ocrx_word' id='word_1_239' title='bbox 2448 4880 2497 4921; x_wconf 84' lang='lat' dir='ltr'><strong>c.</strong></span> <span class='ocrx_word' id='word_1_240' title='bbox 2537 4870 2620 4929; x_wconf 78' lang='lat'><strong>14,</strong></span> <span class='ocrx_word' id='word_1_241' title='bbox 2655 4870 2722 4930; x_wconf 77' lang='lat' dir='ltr'><strong>X,</strong></span> <span class='ocrx_word' id='word_1_242' title='bbox 2760 4871 2832 4921; x_wconf 75' lang='lat' dir='ltr'><strong>de</strong></span> <span class='ocrx_word' id='word_1_243' title='bbox 2871 4866 3335 4929; x_wconf 62' lang='lat' dir='ltr'><strong>probationibus,</strong></span> <span class='ocrx_word' id='word_1_244' title='bbox 3378 4870 3463 4929; x_wconf 89' lang='lat'><strong>11,</strong></span> <span class='ocrx_word' id='word_1_245' title='bbox 3500 4869 3572 4925; x_wconf 59' lang='lat'><strong>1⁹2·</strong></span> 
     </span>
    </p>
   </div>
   <div class='ocr_carea' id='block_1_17' title="bbox 593 4955 3568 5102">
    <p class='ocr_par' dir='ltr' id='par_1_21' title="bbox 593 4955 3568 5102">
     <span class='ocr_line' id='line_1_37' title="bbox 593 4955 3568 5020; baseline 0.003 -14"><span class='ocrx_word' id='word_1_246' title='bbox 593 4966 643 5006; x_wconf 86' lang='lat' dir='ltr'><strong>c.</strong></span> <span class='ocrx_word' id='word_1_247' title='bbox 705 4955 786 5015; x_wconf 79' lang='lat'><strong>14,</strong></span> <span class='ocrx_word' id='word_1_248' title='bbox 848 4955 913 5014; x_wconf 84' lang='lat' dir='ltr'><strong>x,</strong></span> <span class='ocrx_word' id='word_1_249' title='bbox 963 4956 1034 5006; x_wconf 76' lang='lat' dir='ltr'><strong>de</strong></span> <span class='ocrx_word' id='word_1_250' title='bbox 1082 4955 1453 5015; x_wconf 73' lang='lat' dir='ltr'><strong>sponsalibus</strong></span> <span class='ocrx_word' id='word_1_251' title='bbox 1501 4960 1560 5008; x_wconf 74' lang='lat' dir='ltr'><strong>se</strong></span> <span class='ocrx_word' id='word_1_252' title='bbox 1610 4957 2024 5017; x_wconf 60' lang='lat' dir='ltr'><strong>mecanicum,</strong></span> <span class='ocrx_word' id='word_1_253' title='bbox 2073 4958 2175 5019; x_wconf 82' lang='lat' dir='ltr'><strong>IV,</strong></span> <span class='ocrx_word' id='word_1_254' title='bbox 2224 4961 2275 5020; x_wconf 77' lang='lat'><strong>13</strong></span> <span class='ocrx_word' id='word_1_255' title='bbox 2320 4957 2494 5010; x_wconf 84' lang='lat' dir='ltr'><strong>Cone.</strong></span> <span class='ocrx_word' id='word_1_256' title='bbox 2544 4957 2831 5019; x_wconf 72' lang='lat' dir='ltr'><strong>Trident„</strong></span> <span class='ocrx_word' id='word_1_257' title='bbox 2893 4970 3035 5011; x_wconf 79' lang='lat' dir='ltr'><strong>sess.</strong></span> <span class='ocrx_word' id='word_1_258' title='bbox 3088 4957 3288 5017; x_wconf 76' lang='lat' dir='ltr'><strong>mv.</strong></span> <span class='ocrx_word' id='word_1_259' title='bbox 3342 4959 3420 5011; x_wconf 74' lang='lat' dir='ltr'><strong>ds</strong></span> <span class='ocrx_word' id='word_1_260' title='bbox 3469 4956 3568 5014; x_wconf 70' lang='lat'><strong><em>&#39;&#39;⁶1-</em></strong></span> 
     </span>
     <span class='ocr_line' id='line_1_38' title="bbox 596 5043 1040 5102; baseline 0.011 -9"><span class='ocrx_word' id='word_1_261' title='bbox 596 5043 874 5102; x_wconf 67' lang='lat' dir='ltr'><strong>matrem„</strong></span> <span class='ocrx_word' id='word_1_262' title='bbox 907 5056 956 5096; x_wconf 88' lang='lat' dir='ltr'><strong>c.</strong></span> <span class='ocrx_word' id='word_1_263' title='bbox 990 5043 1040 5097; x_wconf 82' lang='grc'><strong>0.</strong></span> 
     </span>
    </p>
   </div>
   <div class='ocr_carea' id='block_1_18' title="bbox 592 5135 3654 5560">
    <p class='ocr_par' dir='ltr' id='par_1_22' title="bbox 765 5135 3162 5198">
     <span class='ocr_line' id='line_1_39' title="bbox 765 5135 3162 5198; baseline 0 -12"><span class='ocrx_word' id='word_1_264' title='bbox 765 5142 789 5176; x_wconf 83' lang='lat'>²</span> <span class='ocrx_word' id='word_1_265' title='bbox 835 5135 899 5187; x_wconf 88' lang='lat' dir='ltr'><strong>C.</strong></span> <span class='ocrx_word' id='word_1_266' title='bbox 933 5137 1015 5195; x_wconf 79' lang='lat'><strong>14.</strong></span> <span class='ocrx_word' id='word_1_267' title='bbox 1051 5136 1116 5195; x_wconf 83' lang='lat' dir='ltr'><strong>X,</strong></span> <span class='ocrx_word' id='word_1_268' title='bbox 1151 5138 1222 5186; x_wconf 78' lang='lat' dir='ltr'><strong>de</strong></span> <span class='ocrx_word' id='word_1_269' title='bbox 1256 5135 1749 5196; x_wconf 69' lang='lat' dir='ltr'><strong>accusationibus,</strong></span> <span class='ocrx_word' id='word_1_270' title='bbox 1783 5136 2263 5196; x_wconf 66' lang='lat' dir='ltr'><strong>inquisitionibus</strong></span> <span class='ocrx_word' id='word_1_271' title='bbox 2296 5142 2357 5190; x_wconf 78' lang='lat' dir='ltr'><strong>et</strong></span> <span class='ocrx_word' id='word_1_272' title='bbox 2390 5135 2958 5197; x_wconf 60' lang='lat' dir='ltr'><strong>«inundationibus,</strong></span> <span class='ocrx_word' id='word_1_273' title='bbox 2998 5138 3069 5198; x_wconf 82' lang='lat' dir='ltr'><strong>V.</strong></span> <span class='ocrx_word' id='word_1_274' title='bbox 3112 5138 3162 5189; x_wconf 90' lang='lat'><strong>1.</strong></span> 
     </span>
    </p>

    <p class='ocr_par' dir='ltr' id='par_1_23' title="bbox 772 5224 3073 5289">
     <span class='ocr_line' id='line_1_40' title="bbox 772 5224 3073 5289; baseline 0 -12"><span class='ocrx_word' id='word_1_275' title='bbox 772 5231 796 5266; x_wconf 83' lang='lat'><strong>³</strong></span> <span class='ocrx_word' id='word_1_276' title='bbox 836 5224 892 5277; x_wconf 84' lang='lat' dir='ltr'><strong>S.</strong></span> <span class='ocrx_word' id='word_1_277' title='bbox 925 5225 989 5278; x_wconf 87' lang='lat' dir='ltr'><strong>G.</strong></span> <span class='ocrx_word' id='word_1_278' title='bbox 1025 5226 1130 5287; x_wconf 83' lang='lat' dir='ltr'><strong>Ep.</strong></span> <span class='ocrx_word' id='word_1_279' title='bbox 1162 5229 1225 5279; x_wconf 89' lang='lat' dir='ltr'><strong>et</strong></span> <span class='ocrx_word' id='word_1_280' title='bbox 1259 5226 1421 5289; x_wconf 71' lang='lat' dir='ltr'><strong>neg„</strong></span> <span class='ocrx_word' id='word_1_281' title='bbox 1455 5226 1829 5286; x_wconf 64' lang='lat' dir='ltr'><strong>For-oum„</strong></span> <span class='ocrx_word' id='word_1_282' title='bbox 1869 5228 1903 5279; x_wconf 89' lang='grc'><strong>7</strong></span> <span class='ocrx_word' id='word_1_283' title='bbox 1940 5228 2083 5280; x_wconf 80' lang='lat' dir='ltr'><strong>mail</strong></span> <span class='ocrx_word' id='word_1_284' title='bbox 2113 5228 2261 5289; x_wconf 71' lang='lat'>1830:</span> <span class='ocrx_word' id='word_1_285' title='bbox 2292 5227 2621 5287; x_wconf 70' lang='lat' dir='ltr'><strong>Labunon„</strong></span> <span class='ocrx_word' id='word_1_286' title='bbox 2653 5226 2687 5279; x_wconf 87' lang='lat'>8</span> <span class='ocrx_word' id='word_1_287' title='bbox 2716 5232 2887 5280; x_wconf 87' lang='lat' dir='ltr'><strong>mart.</strong></span> <span class='ocrx_word' id='word_1_288' title='bbox 2925 5226 3073 5281; x_wconf 77' lang='grc'><strong>1898.</strong></span> 
     </span>
    </p>

    <p class='ocr_par' dir='ltr' id='par_1_24' title="bbox 592 5316 3654 5470">
     <span class='ocr_line' id='line_1_41' title="bbox 768 5316 3654 5380; baseline 0 -12"><span class='ocrx_word' id='word_1_289' title='bbox 768 5323 794 5357; x_wconf 86' lang='lat'><strong>⁴</strong></span> <span class='ocrx_word' id='word_1_290' title='bbox 833 5317 897 5368; x_wconf 83' lang='grc' dir='ltr'><strong>Ο.</strong></span> <span class='ocrx_word' id='word_1_291' title='bbox 934 5318 983 5377; x_wconf 83' lang='grc'><strong>5,</strong></span> <span class='ocrx_word' id='word_1_292' title='bbox 1017 5318 1082 5376; x_wconf 82' lang='grc' dir='ltr'><strong>Χ,</strong></span> <span class='ocrx_word' id='word_1_293' title='bbox 1124 5320 1196 5369; x_wconf 76' lang='lat' dir='ltr'><strong>de</strong></span> <span class='ocrx_word' id='word_1_294' title='bbox 1228 5316 1585 5377; x_wconf 72' lang='lat' dir='ltr'><strong>raptoribus,</strong></span> <span class='ocrx_word' id='word_1_295' title='bbox 1620 5316 2004 5368; x_wconf 66' lang='lat' dir='ltr'><strong>incendiariis</strong></span> <span class='ocrx_word' id='word_1_296' title='bbox 2040 5322 2099 5370; x_wconf 77' lang='lat' dir='ltr'><strong>et</strong></span> <span class='ocrx_word' id='word_1_297' title='bbox 2133 5316 2520 5370; x_wconf 66' lang='lat' dir='ltr'><strong>violatoribus</strong></span> <span class='ocrx_word' id='word_1_298' title='bbox 2564 5317 2962 5377; x_wconf 67' lang='lat' dir='ltr'><strong>ecclesiarum,</strong></span> <span class='ocrx_word' id='word_1_299' title='bbox 3007 5318 3077 5379; x_wconf 76' lang='lat' dir='ltr'><strong>V,</strong></span> <span class='ocrx_word' id='word_1_300' title='bbox 3114 5318 3196 5380; x_wconf 85' lang='grc'><strong>17;</strong></span> <span class='ocrx_word' id='word_1_301' title='bbox 3231 5329 3285 5370; x_wconf 84' lang='lat' dir='ltr'><strong>c.</strong></span> <span class='ocrx_word' id='word_1_302' title='bbox 3323 5320 3380 5377; x_wconf 72' lang='grc'><strong>9.</strong></span> <span class='ocrx_word' id='word_1_303' title='bbox 3414 5320 3480 5378; x_wconf 76' lang='grc' dir='ltr'><strong>Χ.</strong></span> <span class='ocrx_word' id='word_1_304' title='bbox 3515 5317 3572 5364; x_wconf 70' lang='lat' dir='ltr'><strong>de</strong></span> <span class='ocrx_word' id='word_1_305' title='bbox 3653 5342 3654 5369; x_wconf 55' lang='grc' dir='ltr'>ι</span> 
     </span>
     <span class='ocr_line' id='line_1_42' title="bbox 592 5407 2440 5470; baseline 0.001 -11"><span class='ocrx_word' id='word_1_306' title='bbox 592 5407 810 5466; x_wconf 66' lang='lat' dir='ltr'><strong>mm,</strong></span> <span class='ocrx_word' id='word_1_307' title='bbox 841 5408 910 5468; x_wconf 84' lang='lat' dir='ltr'><strong>V,</strong></span> <span class='ocrx_word' id='word_1_308' title='bbox 938 5409 1019 5468; x_wconf 82' lang='grc'><strong>10;</strong></span> <span class='ocrx_word' id='word_1_309' title='bbox 1048 5407 1106 5460; x_wconf 86' lang='lat' dir='ltr'><strong>S.</strong></span> <span class='ocrx_word' id='word_1_310' title='bbox 1143 5407 1207 5460; x_wconf 86' lang='lat' dir='ltr'><strong>G.</strong></span> <span class='ocrx_word' id='word_1_311' title='bbox 1239 5408 1344 5469; x_wconf 66' lang='grc' dir='ltr'><strong>ΕΡ.</strong></span> <span class='ocrx_word' id='word_1_312' title='bbox 1373 5412 1435 5461; x_wconf 90' lang='lat' dir='ltr'><strong>et</strong></span> <span class='ocrx_word' id='word_1_313' title='bbox 1462 5407 1625 5470; x_wconf 69' lang='lat' dir='ltr'><strong>neg..</strong></span> <span class='ocrx_word' id='word_1_314' title='bbox 1657 5407 1985 5468; x_wconf 67' lang='lat' dir='ltr'><strong>Labltnen„</strong></span> <span class='ocrx_word' id='word_1_315' title='bbox 2014 5409 2048 5462; x_wconf 88' lang='lat'><em>8</em></span> <span class='ocrx_word' id='word_1_316' title='bbox 2082 5412 2255 5462; x_wconf 82' lang='lat' dir='ltr'><strong>mart.</strong></span> <span class='ocrx_word' id='word_1_317' title='bbox 2294 5408 2440 5462; x_wconf 86' lang='grc'><strong>1808.</strong></span> 
     </span>
    </p>

    <p class='ocr_par' dir='ltr' id='par_1_25' title="bbox 768 5496 2223 5560">
     <span class='ocr_line' id='line_1_43' title="bbox 768 5496 2223 5560; baseline 0 -10"><span class='ocrx_word' id='word_1_318' title='bbox 768 5504 792 5537; x_wconf 79' lang='lat'>⁵</span> <span class='ocrx_word' id='word_1_319' title='bbox 828 5498 886 5551; x_wconf 82' lang='lat' dir='ltr'><strong>S.</strong></span> <span class='ocrx_word' id='word_1_320' title='bbox 921 5498 984 5549; x_wconf 83' lang='grc' dir='ltr'><strong>Ο.</strong></span> <span class='ocrx_word' id='word_1_321' title='bbox 1020 5498 1123 5559; x_wconf 74' lang='lat' dir='ltr'><strong>Ep.</strong></span> <span class='ocrx_word' id='word_1_322' title='bbox 1153 5502 1216 5550; x_wconf 84' lang='lat' dir='ltr'><strong>et</strong></span> <span class='ocrx_word' id='word_1_323' title='bbox 1243 5499 1405 5560; x_wconf 63' lang='lat' dir='ltr'><strong>Res..</strong></span> <span class='ocrx_word' id='word_1_324' title='bbox 1437 5496 1765 5557; x_wconf 68' lang='lat' dir='ltr'><strong>bublinen„</strong></span> <span class='ocrx_word' id='word_1_325' title='bbox 1793 5498 1827 5551; x_wconf 87' lang='lat'>8</span> <span class='ocrx_word' id='word_1_326' title='bbox 1860 5502 2036 5551; x_wconf 88' lang='lat' dir='ltr'><strong>mart.</strong></span> <span class='ocrx_word' id='word_1_327' title='bbox 2075 5498 2223 5551; x_wconf 71' lang='grc'><strong>1808.</strong></span> 
     </span>
    </p>
   </div>
  </div>
 </body>
</html>
