3753 5871
482 316 556 374 92
1620 319 1815 371 onae:
1853 320 2015 371 lum
2063 320 2344 386 σαιοσιιφι

664 505 698 588 ξ
744 505 811 572 6.
861 505 1299 592 Episcopus,
1343 507 1471 591 qui
1504 507 1942 593 obligationi
1978 509 2071 579 de
2109 529 2253 596 qua
2288 510 2368 577 in
2404 512 2909 596 superioribus
2951 513 3470 599 paragraphis,

486 632 632 681 non
667 614 1141 696 satisfecerit,
1174 632 1391 698 quam
1424 615 1653 683 citius
1680 634 1825 702 pro
1846 619 2121 704 populo
2145 624 2260 687 tot
2295 619 2621 704 applicet
2650 620 2944 704 Missas,
2986 625 3167 706 quot
3190 621 3467 689 omisit.

1771 775 1951 843 om.
1995 775 2148 843 340.

663 879 698 962 ξ
745 882 811 945 1.
862 880 1133 948 Omnes
1200 881 1551 965 Episcopi
1632 886 1983 950 tenentur
2062 885 2377 970 singulis
2447 885 2971 970 quinquenniis
3038 888 3473 956 relationem

475 982 790 1056 'Summo
828 987 1174 1056 Pontifici
1224 989 1468 1057 facere
1506 1007 1729 1074 super
1776 993 1982 1058 statu
2022 991 2376 1060 dioecesis
2418 994 2561 1061 sibi
2599 996 3028 1063 commissae
3070 995 3471 1063 secundum

483 1094 882 1161 formulam
916 1097 1011 1163 ab
1042 1096 1474 1181 Apostolica
1511 1097 1696 1165 Sede
1728 1098 1983 1165 datam
2029 1099 2079 1165 ¹.

661 1202 695 1285 ξ
741 1203 808 1268 2.
858 1203 1382 1289 Quinquennia
1421 1210 1598 1273 sunt
1640 1204 1787 1273 fixa
1815 1210 1899 1274 et
1947 1207 2389 1290 communia,
2430 1214 2654 1293 atque
2700 1212 3230 1295 computantur
3267 1230 3314 1279 a
3351 1211 3474 1280 die

483 1313 522 1376 1
563 1310 902 1377 Ianuarii
951 1312 1144 1395 1911;
1191 1312 1270 1378 in
1311 1312 1554 1395 primo
1591 1312 2076 1397 quinquennii
2114 1332 2312 1381 anno
2354 1316 2786 1384 relationem
2827 1316 3168 1386 exhibere
3204 1318 3472 1385 debent

483 1418 835 1503 Episcopi
868 1419 1161 1500 Italiae,
1187 1419 1602 1486 insularum
1635 1421 2004 1504 Corsicae,
2033 1420 2449 1505 Sardiniae,
2483 1422 2809 1506 Siciliae,
2839 1424 3164 1508 Melitae,
3191 1430 3267 1493 et
3292 1425 3468 1492 alia·

486 1544 648 1591 rum
685 1527 1048 1594 minorum
1086 1527 1607 1611 adiacentium:
1642 1529 1720 1594 in
1756 1529 2019 1610 altero,
2065 1529 2417 1614 Episcopi
2462 1530 2899 1615 Hispaniae,
2938 1530 3470 1616 Portugalliae,

485 1632 800 1715 Galliae,
846 1633 1112 1718 Belgii,
1155 1634 1628 1711 Hollandiae,
1672 1636 2012 1719 Angliae,
2060 1636 2354 1706 Scotiae
2391 1642 2469 1706 et
2518 1638 2946 1722 Hiberniae,
2986 1656 3154 1705 cum
3206 1640 3475 1706 insulis

484 1740 1015 1825 adiacentibus;
1041 1743 1116 1809 in
1144 1742 1393 1824 tertio,
1420 1745 1650 1810 ceteri
1680 1743 2024 1828 Europae
2049 1744 2426 1829 Episcopi,
2451 1764 2620 1813 cum
2647 1747 2916 1814 insulis
2942 1747 3474 1831 adiacentibus

484 1848 563 1914 in
592 1853 884 1932 quarto,
913 1848 1264 1934 Episcopi
1300 1851 1535 1918 totius
1566 1850 1951 1918 Americae
1976 1856 2051 1920 et
2077 1852 2493 1919 insularum
2521 1853 3042 1938 adiacentium3
3076 1855 3154 1921 in
3186 1855 3470 1938 quint0,

482 1956 834 2042 Episcopi
868 1959 1194 2042 Africae,
1229 1961 1478 2044 Asiae,
1515 1960 1947 2031 Australiae
1975 1969 2051 2033 et
2078 1963 2495 2031 insularum
2523 1961 2643 2030 his
2672 1962 2872 2029 orbis
2902 1962 3243 2046 partibus
3270 1959 3469 2028 adia·

482 2066 807 2134 centium
844 2065 895 2133 ².

666 2173 700 2256 ξ
746 2172 814 2240 3.
867 2174 948 2241 Si
990 2192 1234 2241 annus
1274 2192 1411 2259 pro
1450 2175 1861 2244 exhibenda
1907 2177 2265 2244 relatione
2305 2178 2732 2263 assignatus
2783 2173 3133 2247 inciderit
3171 2199 3262 2248 ex
3315 2183 3476 2249 toto

483 2281 600 2348 vel
632 2299 720 2348 ex
753 2285 966 2365 parte
999 2280 1077 2348 in
1118 2281 1439 2366 primum
1482 2283 1857 2351 biennium
1892 2285 1987 2352 ab
2020 2285 2213 2354 inito
2250 2286 2604 2354 dioecesis
2638 2288 3014 2372 regimine,
3059 2287 3475 2372 Episcopus

485 2404 621 2471 pro
649 2407 736 2456 ea
767 2389 925 2457 vice
954 2408 999 2456 a
1027 2389 1478 2459 conficienda
1511 2398 1586 2459 et
1624 2392 2035 2460 exhibenda
2067 2391 2425 2461 relatione
2463 2394 2835 2463 abstinere
2867 2400 3113 2479 potest
3150 2393 3204 2461 ⁸.

1781 2548 1961 2616 cm.
1997 2548 2152 2615 341.

667 2655 701 2738 ξ
748 2657 813 2720 1.
864 2656 1135 2723 Omnes
1171 2659 1248 2724 et
1279 2656 1555 2740 singuli
1591 2657 1945 2740 Episcopi
1978 2675 2065 2726 eo
2098 2674 2298 2725 anno
2342 2674 2487 2741 quo
2521 2657 2953 2726 relationem
2997 2658 3338 2728 exhibere
3373 2663 3472 2727 te-

490 2767 783 2845 nentur,
818 2763 912 2830 ad
949 2762 1245 2844 Urbem,
1281 2764 1680 2832 Beatorum
1713 2764 2239 2848 Apostolorum
2282 2765 2488 2834 Petri
2528 2771 2605 2835 et
2637 2765 2856 2833 Pauli
2897 2767 3237 2851 sepulcra
3267 2784 3470 2835 vene·

488 2870 755 2948 ratur-i,
794 2870 1150 2940 accedant
1179 2876 1253 2940 et
1280 2869 1613 2940 Romano
1642 2870 1989 2940 Pontifici
2019 2892 2097 2942 se
2129 2874 2401 2943 sistant
2437 2873 2491 2941 ⁴.

664 2978 698 3061 ξ
744 2978 811 3044 2.
865 2978 1006 3047 Sed
1050 2980 1440 3065 Episcopis
1481 2980 1608 3066 qui
1640 2985 1852 3049 extra
1887 2981 2263 3066 Europam
2300 2986 2502 3065 sunt,
2540 2983 3004 3067 permittitur
3038 2988 3123 3051 ut
3163 2982 3476 3051 alternis

490 3088 1034 3171 quinquenniis,
1069 3088 1263 3158 idest
1297 3089 1613 3172 singulis
1642 3089 2043 3170 decenniis,
2082 3090 2352 3159 Urbem
2385 3095 2645 3174 petant
2687 3091 2740 3156 ⁵.

1838 3263 1954 3314 AN.
2052 3274 2060 3281 ·
2136 3299 2154 3316 .

663 3354 1075 3440 Episcopus
1136 3357 1354 3425 debet
1403 3249 1834 3442 praedictace3
1890 3250 2328 3443 oblffgtioni
2379 3358 2811 3426 satisfacere
2863 3376 2996 3442 per
3044 3362 3146 3425 se‘
3172 3357 3290 3425 vel
3342 3375 3475 3442 per

486 3462 1032 3543 Coadiutorem‚
1078 3466 1140 3531 si
1196 3485 1406 3550 quem
1449 3467 1742 3543 habeat,
1782 3468 1942 3550 aut,
1988 3485 2076 3535 ex
2119 3468 2340 3534 iustis
2378 3467 2625 3534 causis
2665 3485 2712 3533 a
2755 3466 3035 3533 Sancta
3077 3466 3264 3534 Sede
3314 3484 3472 3550 pro·

487 3569 776 3644 bandis,
825 3591 957 3656 per
1005 3573 1345 3640 idoneum
1398 3575 1850 3642 sacerdotem
1913 3576 2039 3660 qui
2089 3575 2168 3641 in
2227 3574 2551 3657 eiusdem
2604 3574 2956 3659 Episcopi
3003 3574 3319 3642 dioecesi
3368 3592 3472 3641 re·

488 3679 728 3747 sideat
765 3679 816 3745 ⁸.

658 3891 680 3926 ¹
716 3893 985 3943 clemens
1011 3892 1144 3953 XII,
1179 3895 1364 3944 const.
1397 3908 1426 3942 α
1458 3891 1765 3942 Pastor-ale
1799 3892 2052 3951 officium
2081 3907 2129 3953 t,
2158 3893 2224 3945 10
2251 3892 2368 3943 lan.
2401 3892 2549 3952 1731,
2582 3892 2609 3953 ς
2638 3894 2689 3953 9;
2725 3892 3081 3944 Benedictus
3106 3892 3256 3953 XIV,
3285 3894 3472 3945 const.

488 3997 518 4031 α
548 3980 712 4041 Quod
742 3980 959 4031 Sancta
996 3998 1046 4043 n,
1075 3982 1142 4035 23
1170 3994 1303 4034 nov.
1342 3982 1489 4042 1740,
1522 3982 1549 4042 ς
1581 3985 1632 4042 1,
1664 3982 1716 4042 2,
1746 3983 1798 4043 43
1826 3981 1970 4033 Plus
2008 3981 2105 4042 IX,
2136 3992 2228 4042 cp.
2258 3984 2478 4043 encycl.
2513 3997 2544 4033 α
2576 3981 2808 4041 optime
2838 3981 3082 4034 sosoma
3119 3996 3170 4041 ι,
3201 3980 3267 4033 20
3294 3984 3471 4032 mart.

488 4070 635 4130 1854:
671 4081 760 4129 ep.
796 4072 1015 4132 encycl.
1064 4088 1095 4120 ι
1130 4070 1434 4130 simulari
1468 4071 1703 4129 quidem
1748 4084 1805 4130 ι,
1839 4070 1905 4121 17
1939 4073 2114 4123 mart.
2153 4070 2301 4132 185ος
2337 4071 2396 4123 S.
2435 4071 2501 4124 G.
2540 4071 2819 4145 Conslst„
2865 4069 3021 4121 decr.
3064 4070 3130 4122 31
3166 4069 3290 4121 dec.
3322 4069 3473 4129 1909.

485 4171 614 4211 can.
662 4161 708 4221 1;
742 4159 897 4212 Ordo
931 4159 1258 4211 servandus
1291 4159 1354 4210 ln
1394 4160 1683 4211 relatione
1715 4159 1790 4211 de
1821 4162 1987 4211 statu
2019 4160 2419 4220 ecclesiarum,
2454 4160 2519 4212 31
2552 4159 2675 4211 dec.
2716 4160 2862 4221 19093
2905 4158 3250 4211 Pontlfieale
3278 4158 3472 4217 Rom„

489 4250 583 4301 tit.
614 4248 702 4299 De
738 4248 1172 4299 consecratione
1200 4247 1371 4298 electi
1401 4250 1463 4297 in
1492 4243 1844 4307 epsscomtm.

644 4340 671 4376 ²
718 4340 774 4390 s.
819 4339 883 4391 C.
923 4339 1200 4398 Consist„
1237 4338 1392 4389 decr.
1430 4338 1495 4390 31
1538 4338 1661 4389 dec.
1699 4338 1847 4399 1909,
1884 4348 2014 4388 can.
2053 4337 2134 4398 11:
2168 4338 2509 4389 Pontificale
2544 4336 2733 4397 Rom..
2775 4335 2869 4389 tit.
2918 4336 3006 4387 De
3040 4332 3479 4386 consecratione

487 4428 662 4477 electi
693 4427 754 4475 in
785 4428 1138 4486 episcopum.

644 4519 669 4555 ³
716 4517 772 4569 S.
804 4518 869 4569 C.
904 4518 1179 4577 Consist.,
1218 4516 1375 4568 decr.
1408 4514 1473 4570 31
1504 4516 1628 4569 dec.
1663 4517 1811 4575 1909.
1849 4526 1979 4567 can.
2013 4517 2082 4569 V.

643 4609 674 4646 ⁴
717 4608 921 4659 Sixtus
946 4609 1013 4665 V,
1041 4611 1226 4660 const.
1263 4623 1292 4657 α
1321 4608 1621 4658 Romanus
1650 4607 1930 4666 Pontifex
1963 4622 2012 4667 n,
2045 4607 2111 4657 20
2134 4605 2257 4657 dec.
2286 4605 2434 4667 15853
2461 4604 2816 4657 Benedictus
2849 4604 3000 4665 XIV,
3031 4606 3216 4656 const.
3249 4617 3279 4651 α
3310 4600 3477 4661 Quod

487 4699 707 4746 sancta
749 4712 797 4755 n,
833 4698 897 4749 23
928 4709 1059 4748 nov.
1097 4697 1246 4757 1740,
1284 4697 1311 4757 ς
1348 4698 1399 4756 1,
1431 4696 1482 4755 2,
1514 4699 1563 4758 4;
1607 4697 1750 4747 Pius
1784 4696 1882 4756 IX,
1917 4707 2008 4755 ep.
2043 4696 2263 4757 encycl.
2307 4711 2338 4744 α
2381 4695 2612 4753 optime
2647 4694 2893 4746 noscitu
2928 4708 2978 4754 ι,
3022 4693 3090 4746 20
3121 4695 3296 4743 mart.
3330 4690 3478 4751 185&

487 4788 547 4839 S.
573 4787 637 4839 O.
665 4787 938 4846 Consist..
972 4788 1127 4839 decr.
1155 4787 1221 4839 31
1244 4787 1367 4838 dec.
1400 4788 1549 4847 1909,
1582 4797 1711 4837 can.
1746 4785 1846 4845 IV,
1876 4786 1904 4847 ς
1932 4787 1981 4847 1;
2007 4784 2349 4837 Pontlneale
2379 4784 2568 4843 Rom..
2600 4785 2694 4835 tit.
2726 4783 2814 4835 De
2841 4772 3278 4834 omnem-atione
3302 4778 3478 4829 elenu

486 4877 547 4923 in
579 4876 926 4933 episcopum.

650 4968 677 5003 ³
715 4962 770 5015 S.
807 4966 872 5016 C.
915 4965 1194 5022 Consist..
1230 4963 1383 5015 decr.
1419 4963 1484 5016 31
1525 4963 1647 5017 dec.
1681 4964 1830 5023 1909,
1862 4975 1992 5014 can.
2030 4963 2130 5024 lv,
2168 4963 2195 5024 ς
2227 4961 2278 5024 2;
2310 4961 2654 5013 pontificale
2694 4961 2883 5021 Rom„
2922 4960 3016 5012 tlt.
3056 4958 3144 5009 De
3178 4966 3476 5008 consm-

490 5054 648 5102 uone
679 5052 849 5103 electi
886 5054 949 5101 in
981 5054 1333 5113 episcopum.

650 5147 677 5183 ο
712 5143 917 5195 sixtus
950 5145 1018 5203 v.
1056 5147 1241 5196 const.
1281 5160 1311 5194 ι
1344 5127 1646 5194 Romanus
1684 5142 1962 5202 Pontifex
2007 5157 2056 5199 ».
2094 5142 2160 5193 20
2202 5141 2325 5193 dee.
2358 5140 2505 5200 1586,
2548 5140 2575 5201 ς
2612 5141 2660 5202 4;
2705 5138 3062 5191 Benemctus
3099 5136 3250 5197 xlv,
3287 5137 3474 5188 const„

487 5248 519 5284 ι
549 5234 715 5293 Quod
748 5231 964 5283 Sancta
1011 5248 1061 5292 ι,
1097 5233 1161 5285 23
1194 5246 1327 5285 nov.
1373 5231 1521 5294 1740,
1564 5234 1591 5294 ς
1627 5234 1677 5293 1,
1709 5233 1760 5293 2,
1793 5234 1842 5294 4;
1879 5233 1938 5285 S.
1975 5233 2041 5285 C.
2079 5231 2356 5291 Consist„
2401 5230 2557 5282 decr.
2597 5230 2662 5282 31
2697 5229 2821 5281 dec.
2854 5228 3003 5288 1909,
3041 5238 3170 5278 can.
3211 5226 3313 5286 IV,
3362 5224 3389 5285 ς
3427 5223 3480 5287 3;

488 5323 547 5375 S.
575 5324 638 5376 C.
671 5324 758 5384 0.,
794 5323 850 5373 H
856 5322 1122 5383 imolen..
1152 5325 1217 5375 15
1251 5325 1370 5374 ian.
1401 5324 1547 5385 159&
1585 5322 1919 5380 Vononen„
1948 5322 2014 5373 17
2041 5333 2167 5382 apr.
2196 5320 2341 5381 162·st
2372 5321 2628 5380 Oniten„
2656 5318 2722 5371 10
2748 5320 2922 5370 mart.
2953 5316 3102 5380 16472
3137 5314 3476 5372 mutones„

487 5414 551 5463 24
597 5413 745 5464 febr.
784 5413 929 5474 1652:
967 5412 1347 5470 Metevitana,
1385 5414 1451 5464 14
1495 5413 1621 5464 dec.
1655 5412 1801 5472 16ὖ2;
1843 5410 2187 5462 I‘ontlsseale
2224 5409 2411 5471 Rom„
2453 5410 2548 5461 tlt.
2591 5408 2678 5458 De
2717 5404 3152 5459 consecratione
3201 5402 3375 5453 electi
3413 5400 3478 5449 in

487 5504 834 5561 episc-opum.
