3753 5871
465 307 576 367 372
1605 309 1802 362 voden
1840 310 2003 363 lum
2051 309 2333 362 canonio(

648 497 683 579 5
727 497 797 564 3.
847 496 1250 565 Beatorum
1299 496 1682 583 reliquiae,
1735 497 1896 565 sine
1954 497 2316 581 peculiari
2366 498 2686 583 indulto,
2740 501 2821 567 in
2870 503 3463 586 processionibus

470 623 561 673 ne
589 604 1241 687 circumferantur,
1278 623 1454 672 neve
1494 605 1573 670 in
1605 604 1936 673 ecclesiis
1967 610 2459 690 exponantur,
2500 607 2647 674 nisi
2682 608 2810 675 ubi
2850 627 3103 677 eorum
3146 610 3461 680 officium

468 718 547 781 et
578 712 810 780 Missa
839 712 1253 780 celebretur
1280 731 1371 781 ex
1406 712 1620 781 Sedis
1653 713 2128 798 Apostolicae
2164 714 2634 783 concessione
2671 714 2723 784 ².

1745 873 1925 941 CAN.
1972 873 2167 941 1288.

651 997 1179 1065 Sanctissimae
1240 997 1503 1065 Crucis
1578 997 1961 1084 reliquiae,
2028 1016 2213 1084 quas
2253 999 2334 1066 in
2373 1016 2593 1067 cruce
2637 997 3021 1085 pectorali
3048 1000 3464 1087 Episcopus

468 1104 666 1172 torte
707 1104 975 1188 defert,
1021 1105 1370 1173 ecclesiae
1409 1105 1848 1190 cathedrali,
1907 1108 2071 1191 ipso
2113 1107 2491 1188 defuncto,
2536 1108 2835 1191 cedunt,
2888 1108 3257 1194 Episcopo
3301 1127 3458 1176 suc·

467 1212 743 1279 cessori
793 1213 1432 1297 transmittendae3
1479 1217 1555 1282 et
1596 1215 1662 1281 si
1699 1213 2100 1282 defunctus
2140 1214 2481 1299 pluribus
2520 1215 2933 1300 praetuerit
2980 1216 3459 1296 dioecesibus,

471 1319 819 1387 ecclesiae
862 1321 1274 1389 cathedrali
1320 1321 1699 1403 dioecesis,
1745 1322 1824 1388 in
1867 1322 2083 1390 cuius
2126 1323 2509 1391 territorio
2556 1341 2979 1408 supremum
3024 1324 3219 1392 diem
3275 1324 3459 1393 obiit

471 1429 632 1509 aut,
669 1427 733 1493 si
767 1430 979 1494 extra
1014 1427 1401 1495 dioecesim
1441 1434 1778 1496 mortuus
1814 1432 1953 1510 est,
1995 1448 2083 1497 ex
2131 1447 2275 1515 qua
2315 1431 2580 1498 ultimo
2611 1428 2955 1499 discessit
2994 1432 3046 1500 ¹.

1737 1586 1916 1655 CAN.
1967 1587 2160 1656 1289.

650 1707 685 1789 5
721 1709 800 1798 .1·
853 1707 1122 1775 Sacras
1159 1706 1513 1792 reliquias
1547 1707 1860 1774 vendere
1896 1707 2108 1775 nefas
2151 1710 2285 1791 est3
2322 1707 2648 1793 adeoque
2683 1708 3069 1776 ordinarii
3106 1709 3461 1793 locorum,

470 1815 734 1883 vicarii
764 1816 1079 1898 foranei,
1114 1815 1417 1901 parochi
1455 1814 1678 1883 aliive
1714 1832 1972 1882 curam
2005 1815 2422 1883 animarum
2455 1815 2832 1898 habentes,
2869 1816 3126 1884 sedulo
3153 1820 3466 1886 caveant

423 1913 430 1920 ’
473 1941 565 1992 ne
605 1941 861 1991 sacrae
902 1922 1282 2007 reliquiae,
1330 1923 1765 2006 praesertim
1818 1923 2331 1991 sanctissimae
2373 1923 2659 2007 Crucis,
2717 1925 3096 1993 occasione
3148 1926 3463 1993 maxime

472 2030 968 2099 hereditatum
1005 2037 1140 2099 aut
1174 2030 1651 2099 alienationis
1694 2031 1940 2099 acervi
1977 2031 2361 2115 bonorum,
2398 2036 2739 2114 veneant,
2780 2049 2959 2100 neve
2993 2033 3074 2099 in
3110 2031 3458 2100 acatholi-

471 2155 725 2205 corum
767 2156 1031 2204 manus
1081 2139 1469 2206 transeant
1497 2138 1549 2206 ³.

652 2246 686 2328 5
731 2245 799 2312 2.
848 2245 1200 2314 Rectores
1235 2246 1735 2329 ecclesiarum,
1783 2246 2155 2332 ceterique
2199 2246 2294 2314 ad
2337 2266 2519 2332 quos
2557 2249 2869 2331 spectat,
2912 2245 3169 2314 sedulo
3203 2246 3459 2331 invigi-

474 2352 632 2421 lent
673 2372 764 2422 ne
813 2371 1068 2422 sacrae
1112 2353 1467 2440 reliquiae
1508 2354 1664 2422 ullo
1704 2355 1921 2423 modo
1971 2355 2486 2439 profanentur,
2534 2373 2711 2423 neve
2749 2355 3151 2422 hominum.
3171 2354 3461 2421 incuria

475 2463 808 2544 pereant,
842 2462 957 2529 vel
991 2461 1238 2529 minus
1271 2462 1614 2530 decenter
1646 2462 2170 2529 custodiantur
2206 2461 2261 2531 ⁴.

1607 2758 2034 2827 TITULUS
2073 2758 2311 2843 XVII.

1471 2903 1574 2973 De
1617 2904 1841 2972 sacris
1887 2903 2476 2989 processionibus.

1736 3077 1913 3144 CAN.
1975 3076 2168 3143 1290.

654 3205 688 3288 5
734 3207 802 3271 1.
852 3203 1167 3271 Nomine
1201 3220 1580 3269 sacrarum
1616 3202 2163 3286 processionum
2202 3200 2719 3286 significantur
2762 3201 3152 3269 sollemnes
3190 3202 3465 3287 suppli·

474 3314 806 3381 cationes
843 3331 1029 3398 quae
1063 3330 1111 3378 a
1154 3311 1429 3396 populo
1463 3310 1689 3392 fideli,
1730 3310 1915 3377 duce
1951 3310 2174 3392 clero,
2224 3309 2417 3378 fiunt
2459 3310 2700 3378 eundo
2737 3310 3140 3377 ordinatim
3179 3310 3271 3378 de
3305 3311 3467 3377 loco

475 3439 688 3489 sacro
720 3421 816 3488 ad
849 3421 1090 3487 locum
1128 3435 1445 3500 sacrum,
1482 3418 1577 3486 ad
1616 3418 2083 3486 excitandam
2128 3417 2456 3486 fidelium
2493 3419 2871 3502 pietatem,
2910 3418 3005 3485 ad
3040 3436 3460 3486 commemo·

477 3529 715 3596 randa
759 3529 899 3596 Dei
938 3527 1288 3597 beneficia
1326 3528 1537 3613 eique
1571 3526 1858 3612 gratias
1904 3527 2251 3612 agenda-s,
2293 3527 2389 3594 ad
2425 3526 2757 3594 divinum
2807 3526 3168 3594 auxilium
3208 3525 3462 3612 implo-

478 3637 790 3704 randum
819 3636 872 3703 ³.

654 3744 687 3827 5
734 3744 801 3810 2.
853 3740 1295 3807 Ordinariae
1324 3745 1503 3811 sunt
1540 3759 1728 3826 quae
1756 3742 1978 3809 statis
2006 3741 2267 3809 diebus
2304 3759 2436 3825 per
2464 3759 2741 3807 annum
2774 3739 2968 3808 fiunt
2999 3740 3094 3808 ad
3135 3757 3464 3809 normam

475 3852 833 3920 librorum
878 3851 1395 3936 liturgicorum
1446 3851 1562 3918 vel
1602 3850 2221 3918 consuetudinum
2263 3848 2759 3930 ecclesiarum
2803 3846 3469 3918 eoetraordinariae.

476 3980 662 4048 quae
696 3961 871 4029 aliis
915 3959 1234 4046 publicis
1270 3959 1361 4026 de
1394 3959 1642 4026 causis
1681 3959 1760 4026 in
1800 3958 1991 4026 alios
2035 3959 2193 4026 dies
2229 3958 2665 4025 indicuntur
2706 3953 2759 4017 ⁸.

1737 4117 1915 4184 CAN.
1975 4114 2169 4182 1291.

655 4237 690 4319 5
737 4239 805 4304 1.
855 4237 1023 4304 Nisi
1069 4236 1291 4304 aliter
1338 4236 1536 4303 terat
1594 4234 2196 4302 immemorabilis
2240 4235 2720 4316 consuetudo,
2783 4235 2899 4302 vel
2959 4235 3285 4303 locorum
3332 4233 3468 4301 cir·

474 4345 996 4429 cumstantiae,
1032 4344 1384 4429 prudenti
1411 4344 1764 4429 Episcopi
1802 4343 2103 4426 iudicio,
2137 4343 2343 4410 aliud
2377 4344 2703 4428 exigant,
2745 4344 2866 4411 die
2895 4345 3090 4412 festo
3119 4343 3474 4428 Corporis

476 4454 762 4523 Christi
811 4455 1032 4521 unica
1086 4458 1381 4522 tantum
1431 4453 1952 4538 sollemnisque
2000 4470 2132 4536 per
2177 4452 2512 4536 publicas
2568 4454 2730 4519 vias
2778 4453 3148 4537 processio
3194 4452 3274 4518 in
3322 4466 3473 4517 uno

660 4668 683 4704 ²
722 4667 781 4720 8.
814 4667 886 4718 R.
919 4666 1007 4728 C..
1042 4666 1198 4718 decr.
1236 4665 1301 4717 27
1334 4669 1480 4726 sept.
1518 4665 1666 4725 1659.
1704 4677 1762 4715 n.
1795 4665 1878 4725 113
1910 4664 2127 4715 declar.
2167 4662 2231 4714 17
2274 4675 2401 4722 apr.
2448 4664 2595 4723 106⁰,
2633 4663 2711 4715 ad
2747 4664 2796 4713 4.

658 4763 686 4800 ¹
721 4759 1064 4811 vicariatus
1116 4757 1310 4817 Urbis,
1353 4757 1470 4809 litt.
1514 4757 1734 4817 encycl.
1780 4756 1846 4807 25
1886 4758 2061 4806 mart.
2106 4752 2254 4805 1889.

656 4855 683 4891 ³
721 4850 788 4903 C.
833 4850 884 4911 2,
915 4850 982 4909 Χ,
1029 4851 1100 4901 de
1144 4847 1413 4909 reliquus
1456 4852 1515 4900 ct
1559 4849 1936 4897 veneratione
1981 4848 2338 4903 sanctorum,
2385 4844 2502 4905 111,
2559 4844 2641 4904 45:
2698 4843 2757 4896 8.
2790 4844 2855 4896 C.
2891 4843 2949 4897 S.
2983 4843 3099 4897 Off.
3155 4842 3475 4905 (Scopiae).

478 4945 543 4995 11
586 4955 719 5004 aug.
767 4942 915 5003 1⁷68:
960 4942 1017 4996 Β.
1063 4940 1127 4994 C.
1177 4941 1431 4999 Indulg„
1480 4940 1544 4989 17
1588 4949 1720 4989 nov.
1767 4936 1914 4997 1676:
1966 4936 2028 4988 21
2072 4935 2196 4988 dec.
2254 4934 2401 4996 18783
2455 4935 2796 4988 vicariatus
2840 4935 3036 4995 Urbis,
3085 4935 3205 4988 litt.
3247 4935 3473 4996 encyci.

480 5035 547 5087 17
584 5036 702 5086 ian.
742 5033 890 5087 1881.
2246 5036 2249 5041 ·

655 5127 687 5164 ⁸
720 5123 896 5175 Cone.
934 5122 1174 5173 Nicaea.
1216 5121 1299 5182 11,
1341 5121 1499 5173 actio
1534 5120 1671 5179 vn,
1708 5118 1975 5180 definitio
2012 5121 2083 5171 de
2122 5115 2310 5170 sacris
2345 5115 2721 5176 {mammonae
2763 5116 3207 5169 caeremoniale
3243 5115 3480 5176 Episco-

482 5226 627 5275 por„
671 5215 710 5267 1.
755 5214 806 5275 1,
838 5224 889 5265 c.
926 5213 1029 5273 VI,
1063 5225 1121 5264 n.
1157 5212 1206 5263 2.

660 5307 688 5344 ⁵
724 5305 783 5359 s.
814 5306 886 5359 a.
917 5305 981 5357 o,
1016 5304 1235 5362 veson..
1265 5286 1332 5356 ω’
1358 5303 1669 5365 aug.1s·zo;
1693 5301 1939 5356 mtuaie
1964 5302 2154 5364 nom„
2185 5302 2278 5354 nt.
2320 5300 2417 5360 1x,
2446 5309 2498 5350 c.
2534 5299 2587 5359 1,
2625 5300 2697 5349 ae
2724 5297 3215 5359 mmmm,
3244 5308 3304 5347 n
3336 5297 3387 5348 1.

658 5397 685 5434 ⁸
720 5395 1165 5449 caeremoniale
1206 5396 1564 5455 Episcopum,
1610 5395 1649 5446 l.
1686 5394 1769 5454 11,
1804 5404 1856 5446 c.
1893 5393 2122 5453 xxxn,
2158 5390 2418 5451 ΧΧΧῙΙῙς
2449 5389 2693 5442 Rituale
2726 5389 2915 5450 Rom„
2961 5388 3056 5441 tit.
3097 5387 3195 5449 lx,
3233 5397 3285 5438 c.
3316 5388 3368 5446 1,
3407 5387 3484 5437 aa

482 5486 970 5548 processionibus,
999 5498 1058 5537 n.
1092 5485 1143 5547 8,
1177 5486 1229 5538 9.
