3753 5871
1051 318 1227 429 noer
1275 378 1528 440 ouium
1560 403 1581 415 -
1618 376 1706 449 no
1753 378 2005 430 nouom
2041 380 2101 430 οι
2140 378 2353 430 poem
3081 376 3182 436 om

218 567 645 653 prohibendi
687 565 959 634 clerico
990 564 1419 633 exercitium
1457 565 1651 644 sacri
1687 563 2085 635 ministerii
2121 570 2256 633 aut
2294 566 2518 634 etiam
2557 565 2866 634 eundem
2906 567 3000 633 ab
3045 566 3187 633 offi-

216 675 351 759 cio,
391 675 487 742 ad
524 691 857 742 normam
902 672 1117 755 iuris,
1154 672 1561 757 amovendi3
1601 690 1788 757 quae
1831 672 2082 740 omnia
2117 672 2197 739 in
2242 682 2419 740 casu·
2459 690 2607 740 non
2654 673 2927 742 habent
2969 673 3188 740 ratio·

214 801 372 851 nem
408 800 685 867 poenae
735 780 784 850 ¹.

1467 906 1644 974 ΟΑΝ.
1691 906 1889 973 2223.

388 1044 423 1127 g
468 1047 536 1112 1.
587 1046 678 1114 In
722 1047 979 1131 poenis
1021 1046 1486 1132 applicandis
1530 1047 1750 1115 iudex
1799 1048 2056 1132 nequit
2099 1063 2406 1131 poenam
2453 1046 3021 1115 determinatam
3066 1064 3189 1113 au·

209 1169 401 1236 gere,
443 1153 590 1221 nisi
624 1154 1219 1222 extraordinaria
1262 1154 1617 1223 adiuncta
1660 1155 2149 1240 aggravantia
2195 1154 2272 1222 id
2310 1155 2615 1239 exigant
2648 1152 2702 1218 ².

388 1259 423 1342 ξ
468 1259 535 1325 2.
588 1261 671 1329 Si
705 1261 929 1329 lexin
958 1262 1354 1330 statuenda.
1381 1281 1616 1346 poena
1646 1261 1993 1330 ferendae
2021 1263 2431 1330 sententiae
2458 1262 2924 1330 facultativis
2951 1263 3195 1331 verbis

213 1370 495 1450 utatur,
526 1369 1021 1437 committitur
1051 1369 1488 1453 prudentiae
1518 1374 1593 1438 et
1626 1370 2122 1438 conscientiae
2155 1370 2428 1445 iudicis
2465 1390 2625 1438 eam
2656 1370 3014 1454 infligere,
3049 1370 3190 1452 vel,

208 1474 277 1542 si
309 1492 543 1558 poena
573 1476 806 1544 fuerit
837 1475 1355 1559 determinata,
1395 1481 1807 1561 temperare
1847 1473 1902 1541 ⁸.

390 1581 423 1663 ἓ
468 1582 536 1649 3.
589 1582 672 1655 Si
716 1601 891 1651 vero
936 1584 1054 1651 lex
1110 1586 1372 1651 utatur
1426 1585 1671 1652 verbis
1728 1586 2244 1670 praeceptivis,
2293 1585 2669 1654 ordinarie
2718 1603 2955 1671 poena.
3001 1584 3191 1652 infli-

212 1690 452 1775 genda
512 1693 647 1773 est3
699 1690 823 1758 sed
875 1691 1369 1760 conscientiae
1416 1698 1493 1760 et
1546 1693 1988 1778 prudentiae
2038 1692 2309 1761 iudicis
2355 1694 2473 1761 vel
2528 1693 2952 1778 Superioris
3001 1711 3188 1761 com·

208 1795 583 1863 mittitur:

469 1911 566 1974 1.⁰
611 1908 898 1976 Poenae
944 1908 1516 1993 applicationem
1562 1908 1659 1976 ad
1703 1913 1996 1993 tempus
2039 1908 2275 1991 magis
2320 1911 2818 1993 opportunum
2868 1907 3193 1990 differre,

205 2016 278 2082 si
309 2034 396 2082 ex
436 2033 929 2100 praepropera
966 2017 1072 2083 rei
1105 2015 1492 2100 punitione
1523 2016 1805 2084 maiora
1846 2015 2040 2083 mala
2078 2019 2432 2083 eventura
2476 2016 3071 2099 praevideantur3

461 2121 560 2188 2.⁰
602 2124 672 2189 A
699 2141 935 2208 poena
962 2122 1364 2209 infligenda
1395 2123 1791 2207 abstinere,
1822 2124 1888 2192 si
1917 2142 2086 2191 reus
2114 2123 2439 2209 perfecte
2466 2122 2702 2190 fuerit
2734 2122 3188 2201 emenda-tus,

201 2233 288 2298 et
311 2229 739 2298 scandalum
775 2231 1255 2315 reparaverit,
1288 2234 1424 2300 aut
1454 2231 1902 2299 sufficienter
1928 2230 2238 2316 punitus
2264 2231 2369 2299 sit
2390 2231 2509 2299 vel
2534 2230 2955 2315 puniendus
2988 2247 3190 2315 prae-

201 2335 555 2405 videatur
585 2338 841 2422 poenis
874 2339 1323 2407 auctoritate
1352 2337 1557 2407 civili
1603 2339 1934 2422 sancitis;

468 2445 567 2512 3.⁰
612 2445 933 2513 Poenam
966 2447 1530 2514 determinatam
1567 2452 1979 2532 temperare
2013 2446 2128 2514 vel
2166 2447 2328 2515 loco
2364 2446 2601 2530 ipsius
2635 2444 2934 2529 aliquod
2973 2462 3192 2513 reme·

195 2551 412 2619 dium
444 2553 750 2637 poenale
780 2553 1127 2622 adhibere
1162 2558 1298 2623 aut
1333 2554 1659 2639 aliquam
1698 2554 2228 2640 poenitentiam
2259 2553 2668 2636 iniungere,
2711 2553 2778 2619 si
2806 2552 3026 2620 detur
3054 2552 3192 2619 cir·

199 2660 664 2727 cumstantia
714 2653 1368 2744 imputabilitatem
1421 2662 1852 2730 notabiliter
1901 2661 2265 2743 minuens,
2319 2662 2436 2729 vel
2491 2661 2852 2729 habeatur
2902 2659 3191 2745 quidem

202 2768 323 2839 rei
362 2767 776 2835 emendatio
817 2773 950 2836 aut
990 2767 1277 2837 inflicta
1327 2788 1374 2836 a
1413 2769 1616 2836 civili
1666 2769 2117 2837 anctoritate
2166 2767 2587 2853 castigatio,
2643 2769 2769 2836 sed
2815 2767 3036 2835 iudex
3079 2767 3196 2835 vel

200 2873 567 2959 Superior
601 2881 1093 2961 opportunam
1131 2880 1510 2962 praeterea
1551 2879 1780 2946 ducat
1813 2877 2180 2945 mitiorem
2217 2875 2542 2961 aliquam
2582 2877 3040 2961 punitionem
3079 2874 3134 2940 ⁴.

389 2983 422 3065 ἓ
468 2984 535 3050 4.
587 2983 908 3051 Poenam
952 2984 1151 3053 latae
1196 2985 1607 3054 sententiae
1643 2985 2021 3053 declarare
2055 2984 2461 3069 generatim
2497 2985 2992 3053 committitur
3029 3005 3196 3070 pru·

198 3092 508 3161 dentiae
536 3093 1132 3178 Superioris;·sed
1160 3093 1313 3161 sive
1344 3093 1440 3161 ad
1475 3085 1912 3161 instantiam
1940 3093 2181 3177 partis
2206 3092 2422 3160 cuius
2456 3092 2792 3176 interest,
2824 3094 2976 3162 sive
3008 3094 3201 3162 bono

195 3201 577 3267 communi
620 3199 729 3267 ita
764 3201 1122 3284 exigente,
1170 3201 1541 3269 sententia
1581 3200 2075 3269 declaratoria
2119 3202 2286 3268 dari
2322 3201 2561 3269 debet.

1478 3395 1655 3463 CAN.
1705 3394 1902 3461 2224.

386 3534 421 3617 ξ
468 3538 534 3601 1.
586 3535 979 3604 Ordinarie
1010 3539 1125 3603 tot
1151 3554 1428 3620 poenae
1455 3540 1632 3619 quot
1658 3536 1931 3603 delicta
1982 3536 2034 3603 ⁸.

391 3642 425 3724 ξ
471 3642 539 3708 2.
592 3643 673 3711 Si
719 3647 967 3711 tamen
1005 3647 1310 3728 propter
1346 3662 1728 3710 numerum
1765 3644 2204 3712 delictorum
2255 3644 2528 3717 nimius
2566 3648 2760 3713 esset
2797 3663 3198 3728 poenarum

199 3749 780 3835 infligendarum
816 3751 1183 3834 cumulus,
1217 3751 1568 3836 prudenti
1598 3752 1868 3820 iudicis
1905 3753 2219 3821 arbitrio
2250 3752 2698 3837 relinquitur
2725 3755 2860 3820 aut
2892 3770 3200 3835 poenam

199 3859 537 3926 omnium
575 3849 985 3944 graviorem
1027 3855 1385 3943 infligere,
1424 3856 1706 3942 addita,
1757 3861 1822 3928 si
1871 3879 1989 3926 res
2034 3860 2255 3942 ferat,
2299 3859 2551 3945 aliqua
2588 3861 3046 3944 poenitentia.
3084 3859 3198 3927 vel

205 3967 535 4034 remedio
598 3966 918 4050 poenali,
974 3971 1109 4035 aut
1158 3985 1432 4050 poenas
1493 3968 1697 4035 intra
1759 3987 2033 4053 aequos
2082 3968 2438 4036 terminos
2493 3967 2886 4050 moderari,
2942 3967 3197 4035 habita

201 4075 501 4143 ratione
539 4075 826 4142 numeri
865 4078 941 4143 et
974 4074 1370 4159 gravitatis
1406 4075 1870 4143 delictorum.

389 4180 422 4262 ξ
467 4181 535 4248 3.
588 4182 670 4249 Si
705 4200 941 4266 poena
969 4181 1383 4250 constituta.
1412 4184 1517 4251 sit
1551 4188 1709 4251 tum
1744 4183 1824 4250 in
1857 4186 2206 4252 conatum
2247 4183 2502 4251 delicti
2543 4189 2700 4253 tum
2736 4183 2816 4249 in
2847 4183 3199 4251 delictum

195 4294 825 4373 consummatum,
856 4291 992 4359 hoc
1024 4288 1369 4371 admisso,
1401 4290 1640 4375 infligi
1670 4295 1964 4358 tantum
1992 4290 2208 4359 debet
2234 4309 2474 4374 poena,
2497 4290 2575 4357 in
2611 4295 3198 4358 consummatum

196 4395 564 4464 delictum
611 4400 922 4466 statuta.

396 4645 418 4680 ²
455 4645 518 4697 0.
547 4645 631 4704 14,
659 4643 725 4696 O.
754 4643 837 4704 11,
872 4655 928 4705 q.
959 4643 1010 4705 ὗς
1036 4655 1086 4694 c.
1117 4642 1201 4703 56,
1229 4642 1297 4703 X,
1333 4644 1403 4694 de
1433 4642 1683 4692 testabar
1710 4646 1769 4694 et
1797 4640 2303 4700 attestationibus,
2334 4641 2416 4702 11,
2447 4641 2528 4704 ²⁰3
2553 4653 2604 4693 c.
2636 4642 2687 4700 4,
2719 4640 2803 4700 27,
2834 4639 2901 4699 X,
2938 4640 3008 4689 de
3036 4648 3202 4687 accu-

204 4733 565 4793 cataoniam,
598 4732 1081 4792 inquisitionibus
1122 4735 1181 4783 et
1214 4730 1783 4790 denunccaiicmibuae,
1820 4732 1892 4794 V,
1926 4733 1977 4794 1;
2008 4744 2058 4784 c.
2092 4733 2142 4793 4,
2173 4731 2225 4792 5,
2255 4732 2340 4793 31,
2370 4732 2436 4792 Χ,
2474 4732 2546 4781 de
2579 4730 2849 4788 simonia,
2885 4733 2945 4780 et
2979 4742 3053 4780 ne
3096 4727 3202 4776 all-

205 4825 358 4884 quia
386 4836 491 4884 pro
520 4823 932 4885 spiritualibus
957 4823 1234 4884 ematur
1263 4824 1357 4874 vel
1384 4822 1786 4901 promittatur,
1814 4823 1885 4884 V,
1912 4824 1962 4884 3;
1996 4822 2055 4875 8.
2087 4823 2154 4876 O.
2183 4823 2289 4883 Bp.
2319 4825 2381 4874 et
2407 4822 2571 4883 Bes„
2601 4819 2930 4880 Lablinen„
2956 4818 2991 4871 8
3022 4821 3199 4871 mart.

201 4915 363 4978 189&
396 4914 455 4968 S.
486 4914 552 4968 O.
585 4914 862 4975 Consist„
890 4910 1046 4966 decr.
1083 4911 1406 4964 «Maxima
1435 4924 1578 4963 cura
1608 4927 1658 4975 n,
1687 4914 1753 4966 20
1779 4926 1915 4975 aug.
1948 4913 2096 4974 1910,
2126 4924 2259 4964 can.
2288 4912 2374 4972 31,
2414 4912 2450 4973 5
2471 4911 2521 4962 2.

388 5010 413 5044 ²
457 5005 521 5057 C.
552 5004 635 5065 36,
675 5004 747 5055 D.
780 5005 845 5055 L.

391 5100 418 5137 ³
458 5095 524 5147 C.
565 5095 648 5157 21,
679 5097 745 5156 Χ,
787 5098 858 5145 de
893 5093 1388 5154 accusationibus,
1435 5094 1918 5154 {muffltwntbu
1953 5099 2012 5146 ct
2055 5090 2625 5152 denunciationibuae‚
2663 5092 2733 5151 V,
2773 5093 2824 5155 1;
2859 5102 2909 5143 c.
2940 5091 2993 5151 6,
3024 5091 3090 5151 Χ,
3132 5091 3205 5140 de

206 5185 532 5237 homicidio
566 5184 901 5237 voluntario
927 5185 1022 5237 vel
1050 5186 1298 5245 manau,
1325 5186 1395 5248 V,
1427 5186 1509 5248 123
1542 5197 1593 5238 c.
1621 5188 1673 5247 1,
1704 5186 1755 5246 2,
1786 5186 1852 5246 Χ,
1887 5185 1958 5237 do
1988 5182 2218 5235 aencis
2246 5182 2644 5246 pumuntur
2672 5184 2737 5233 {a
2768 5180 2983 5241 duello,
3013 5181 3083 5243 V,
3122 5182 3205 5242 14;

195 5286 259 5327 c.
294 5277 381 5336 11,
411 5276 477 5335 X,
511 5276 582 5326 de
613 5275 836 5335 poenis,
874 5275 944 5336 V,
972 5275 1056 5328 m.

389 5368 419 5405 ⁴
458 5367 525 5419 0.
555 5368 606 5428 1,
632 5368 699 5428 Χ,
724 5368 795 5418 aa
818 5366 1357 5427 mutuationibus,
1381 5368 1431 5428 1,
1461 5367 1511 5429 2;
1530 5380 1581 5419 c.
1613 5368 1664 5427 4,
1694 5367 1760 5428 X,
1787 5369 1858 5419 de
1884 5365 2071 5424 officio
2095 5368 2155 5417 et
2177 5367 2471 5427 potestate
2496 5363 2710 5414 iudicia
2733 5362 3010 5422 doleomi,
3041 5361 3092 5423 1,
3120 5361 3201 5414 29.

397 5462 422 5497 ⁸
458 5458 523 5510 0.
553 5459 604 5518 4,
635 5457 702 5518 X,
731 5458 802 5507 de
830 5469 917 5515 eo,
953 5457 1056 5516 qul
1080 5456 1347 5517 ooonovu
1380 5456 1872 5518 consanguineam
1898 5453 2102 5506 morlo
2130 5467 2274 5507 succ
2303 5455 2396 5506 vel
2425 5464 2692 5513 sponsae,
2723 5453 2825 5513 IV,
2862 5452 2945 5514 133
2969 5464 3021 5503 c.
3052 5454 3103 5513 1,
3134 5451 3201 5511 Χ,

199 5550 287 5600 do
314 5547 539 5608 menie,
568 5547 639 5610 V,
673 5547 756 5610 37;
780 5549 831 5599 c.
860 5547 943 5608 27,
974 5548 1041 5608 X,
1080 5550 1153 5599 aa
1178 5548 1475 5599 centenno
1503 5546 2143 5606 excommunicationis,
2174 5547 2244 5607 V,
2275 5545 2357 5598 39.
