3753 5871
515 649 1072 718 constituendos
1101 669 1532 737 proponere,
1558 658 1955 724 canonicas
1980 657 2498 744 inquisitiones
2530 680 2657 729 seu
2683 680 3069 747 processus
3094 684 3316 751 super
3340 685 3500 752 pro·

517 758 891 826 movendis
931 759 1254 828 indicere
1283 766 1632 848 actosque
1664 764 2063 851 diligenter
2102 768 2533 854 expendere,
2572 770 2900 856 ipsorum
2937 773 3348 858 periclitari
3378 776 3499 844 do·

514 867 859 950 ctrinam‚
902 869 1111 937 salvo
1138 872 1601 957 praescripto
1628 891 1794 940 can.
1838 874 1970 942 255
2016 873 2065 939 ¹.

693 978 727 1060 ᾖ
772 979 840 1047 3.
889 981 1005 1047 Ab
1048 983 1185 1049 hac
1233 982 1821 1070 congregatione
1862 988 2281 1073 dependent
2318 1008 2406 1058 ea
2458 993 2705 1059 omnia
2749 1012 2937 1079 quae
2977 996 3353 1080 pertinent
3402 998 3499 1066 ad

511 1087 1142 1172 constitutionem,
1175 1096 1805 1162 conservationem
1835 1101 1913 1165 et
1951 1102 2231 1165 statum
2260 1098 2727 1167 dioecesium.
2766 1102 3015 1182 Quare
3044 1105 3211 1189 ipsa
3240 1105 3503 1191 vigilat

513 1212 736 1280 super
779 1198 1106 1282 impletis
1142 1201 1256 1268 vel
1296 1202 1542 1270 minus
1589 1205 2190 1291 obligationibus,
2235 1208 2500 1294 quibus
2542 1210 2926 1279 ordinarii
2976 1218 3344 1298 tenentnr3
3381 1234 3494 1283 co·

509 1306 800 1390 gnoscit
830 1326 917 1375 ea
952 1327 1138 1393 quae
1171 1311 1266 1378 ab
1298 1311 1691 1399 Episcopis
1734 1317 2016 1401 scripto
2050 1316 2287 1385 relata
2321 1318 2477 1387 sint
2509 1319 2601 1386 de
2644 1323 2850 1388 statu
2886 1339 3190 1388 suarum
3224 1322 3494 1391 dioece-

510 1416 723 1501 sium3
763 1418 1028 1487 indicit
1060 1419 1526 1490 visitationes
1553 1424 2004 1507 apostolicas
2042 1427 2559 1513 examinetque
2589 1446 2715 1496 eas
2751 1446 2936 1514 quae
2975 1430 3260 1499 fuerint
3291 1432 3493 1499 abso-

511 1526 739 1610 lutae,
793 1530 1252 1596 transmissis
1298 1531 1377 1597 in
1431 1537 1741 1617 utroque
1797 1552 1975 1601 casu
2037 1535 2135 1602 ad
2182 1536 2515 1621 singulas
2561 1537 3188 1624 congregationes
3248 1540 3342 1607 iis
3400 1542 3496 1608 ad

507 1634 1060 1705 deliberandum
1103 1640 1419 1721 negotiis
1458 1659 1645 1725 quae
1678 1643 1775 1710 ad
1811 1660 1938 1710 eas
1976 1645 2453 1728 peculiariter
2493 1648 2870 1730 pertinent
2907 1645 2960 1714 ³.

1778 1833 1958 1902 cm.
1997 1835 2150 1902 249.

681 1973 717 2054 ξ
764 1975 829 2039 1.
878 1974 1453 2060 congregationi
1498 1975 1590 2044 de
1623 1976 2024 2062 disciplina
2066 1978 2712 2048 Sacramentorum
2751 1982 3134 2066 proposita
3172 1988 3287 2051 est
3335 1986 3492 2049 uni·

509 2100 714 2151 versa
759 2084 1128 2168 legislatio
1159 2086 1354 2153 circa
1394 2086 1866 2172 disciplinam
1904 2093 2181 2173 septem
2230 2088 2903 2174 sacramentorum,
2940 2090 3294 2158 incolumi
3332 2092 3497 2159 iure

498 2194 1118 2281 'congregationis
1158 2197 1235 2265 S.
1280 2196 1517 2264 Officii
1560 2199 1763 2266 circa
1801 2217 1893 2266 ea
1929 2217 2116 2284 quae
2156 2200 2236 2266 in
2271 2217 2437 2268 can.
2488 2200 2619 2267 247
2661 2207 2949 2271 statuta
2989 2208 3191 2285 sunt,
3244 2208 3320 2272 et
3361 2202 3490 2270 Sa·

501 2323 795 2373 crorum
825 2306 1134 2374 Rituum
1163 2307 1778 2393 congregationis
1809 2312 2011 2377 circa
2041 2312 2235 2379 ritus
2268 2317 2344 2381 et
2367 2313 2868 2380 caeremonias
2901 2330 3087 2397 quae
3123 2314 3203 2380 in
3233 2312 3492 2379 Sacra·

502 2418 771 2484 mentis
803 2415 1300 2500 conficiendis,
1336 2419 1852 2488 ministrandis
1886 2426 1962 2488 et
2002 2421 2444 2507 recipiendis
2475 2424 2756 2490 servari
2788 2422 3058 2490 debent
3095 2420 3148 2488 ³.

680 2530 714 2612 ᾖ
759 2530 825 2596 2.
875 2531 993 2598 Ad
1039 2531 1247 2598 illam
1304 2532 1557 2618 itaque
1602 2537 1945 2618 spectant
2000 2551 2089 2601 ea
2136 2534 2408 2618 omnia,
2460 2552 2648 2619 quae
2694 2535 2993 2603 decerni
3048 2535 3494 2620 concedique

500 2641 739 2708 solent
762 2646 921 2708 tum
947 2642 1028 2708 in
1048 2641 1446 2726 disciplina
1477 2643 1961 2725 matrimonii,
1991 2651 2149 2712 tum
2174 2645 2256 2711 in
2281 2644 2680 2729 disciplina
2711 2645 3028 2713 aliorum
3062 2646 3486 2713 Sacramen-

500 2756 744 2818 torum
781 2770 912 2819 nec
943 2770 1087 2819 non
1119 2752 1198 2818 in
1228 2753 1722 2821 celebratione
1756 2753 2122 2822 Sacrificii
2153 2754 2678 2837 Eucharistici,
2712 2756 2809 2823 iis
2839 2760 3133 2823 tantum
3166 2756 3496 2840 exceptis

499 2878 686 2945 quae
716 2861 889 2928 aliis
922 2860 1637 2948 congregationibus
1680 2869 2059 2931 reservata
2088 2869 2267 2931 sunt
2302 2864 2355 2930 ⁴.

676 2974 709 3050 ,8
755 2975 821 3043 3.
875 2975 1050 3061 Ipsa
1092 2977 1469 3061 cognoscit
1510 2994 1697 3062 quoq
1708 2995 1796 3044 ue
1843 2985 1920 3044 et
1960 2977 2327 3045 exclusive
2375 2978 2467 3045 de
2508 2978 2711 3045 facto
2752 2977 3494 3045 inconsummatioms

496 3085 951 3154 matrimonii
995 3092 1069 3154 et
1101 3087 1194 3154 de
1227 3087 1665 3154 exsistentia
1696 3105 2091 3154 causarum
2128 3087 2225 3155 ad
2261 3087 2886 3172 dispensationem
2921 3087 3490 3170 concedendam,

497 3214 627 3264 nec
647 3195 803 3263 'non
835 3197 926 3264 de
957 3197 1053 3265 iis
1091 3197 1453 3280 omnibus,
1489 3215 1677 3282 quae
1714 3215 1881 3264 cum
1914 3197 2031 3264 bis
2064 3203 2242 3265 sunt
2272 3215 2625 3265 connexa.
2672 3197 2930 3266 Potest
2960 3200 3207 3264 tamen
3238 3196 3485 3282 cogni-

495 3307 767 3374 tionem
803 3308 1063 3373 horum
1097 3308 1450 3390 omnium,
1493 3308 1559 3375 si
1601 3309 1677 3376 id
1719 3308 2065 3393 expedire
2095 3307 2562 3389 iudicaverit,
2602 3308 2698 3374 ad
2735 3306 3040 3374 Sacram
3078 3307 3488 3373 Romanam

495 3416 762 3485 Rotam
810 3419 1210 3486 remittere.
1252 3404 1548 3487 Pariter
1591 3419 1688 3487 ad
1726 3437 1888 3486 eam
1924 3419 2203 3487 deterri
2239 3422 2553 3502 possunt
2591 3418 3057 3502 quaestiones
3096 3417 3188 3484 de
3224 3415 3485 3483 validi·

494 3533 651 3596 tate
687 3527 1168 3609 matrimonii,
1204 3546 1385 3612 quas
1415 3533 1688 3611 tamen,
1730 3529 1796 3595 si
1826 3528 2362 3596 accuratiorem
2390 3527 2985 3612 disquisitionem
3019 3530 3154 3595 aut
3186 3526 3485 3593 investi-

492 3639 862 3725 gationem
888 3638 1212 3722 exigant,
1241 3638 1335 3705 ad
1362 3638 1695 3705 tribunal
1719 3643 2141 3722 competens
2175 3639 2535 3706 remittat.
2568 3637 2842 3705 Eodem
2877 3637 3092 3704 modo
3120 3636 3216 3703 ad
3244 3635 3489 3721 ipsam

494 3750 818 3833 pertinet
842 3748 1088 3816 videre
1117 3748 1208 3815 de
1241 3746 1818 3834 obligationibus
1847 3748 2231 3815 ordinibus
2260 3746 2663 3814 maioribus
2698 3746 3031 3829 adnexis,
3063 3750 3287 3829 atque
3317 3762 3485 3812 exa-

494 3861 777 3927 minare
836 3860 1302 3943 quaestiones
1349 3858 1440 3925 de
1499 3859 1663 3943 ipsa
1712 3858 2102 3926 validitate
2152 3876 2407 3926 sacrae
2455 3855 2974 3938 ordinationis,
3025 3860 3159 3922 aut
3210 3872 3336 3922 eas
3385 3854 3486 3922 ad

491 3969 821 4037 tribunal
851 3973 1272 4053 competens
1314 3969 1710 4037 remittere.
1749 3967 1849 4036 Et
1878 3970 1990 4036 ita
2029 3986 2252 4052 porro
2283 3969 2374 4035 de
2405 3967 2578 4034 aliis
2620 3965 3123 4033 Sacramentis
3160 3963 3215 4032 ⁸.

660 4264 680 4300 ²
719 4264 863 4315 Pius
890 4263 953 4324 X,
984 4264 1167 4314 const.
1200 4275 1231 4312 ι
1265 4259 1534 4321 Sapienti
1562 4258 1805 4310 consuto
1842 4274 1892 4319 ιι,
1921 4258 1987 4311 29
2012 4259 2135 4309 iun.
2167 4257 2315 4316 1908,
2352 4257 2378 4317 5
2417 4258 2466 4317 1,
2497 4269 2554 4307 n.
2584 4256 2662 4319 1⁰,
2691 4259 2743 4318 4,
2772 4270 2832 4308 n.
2871 4257 2950 4317 20,
2979 4256 3028 4318 2;
3057 4256 3215 4310 Ordo
3243 4267 3488 4307 servan-

490 4355 605 4405 dus
638 4354 700 4404 in
730 4353 789 4406 8.
825 4350 1407 4413 congregationibus,
1435 4349 1876 4409 Tribunallbus,
1908 4346 2126 4401 Officiis
2152 4345 2451 4398 Romanae
2487 4345 2724 4407 curiae,
2753 4346 2819 4399 29
2854 4350 3002 4406 sept.
3035 4344 3183 4406 1908,
3216 4344 3366 4395 Pare
3393 4342 3485 4404 11,

490 4443 743 4494 Normae
778 4442 1121 4502 peculiares,
1156 4452 1285 4501 cap.
1328 4441 1376 4500 1,
1413 4451 1470 4490 n.
1505 4440 1579 4500 10,
1611 4440 1667 4499 b,
1698 4449 1827 4499 cap.
1861 4436 1997 4497 VII,
2028 4438 2144 4489 art.
2180 4435 2262 4494 11.
2300 4447 2358 4486 n.
2398 4434 2473 4494 00,
2511 4435 2587 4496 70,
2626 4433 2734 4487 10⁰.

651 4530 676 4568 2
720 4532 862 4583 Pius
892 4532 958 4591 Χ,
1000 4532 1184 4583 const.
1230 4545 1260 4580 α
1292 4528 1559 4589 sapienti
1595 4526 1838 4578 consilio
1871 4542 1922 4586 ιι,
1964 4525 2030 4578 29
2067 4526 2188 4577 iun.
2232 4524 2381 4585 1908,
2422 4525 2448 4585 5
2485 4525 2534 4586 1,
2570 4538 2626 4576 n.
2666 4524 2740 4585 20,
2776 4524 2826 4584 3;
2859 4523 3018 4576 Ordo
3052 4520 3380 4575 servandus
3415 4520 3485 4573 in

493 4622 549 4673 S.
588 4622 1169 4683 congregatiombus,
1203 4618 1640 4691 '1¹rlbunalibus,
1681 4616 1900 4670 Officiis
1934 4615 2234 4666 Romanae
2267 4613 2503 4674 curiae,
2540 4615 2606 4667 29
2638 4615 2786 4676 sept.
2825 4611 2972 4674 1908,
3020 4612 3169 4664 Pars
3205 4610 3289 4671 ΙΙ,
3336 4609 3487 4661 Nor·

488 4724 618 4763 mae
654 4712 996 4773 peculiares,
1032 4720 1158 4769 cap.
1195 4708 1245 4768 1.
1288 4721 1347 4759 n.
1392 4709 1467 4769 10,
1498 4709 1554 4768 b,
1585 4719 1712 4768 cap.
1748 4705 1885 4766 VII,
1922 4708 2038 4756 art.
2087 4704 2170 4764 11,
2209 4716 2267 4755 n.
2314 4703 2468 4756 60·90.

656 4804 681 4839 ³
718 4802 858 4852 Pius
888 4801 951 4860 X,
985 4801 1168 4851 const.
1207 4814 1238 4848 ι
1267 4797 1536 4858 Sapienti
1568 4795 1811 4847 omnmo
1844 4810 1894 4853 ιι,
1926 4793 1991 4846 29
2025 4794 2146 4845 iun.
2189 4792 2337 4853 1908,
2376 4794 2402 4855 5
2445 4795 2493 4855 1,
2527 4806 2584 4845 n.
2626 4793 2702 4854 30,
2744 4794 2793 4844 1.

655 4898 680 4931 ⁴
718 4892 858 4941 Pius
887 4890 951 4949 X,
986 4892 1169 4940 const.
1205 4903 1234 4937 α
1276 4887 1546 4947 Sapienti
1586 4884 1829 4936 consilio
1862 4901 1912 4944 ιο,
1955 4884 2020 4937 29
2055 4883 2177 4935 iun.
2221 4883 2368 4941 1908,
2408 4884 2434 4944 5
2470 4884 2517 4943 Ι,
2555 4896 2610 4934 ιι.
2644 4883 2720 4942 30,
2753 4882 2802 4942 2,
2838 4893 2896 4931 ιι.
2929 4881 3004 4940 40,
3037 4878 3086 4937 2,
3123 4878 3151 4937 5
3190 4876 3274 4935 11.
3308 4888 3368 4926 n.
3400 4876 3486 4937 1⁸3

492 4984 550 5034 S.
584 4983 647 5033 C.
681 4980 957 5040 consist.,
982 4982 1047 5031 14
1070 4982 1242 5031 mart.
1274 4979 1420 5039 191ος
1440 4977 1505 5029 10
1527 4988 1661 5038 aug.
1695 4975 1843 5036 19103
1867 4975 2155 5030 Romana,
2180 4972 2244 5025 28
2268 4985 2397 5023 nov.
2432 4974 2577 5033 1911:
2607 4971 2766 5023 Ordo
2793 4967 3119 5022 servandus
3151 4966 3214 5017 in
3239 4964 3298 5017 8.
3317 4960 3487 5018 'con-

488 5070 944 5132 gregationibus,
983 5068 1422 5127 Tribunalibus‚
1455 5067 1672 5119 Officiis
1703 5064 2006 5115 Romanae
2033 5062 2268 5121 curiae.
2308 5061 2373 5113 29
2402 5064 2548 5121 sept.
2590 5060 2737 5121 1908,
2776 5060 2939 5110 Pars.
2984 5057 3066 5117 11,
3101 5055 3356 5106 Normae
3384 5064 3485 5114 pe-

487 5162 761 5218 cuuares.
792 5171 919 5220 cap.
955 5159 1004 5220 1,
1034 5171 1091 5209 ιι.
1127 5160 1184 5209 10
1212 5169 1263 5217 c,
1296 5168 1423 5216 cap.
1457 5156 1592 5216 vn,
1623 5157 1740 5208 art.
1776 5153 1895 5214 111,
1935 5164 1994 5203 n.
2028 5151 2244 5203 10⁰·120.

652 5252 677 5285 ³
716 5252 858 5302 Pius
883 5251 948 5311 Χ,
979 5252 1164 5301 const.
1193 5264 1222 5298 α
1249 5246 1517 5308 septena
1549 5244 1794 5297 coneilio
1825 5257 1875 5303 ι,
1905 5243 1970 5295 29
1998 5242 2117 5293 iun.
2145 5239 2292 5301 1908,
2327 5240 2353 5300 5
2383 5240 2433 5300 1,
2459 5251 2517 5290 n.
2545 5239 2621 5297 30,
2654 5237 2703 5298 2,
2735 5237 2785 5295 3:
2813 5235 2870 5288 S.
2904 5234 2969 5286 c.
3004 5231 3281 5292 consist..
3311 5244 3342 5281 ι
3370 5229 3488 5281 Ro-

488 5351 684 5397 mana,
710 5339 776 5392 29
807 5341 924 5390 ian.
952 5340 1098 5399 19092
1121 5338 1279 5390 Ordo
1305 5335 1631 5389 servandus
1658 5335 1721 5385 in
1757 5333 1817 5386 S.
1849 5330 2433 5393 congregationibus,
2464 5326 2902 5384 Tribunalibus,
2933 5321 3150 5375 Officiis
3177 5321 3490 5373 Romanae

486 5432 721 5492 curiae,
753 5429 817 5483 29
854 5432 999 5489 sept.
1030 5428 1178 5487 1908,
1213 5428 1360 5479 Pars
1389 5427 1470 5487 ΙΙ,
1510 5425 1764 5476 Normae
1801 5422 2147 5482 peculiares,
2181 5431 2308 5481 cap.
2351 5417 2487 5478 VII,
2520 5417 2637 5468 art.
2671 5414 2787 5473 111,
2819 5425 2876 5463 n.
2910 5413 3019 5463 110.
