3753 5871
535 291 646 351 572
1682 289 1880 342 Ooaeae
1925 288 2088 340 lou-u
2126 287 2409 341 comitio(

1819 516 1996 582 cAN.
2057 515 2252 581 2100.

727 659 761 741 ξ
799 655 868 725 1.
896 658 1046 727 Pro
1068 658 1551 726 diiudicanda
1583 657 1976 725 validitate
2005 675 2388 741 processus
2417 656 2778 722 habeatur
2804 654 3314 740 congregatio,
3343 671 3506 737 prae-

548 766 882 834 sentibus
930 766 1316 833 cardinali
1358 766 1630 833 Sacrae
1670 766 2285 850 congregationis
2323 764 2737 845 Praefecto,
2789 762 3183 831 cardinali
3224 760 3511 828 Ponente

547 877 624 941 et
663 874 837 941 aliis
878 874 1119 942 tribus
1159 873 1484 941 eiusdem
1526 872 1798 942 Sacrae
1836 872 2452 958 congregationis
2491 871 3017 940 cardinalibus
3066 870 3166 937 ab
3208 871 3369 953 ipso
3401 869 3508 935 Bo

546 998 766 1050 mano
804 980 1165 1049 Pontifice
1193 981 1472 1062 electis,
1515 1000 1797 1048 necnon
1832 980 2272 1063 Secretario,
2311 978 2836 1048 Protonotario
2868 977 3331 1062 Apostolico‚
3372 975 3509 1043 Pro

548 1091 832 1156 motore
870 1086 1199 1173 generali
1239 1087 1412 1155 fidei
1450 1094 1526 1156 et
1567 1088 2196 1171 Sub-promotore.

724 1196 758 1278 ξ
804 1195 872 1263 2.
924 1197 1015 1263 In
1052 1197 1647 1281 congregatione,
1690 1196 2057 1263 referente
2092 1195 2479 1263 cardinali
2527 1196 2881 1276 Ponente,
2926 1193 3258 1278 praelati
3296 1210 3508 1276 supra

544 1303 732 1372 dicti
772 1322 988 1370 suum
1036 1307 1289 1372 votum
1341 1304 1756 1389 proferunt3
1796 1308 1895 1371 et·
1914 1304 2305 1371 Promotor
2345 1302 2711 1386 generalis
2751 1301 2923 1370 fidei
2962 1300 3430 1381 obiectiones‚
3464 1299 3512 1364 sl

548 1428 732 1495 quas
760 1411 1007 1493 habet,
1048 1410 1422 1495 proponit.

725 1518 760 1601 ξ
806 1518 873 1584 3.
926 1519 1069 1585 His
1106 1518 1446 1586 omnibus
1472 1519 1854 1601 discussis,
1891 1520 2155 1587 Patres
2182 1518 2619 1586 Cardinales
2650 1518 3002 1585 iudicium
3037 1517 3321 1599 ferant;
3357 1514 3511 1599 quod

546 1628 613 1693 si
640 1626 874 1694 fuerit
901 1626 1312 1695 favorabile
1340 1630 1417 1695 et
1447 1645 1493 1693 a
1535 1627 1838 1695 Summo
1867 1626 2228 1694 Pontiflce
2259 1625 2801 1707 confirmatum,
2833 1624 3215 1693 decretum
3257 1623 3347 1690 de
3382 1639 3509 1706 pro

543 1751 796 1800 cessus
833 1733 1225 1801 validitate
1261 1732 1418 1801 flat.

1080 2013 1245 2076 Aur.
1294 2012 1408 2076 111.
1458 2049 1533 2060 —
1578 2015 1675 2076 De
1711 2015 1963 2076 iudicio
2010 2032 2217 2094 super
2255 2011 2639 2076 heroicitaio
2676 2014 3007 2076 variacum

1206 2132 1282 2190 in
1323 2129 1532 2208 specie
1573 2129 1674 2190 vel
1714 2147 1925 2209 super
1966 2130 2302 2207 martyrio
2345 2129 2619 2207 eiusque
2656 2146 2887 2191 causa.

1820 2315 1997 2382 cAN.
2048 2314 2244 2381 2101.

725 2460 1193 2544 Disceptatio
1214 2460 1580 2526 virtutum
1609 2477 1753 2525 non
1788 2463 1964 2525 ante
1999 2459 2537 2543 quinquaginta
2565 2475 2801 2525 annos
2828 2477 2871 2523 a
2900 2462 3135 2525 morte
3170 2457 3379 2525 Servi
3404 2454 3509 2520 Dei

548 2567 965 2634 inchoanda-
1002 2572 1140 2633 est.

1814 2691 1991 2757 CAN.
2041 2689 2236 2757 2102.

722 2830 990 2897 Tribus
1035 2830 1731 2915 congregationibus
1770 2830 2235 2914 disceptatur
2269 2830 2361 2897 de
2400 2830 2609 2897 Servi
2658 2830 2798 2897 Dei
2834 2830 3202 2897 virtutum
3248 2824 3503 2896 heroici·

546 2942 703 3006 tate
749 2939 866 3005 vel
907 2939 999 3007 de
1053 2939 1214 3006 eius
1269 2940 1630 3026 martyrio
1674 2940 1977 3023 eiusque
2022 2957 2270 3023 causa;
2316 2939 2600 3006 scilicet
2646 2940 2724 3005 in
2773 2935 3501 3021 antepraeparatorin,

547 3047 1110 3129 praeparatoria
1162 3052 1235 3113 et
1275 3046 1627 3130 generali.

1812 3171 1990 3240 cm.
2040 3171 2236 3239 2103.

723 3315 757 3397 §
805 3317 871 3380 1.
924 3314 1257 3382 Praelati
1295 3312 1640 3381 officiales
1681 3316 1758 3380 et
1790 3313 2254 3381 consultores
2290 3314 2371 3379 in
2421 3313 2750 3397 qualibet
2788 3313 3354 3398 congregatione
3389 3307 3501 3375 suf·

541 3421 790 3506 fragia
829 3422 1112 3506 scripto
1159 3423 1578 3506 proferunt.

722 3530 755 3612 ξ
803 3530 870 3596 2.
922 3529 1327 3615 Postquam
1371 3547 1620 3597 omnes
1662 3529 1984 3613 praelati
2022 3534 2097 3596 et
2143 3528 2605 3596 consultores
2643 3527 3082 3612 suffragium
3124 3546 3337 3594 suum
3375 3540 3498 3609 pro

543 3636 860 3705 tulerint
897 3644 1056 3705 tum
1099 3638 1178 3704 in
1217 3638 1787 3722 congregatione
1826 3636 2571 3720 anteprae‘paratoria
2610 3639 2769 3704 tum
2824 3637 2900 3702 in
2954 3632 3498 3719 praeparatoria,

544 3744 822 3829 singuli
860 3750 1213 3829 poterunt
1261 3749 1530 3813 iterum
1568 3745 1973 3825 declarare,
2014 3749 2409 3827 antequam
2450 3744 2882 3811 dimittatur
2929 3742 3412 3829 congregatio,
3444 3756 3500 3803 se

543 3871 590 3917 a
625 3851 985 3937 suffragio
1018 3853 1166 3919 iam
1210 3853 1369 3921 lato
1412 3852 1769 3920 recedere.

724 3960 757 4040 ξ
804 3960 870 4026 3.
921 3961 1451 4028 conclusiones
1484 3961 1945 4044 singulorum
1989 3961 2512 4044 suffragiorum
2549 3961 2830 4044 scripto
2862 3960 3308 4028 mandentur
3338 3975 3379 4024 a
3408 3954 3495 4021 Se

541 4068 867 4135 cretario
902 4072 978 4135 et
1013 4072 1338 4136 secretae
1374 4072 1781 4152 serventur3
1819 4069 1981 4153 ipsa
2022 4089 2193 4136 vero
2234 4070 2517 4153 scripta
2554 4068 2908 4152 suffragia
2962 4066 3372 4136 Promotori
3410 4079 3492 4146 ge

545 4174 784 4240 nerali
819 4174 990 4241 fidei
1023 4175 1448 4243 tradantur.

1823 4301 2001 4368 CAN.
2062 4301 2257 4366 2104.

720 4441 809 4506 In
855 4439 1103 4505 causis
1145 4439 1648 4506 confessorum
1702 4439 1981 4507 discuti
2032 4440 2252 4506 debet
2291 4439 2643 4506 dubium:
2700 4458 2797 4504 an
2846 4443 3134 4504 constet
3181 4442 3269 4505 de
3312 4433 3490 4500 virtu·

545 4551 745 4616 tibus
779 4548 1318 4626 theoloaalibus
1353 4545 1566 4623 Fide,
1599 4545 1776 4628 Spe,
1822 4546 2158 4614 Caritate
2204 4554 2360 4615 tum
2395 4549 2476 4614 in
2511 4547 2747 4615 Deam
2788 4553 2947 4615 tum
2980 4548 3063 4614 in
3101 4546 3493 4630 provisum,

543 4674 826 4724 necnon
871 4660 960 4723 de
1005 4654 1510 4723 cardinalibus
1568 4656 2007 4734 Prudentia,
2066 4655 2103 4722 I
2106 4656 2400 4735 ustitia,
2450 4656 2996 4737 Temperantia,
3044 4651 3489 4724 For-titudine,

543 4784 941 4847 earumque
977 4763 1284 4831 adnexis
1317 4764 1391 4829 in
1429 4768 1663 4845 prada
1701 4765 1991 4831 heroico
2026 4767 2104 4831 in
2148 4783 2324 4831 casu
2366 4772 2438 4832 et
2470 4768 2566 4831 ad
2600 4766 2943 4850 effectum
2974 4767 3063 4830 de
3097 4782 3242 4849 quo
3270 4760 3491 4847 avitum·

544 4872 621 4935 in
663 4871 911 4937 causis
953 4890 1129 4938 vero
1172 4875 1631 4955 martyrum:
1687 4889 1784 4935 an
1831 4876 2118 4937 constet
2173 4876 2261 4939 de
2307 4873 2668 4956 martyrio
2724 4871 3025 4955 eiusque
3071 4888 3291 4939 caasa
3328 4871 3390 4934 et
3422 4861 3485 4926 de

545 4977 778 5059 siquis
813 4995 940 5042 sea
975 4977 1358 5043 miraculis
1389 4977 1466 5042 in
1515 4994 1686 5042 casu
1734 4983 1806 5043 et
1840 4982 1935 5044 ad
1971 4979 2312 5061 effectum
2349 4984 2438 5047 de
2481 4998 2624 5063 quo
2661 4978 2937 5064 ayitur.

1761 5173 1766 5176 ’
1811 5171 1989 5237 CAN.
2039 5171 2234 5237 2105.

720 5314 1216 5398 congregatio
1272 5315 2011 5399 antepraeparatoria
2073 5316 2387 5382 habetur
2451 5335 2699 5383 coram
2770 5317 3158 5384 cardina-li
3219 5311 3480 5381 ponente
3612 5331 3613 5342 ¹

547 5438 695 5485 una
732 5439 899 5486 cum
946 5422 1305 5504 praelatis
1354 5423 1787 5491 officialibus
1825 5430 1899 5490 et
1939 5423 2514 5491 consultoribus.
