3753 5871
511 128 744 189 autem
785 123 1181 188 sollicitudo
1212 129 1284 188 et
1315 124 1611 204 vigilans
1641 141 1875 189 eorum
1909 142 2078 189 cura
2111 125 2476 205 praecipue
2508 125 2766 189 enituit
2795 142 2951 189 cum
2988 125 3329 190 bellorum
3373 143 3500 190 mo·

511 234 653 311 tus,
688 236 816 295 aut
843 233 1233 311 perturbati
1265 249 1492 295 rerum
1523 232 1955 312 publicarum
1988 233 2265 297 ordines
2293 234 2747 312 suspicionem
2779 232 3168 313 iniicerent,
3203 252 3295 299 ne
3333 251 3505 313 quac
3546 296 3552 305 .

513 355 639 417 pro
674 339 980 402 Romano
1006 339 1342 404 Pontifice
1369 339 1684 420 eligendo
1713 357 1916 404 sacra.
1940 341 2223 405 comitia
2252 342 2488 406 haberi
2512 342 2864 421 deberent,
2901 344 3005 406 vel
3037 359 3162 421 per
3190 347 3504 421 apertam

514 447 648 507 vim
683 447 1007 511 libertate
1037 446 1604 527 destituerentur,
1647 450 1752 512 vel
1793 449 1936 512 alia
1968 449 2210 527 quavis
2250 450 2519 513 ratione
2553 450 2799 514 electio
2829 450 3352 527 deturbaretur,
3387 458 3504 513 aut

511 554 986 634 distineretur,
1021 559 1149 618 aut
1180 554 1323 619 alia
1353 556 1569 620 eidem
1603 556 2062 635 expediendae
2093 558 2581 636 impedimenta
2623 557 3104 622 obiicerentur.
3154 557 3508 636 Siquidem

515 667 683 726 tunc
709 666 1237 726 consentaneum
1273 663 1493 726 visu-m
1520 664 2113 743 diiudicatumque
2134 669 2243 728 est
2274 665 2696 745 impendenti
2722 665 2906 729 malo
2932 665 3512 729 extraordinariis

514 786 869 834 occurrere
911 771 1252 850 remediis,
1294 787 1467 849 quae
1506 772 1990 834 adiunctorum
2029 772 2341 851 gravitas
2377 790 2415 836 e
2453 791 2529 835 re
2567 772 2787 852 magis
2836 791 2982 837 esse
3025 774 3382 851 suaderet,
3434 778 3504 835 ut

513 877 821 954 pericula
875 878 1472 957 propulsarentur,
1520 879 1769 957 quibus
1821 896 1957 958 pax
2004 884 2078 943 et
2119 881 2355 943 unitas
2408 880 2563 958 ipsa
2611 881 2957 944 Ecclesiae
3011 882 3086 942 in
3133 880 3501 943 discrimen

517 986 1009 1048 adducebatur.
1055 985 1286 1047 Huius
1324 1003 1482 1049 vero
1529 984 1900 1065 peculiaris
1938 986 2430 1049 sollicitudinis
2465 985 2908 1050 monumenta.
2944 988 3323 1066 praecipue
3362 1005 3506 1065 sup·

514 1094 762 1180 petunt
804 1092 1094 1153 Romani
1132 1091 1526 1167 Pontifices,
1572 1091 1687 1169 qui
1723 1091 1887 1154 inde
1923 1109 1966 1154 a
2011 1092 2362 1171 superiore
2397 1090 2671 1156 saeculo
2715 1091 3062 1157 Ecclesiae
3100 1092 3384 1155 clavum
3421 1098 3507 1156 te·

511 1214 721 1261 nuere
755 1199 825 1260 in
857 1202 999 1261 tam
1027 1198 1278 1261 misera
1315 1215 1543 1261 rerum
1572 1199 2009 1262 conversione
2044 1216 2125 1261 ac
2163 1200 2704 1277 perturbatione,
2738 1216 2876 1279 qua
2902 1199 3068 1262 haec
3096 1197 3507 1278 praesertim

513 1305 917 1384 Apostolica
968 1306 1177 1368 Sedes
1221 1309 1622 1384 oppugnata
1676 1310 1806 1385 est,
1858 1311 2006 1369 tum
2068 1305 2420 1369 hostilium
2480 1307 2832 1385 copiarum
2880 1306 3303 1385 irruptione,
3368 1312 3508 1370 tum

516 1414 947 1476 internarum
991 1413 1403 1476 seditionum
1448 1413 1772 1481 motibus.
1818 1419 1967 1482 tum
2013 1414 2221 1477 etiam
2268 1414 2721 1492 usurpatione
2762 1413 2989 1506 civilis
3042 1414 3511 1493 principatus⁹

514 1522 652 1598 qui
681 1520 771 1583 ad
812 1520 1101 1583 liberum
1151 1524 1224 1595 et
1270 1519 1735 1598 independens
1776 1519 2142 1599 spiritua-le
2193 1519 2546 1596 Ecclesiae
2582 1521 2904 1599 regimen,
2952 1521 3100 1583 Deo
3139 1521 3242 1583 sic
3288 1523 3514 1599 provi-

513 1628 740 1704 dente,
784 1627 1210 1690 constitutus
1249 1627 1410 1704 fuit;
1450 1644 1585 1705 quo
1625 1631 1933 1705 tempore
1980 1628 2276 1690 Sanctae
2316 1627 2663 1690 Romanae
2705 1627 3050 1691 Ecclesiae
3096 1626 3515 1690 Cardinales

511 1740 640 1798 aut
669 1735 853 1798 Urbe
883 1734 1175 1813 expulsi,
1208 1739 1336 1797 au't
1363 1736 1435 1797 in
1470 1735 1741 1797 diversa
1771 1735 1924 1797 loca
1953 1735 2301 1813 deportati
2336 1739 2520 1812 sunt;
2557 1735 2693 1814 ipsi
2733 1739 2962 1798 autem
2997 1735 3291 1797 Romani
3338 1736 3505 1798 Pon·

514 1843 736 1912 tifices
770 1842 985 1921 impio
1018 1859 1193 1904 ausu
1231 1860 1273 1904 a
1314 1842 1597 1920 propria
1636 1842 1792 1905 sede
1828 1842 2121 1920 abrepti,
2164 1843 2236 1903 in
2278 1842 2559 1904 exilium
2607 1842 2773 1919 acti,
2813 1846 2939 1905 aut
2983 1844 3195 1905 etiam
3245 1844 3327 1904 in
3370 1860 3505 1906 car·

514 1967 733 2013 cerem
782 1949 1046 2012 detrusi
1087 1966 1165 2012 ac
1208 1950 1469 2013 detenti
1522 1953 1708 2012 sunt.
1765 1950 1912 2027 Ipsi
1953 1950 2133 2012 enim
2183 1950 2493 2027 quamvis
2534 1953 2645 2013 tot
2682 1950 3036 2027 tantisque
3072 1950 3512 2013 iactat-entur

516 2060 1002 2134 tempestatum
1042 2056 1390 2134 fluctibus,
1431 2055 1878 2126 nihilktamen
1908 2057 2274 2135 antiquius
2309 2057 2627 2136 habuere,
2668 2072 2895 2135 quam,
2934 2059 3017 2119 ut
3055 2056 3282 2119 futuri
3339 2058 3509 2119 Pon·

514 2163 726 2226 tificis
753 2163 1149 2227 electionem
1185 2164 1259 2224 in
1294 2166 1454 2226 tuto
1484 2168 1838 2243 ponerent,
1868 2168 2019 2226 tum
2054 2164 2147 2227 iis
2181 2180 2357 2242 qua-e
2384 2164 2460 2226 in
2488 2181 2637 2227 eam
2670 2181 2820 2227 rem·
2833 2164 3305 2227 Romanorum
3339 2164 3507 2226 Pon·

514 2271 777 2333 tificum
819 2268 1454 2333 Constitutionibus
1505 2270 1773 2333 sancita
1812 2275 1941 2334 aut
1977 2271 2591 2335 consuetudinibus
2629 2271 2899 2335 invecta
2940 2272 3226 2335 fuerant
3265 2289 3509 2351 oppor-

513 2382 681 2442 tune
716 2378 1129 2457 derogando,
1173 2395 1325 2440 cum
1368 2378 1509 2441 alia
1543 2395 1667 2457 pro
1700 2395 1929 2442 rerum
1972 2378 2322 2441 adiunctis
2363 2379 2711 2457 sapienter
2743 2377 3228 2441 constituendo
3259 2379 3511 2455 quibus

514 2485 756 2549 electio
792 2485 1083 2549 celerius
1117 2490 1189 2549 et
1222 2485 1502 2548 facilius
1539 2485 1846 2565 expediri
1886 2485 2282 2565 absolvique
2316 2489 2569 2565 posset.

699 2594 796 2656 At
831 2609 990 2655 vero
1022 2597 1104 2656 ut
1146 2610 1272 2671 pro
1317 2610 1446 2655 sua
1481 2595 1712 2663 aetate
1755 2570 2321 2657 Praedecessores
2364 2593 2629 2670 Nostri,
2666 2593 2770 2656 ita
2807 2592 2951 2655 Nos
2983 2593 3194 2655 immo
3232 2609 3401 2656 vero
3438 2611 3512 2654 eo

516 2700 735 2778 magis
769 2699 1120 2762 devinctos
1154 2704 1227 2762 et
1261 2699 1630 2763 obstrictos
1667 2700 1803 2779 ipsi
1845 2700 2181 2765 sentimus
2217 2700 2448 2764 debito
2482 2698 2883 2763 consulendi
2920 2704 3148 2763 certae
3194 2704 3271 2763 et
3315 2718 3504 2778 expe

521 2808 710 2871 ditae
735 2807 1170 2871 Successoris
1187 2807 1427 2869 Nostri
1458 2808 1801 2887 electioni,
1830 2825 1967 2886 quo
1991 2808 2331 2871 saeviores
2354 2807 2805 2886 perspicimus
2829 2808 3148 2886 ingruere
3180 2802 3514 2869 adversus

515 2915 778 2978 Christi
815 2913 1193 2978 Ecclesiam
1231 2916 1720 2992 tempestatum
1759 2918 1996 2979 aestus
2031 2918 2103 2978 et
2140 2914 2443 2977 acriores
2477 2914 2775 2977 hostium
2812 2911 2887 2976 in
2925 2913 3072 2977 dies
3117 2914 3512 2992 experimur

515 3026 807 3099 conatus
836 3027 908 3086 et
933 3023 1232 3100 impetus
1256 3022 1588 3085 adversus
1619 3022 1792 3084 hanc
1831 3021 2156 3084 Sanctam
2190 3021 2450 3096 Sedem;
2483 3037 2617 3098 quo
2644 3021 2866 3100 magis
2892 3038 3011 3083 sus
3034 3021 3257 3098 deque
3282 3023 3512 3083 omnia

517 3147 715 3193 versa·
753 3134 826 3194 et
868 3131 1311 3209 perturbatos
1349 3129 1657 3195 videmus
1696 3128 2009 3208 publicos
2048 3146 2274 3192 rerum
2316 3129 2615 3206 ordines,
2659 3129 2767 3191 ita
2804 3132 2885 3192 ut
2932 3128 3183 3191 anxius
3230 3130 3516 3192 haemt

516 3237 789 3300 animus
832 3241 905 3301 et
948 3236 1200 3316 pavida
1233 3254 1426 3300 mens
1459 3237 1727 3300 incerta
1771 3240 2052 3300 maneat
2090 3236 2253 3313 quid
2301 3236 2569 3298 demum
2607 3235 2852 3298 futura
2886 3240 3199 3313 tempora
3239 3241 3512 3313 porten-

523 3347 716 3409 dant.
763 3345 1088 3420 Quamvis
1127 3346 1366 3423 itaque
1413 3345 1542 3408 Dei
1581 3343 2154 3423 promissionibus
2190 3343 2455 3423 confisi,
2498 3344 2698 3406 cuius
2734 3345 2808 3405 in
2850 3342 3248 3405 humilitate
3289 3345 3517 3406 cordis

518 3453 757 3515 Nostri
785 3468 1133 3530 nunquam
1168 3450 1567 3513 desistimus
1591 3450 1964 3528 implora-re
1988 3466 2206 3527 opem,
2242 3454 2433 3511 certa-
2466 3447 2839 3511 fulciamur
2871 3466 2991 3526 spe
3015 3448 3166 3510 iore
3193 3454 3282 3513 ut
3305 3451 3515 3513 etiam

516 3560 590 3621 in
621 3560 967 3639 praesenti
999 3558 1393 3621 discrimine
1423 3575 1546 3620 suo
1576 3557 2030 3636 omnipotenti
2060 3556 2407 3635 praesidio
2435 3555 2784 3619 Ecclesiae
2812 3556 3118 3634 Sponsae
3146 3573 3322 3620 suae
3360 3558 3517 3635 Ipse

517 3667 723 3745 adsit;
769 3666 1217 3729 nihilominus
1261 3664 1755 3743 perpendentes
1791 3665 1950 3731 hinc
1986 3665 2317 3734 caducum
2362 3668 2438 3726 et.
2472 3662 2746 3726 labilem
2794 3665 3131 3726 humanae
3166 3663 3361 3728 vitae
3398 3664 3513 3725 flu·

517 3792 702 3852 xum,
734 3775 894 3837 inde
925 3777 1154 3837 autem
1185 3771 1605 3850 multiplices
1637 3771 1863 3835 obices
1896 3773 2011 3850 qui
2044 3776 2171 3835 aut
2201 3770 2515 3835 electioni
2551 3771 2791 3833 Nostri
2834 3769 3272 3839 Successoris
3306 3771 3511 3835 inter·

517 3883 774 3961 cedere,
816 3885 942 3944 aut
972 3881 1187 3945 eidem
1218 3897 1477 3942 moram
1517 3880 1764 3943 afferre
1804 3883 2082 3957 queant,
2121 3879 2263 3942 sive
2300 3877 2444 3940 Nos
2475 3895 2864 3956 supremum
2896 3877 3071 3939 diem
3108 3877 3225 3939 bic
3261 3879 3515 3941 Romae

518 3991 836 4052 claudere
865 3990 1225 4067 contingat
1254 3988 1326 4048 in
1359 3985 1591 4050 eadem
1622 3988 1695 4049 in
1730 4004 1865 4065 qua
1898 4004 2080 4048 nunc
2111 4002 2462 4050 versamur
2492 3985 2908 4062 conditione,
2951 3985 3074 4047 sub
3112 3985 3367 4048 hostili
3408 3986 3512 4048 do—

517 4097 894 4160 minatione
917 4096 1335 4158 constitutos
1359 4099 1433 4158 et
1460 4095 1761 4172 undique
1793 4095 2175 4157 innumeris
2196 4095 2562 4172 impeditos
2593 4093 2889 4169 insidiis3
2924 4093 3063 4155 sive
3089 4096 3247 4156 tum
3276 4094 3511 4158 Nobis.

515 4208 665 4266 tum
706 4204 916 4266 Sacro
955 4201 1431 4265 Gardinalium
1468 4201 1775 4281 Collegio
1808 4202 2129 4281 graviora
2164 4201 2386 4265 adhuc
2423 4200 2719 4278 experiri
2756 4216 2840 4262 ac
2877 4200 3137 4278 perpeti
3190 4201 3506 4291 ααιὶᾱῃε

518 4313 659 4374 sive
687 4314 953 4375 demum
988 4296 1178 4374 exilii
1212 4311 1348 4373 iter
1374 4309 1681 4388 arripere
1707 4327 2066 4388 cogamur,
2089 4310 2319 4388 ibique
2350 4327 2433 4371 ex
2459 4305 2776 4370 mortalis
2802 4306 3010 4369 huius
3035 4307 3226 4370 vitae
3252 4325 3512 4371 aerum·

522 4420 634 4482 nis
678 4420 768 4481 ad
815 4423 1164 4482 aeternam
1205 4436 1437 4496 pacem
1486 4417 1631 4480 Nos
1668 4435 1910 4481 vocare
1959 4418 2107 4480 Deo
2144 4417 2446 4494 libuerit;
2486 4416 2893 4479 conveniens
2931 4419 3005 4478 et
3049 4418 3522 4479 necessarium

517 4527 972 4589 iudicavimus
1015 4544 1094 4591 ea
1141 4526 1564 4590 constituere
1619 4542 1794 4604 quae
1850 4542 1978 4604 pro
2023 4542 2306 4588 casuum
2363 4524 2723 4603 varietate,
2782 4523 3033 4601 quibus
3077 4529 3513 4601 praevertere

518 4636 815 4697 humano
881 4634 1172 4698 consilio
1235 4635 1461 4712 licuit,
1527 4633 1601 4695 in
1668 4632 2001 4697 electione
2047 4632 2287 4696 Nostri
2335 4632 2761 4695 Successoris
2830 4630 3090 4694 servari
3162 4630 3510 4696 deberent.

519 4744 964 4806 Inhaerentes
1000 4743 1237 4819 itaque
1273 4739 1879 4805 Praedecessorum
1915 4741 2322 4803 Nostrorum
2363 4739 2697 4818 vestigiis,
2737 4738 3108 4816 implorato
3145 4738 3356 4818 prius
3382 4756 3513 4804 coe-

520 4851 677 4913 lesti
716 4849 972 4914 lumine
1005 4854 1078 4914 et
1109 4849 1454 4927 exquisito
1489 4847 1780 4911 consilio
1814 4849 2187 4928 peculiaris
2223 4846 2795 4926 congregationis
2831 4845 3130 4910 Sanctae
3168 4847 3525 4912 Romanae>

519 4954 864 5021 Ecclesiae
903 4955 1404 5035 Cardinalium,
1438 4961 1628 5020 certa·
1663 4957 1903 5020 scienti
1911 4975 1954 5019 a
1985 4961 2056 5020 et
2094 4956 2374 5035 proprIo
2409 4958 2596 5018 motu
2634 4955 2718 5019 de
2756 4954 3192 5033 plenitudine
3223 4958 3511 5036 Aposto-

397 5068 399 5070 ’
518 5067 691 5128 licae
723 5066 1091 5144 potestatis
1125 5067 1288 5129 haec
1325 5083 1498 5144 quae
1531 5068 1915 5142 sequuntur
1946 5063 2392 5127 decernimus.
