3753 5871
489 334 622 378 xxx
1629 317 1826 368 Οοᾶοο
1872 315 2034 368 luris
2072 316 2354 369 Οοποπίοί

488 517 591 583 iis
631 508 1150 596 adsumme,
1204 509 1771 594 quam-raama·
1806 470 2064 576 'rerum
2102 509 2335 577 etatae
2367 510 2695 578 utiliores
2730 510 2796 577 et
2822 486 3495 582 accommodatiores

487 651 940 719 videbuntur.

669 822 705 857 «
737 796 1086 863 Rationes
1119 794 1512 880 postulati:
1557 793 1629 861 1⁴
1659 793 1985 861 Facilior
2018 796 2082 861 et
2111 796 2552 863 communior
2580 796 2904 864 evaderet
2933 798 3236 882 coynitio
3266 799 3496 868 huius

482 939 698 1020 iuris,
744 956 933 1022 quae
978 955 1175 1003 nunc
1206 954 1394 1019 pene
1451 935 1866 1004 innumeris
1923 934 2546 1004 constitutionibus
2610 942 2675 1004 et
2734 936 3132 1005 canonibus
3190 939 3490 1008 constat.

482 1075 555 1145 2⁰
599 1077 844 1146 Multa
873 1079 957 1143 in
986 1077 1528 1146 desuetudinem
1550 1075 1903 1158 abierunt,
1928 1077 2039 1144 vel
2057 1076 2537 1161 impossibilia
2561 1079 2761 1162 facta
2783 1081 2974 1163 sunt,
3003 1080 3111 1147 vel
3141 1081 3224 1146 in
3255 1084 3496 1149 mami-

484 1239 686 1285 mum
729 1218 1089 1285 Ecclesiae
1133 1217 1394 1286 bonum
1437 1217 1716 1284 mutari
1750 1219 2063 1301 possunt
2097 1243 2159 1283 ».

664 1356 948 1429 Deinde
995 1357 1245 1446 plures
1293 1356 1553 1428 Italiae
1601 1355 1889 1427 mediae
1925 1355 2300 1446 Episcopi:
2338 1387 2375 1422 «
2408 1360 2511 1426 Ne
2538 1359 2888 1429 studiosis
2915 1364 3258 1431 scientiae
3285 1382 3497 1432 cano·

483 1505 692 1570 nicae
733 1503 872 1569 iter
915 1502 1328 1571 scabrosum
1372 1503 1599 1570 nivnis
1632 1464 2142 1587 peraqendum'
2175 1503 2293 1585 sit,
2326 1501 2405 1569 ob
2451 1504 2700 1569 molem
2730 1522 2984 1571 emm
3020 1504 3271 1590 leyum,
3303 1525 3497 1591 quae

480 1649 637 1715 iam
681 1645 1081 1728 obsolevere,
1101 1646 1362 1731 petunt
1395 1648 1473 1712 ut
1522 1642 1797 1728 Corpus
1839 1645 2038 1712 iuris
2082 1645 2413 1712 canonici
2458 1664 2681 1730 quam
2725 1645 3277 1731 diliqentissimc
3306 1668 3496 1716 reco-

477 1791 871 1877 9noscatur
902 1815 962 1855 ».
2161 1880 2169 1886 ·

664 1930 846 2001 Tres
892 1929 1210 2019 denique
1257 1935 1331 2000 et
1376 1928 1678 2019 triginta
1724 1948 1813 1999 ex
1862 1928 2088 1998 variis
2152 1928 2355 2000 orbis
2416 1928 2843 2020 regionibus
2904 1930 3249 2021 Episcopi
3312 1933 3491 2004 huic

480 2074 859 2165 postulato
907 2072 1539 2161 subscripserunt:
1592 2100 1628 2134 «
1677 2073 1759 2141 Ut
1800 2073 2318 2141 ecclesiasticae
2350 2074 2529 2159 leves
2570 2074 2656 2142 in
2698 2095 2949 2159 mres,
2995 2078 3079 2144 in
3124 2078 3372 2160 vitam,
3404 2079 3491 2145 in

478 2219 822 2288 instituta
866 2218 1435 2287 christianorum
1468 2216 1910 2302 populorum
1955 2235 2172 2284 suam
2203 2216 2565 2284 cumulate
2610 2220 2946 2287 exserant
2984 2221 3488 2304 efficacitatem,

453 2361 670 2433 ,nihil
709 2362 1025 2445 profecto
1071 2360 1680 2429 accommodatius
1723 2362 1827 2427 est
1871 2359 2197 2444 nihilque
2241 2362 2741 2443 opportunius,
2773 2381 2998 2447 quam
3044 2363 3114 2430 si
3171 2364 3491 2446 sapienti

477 2505 731 2573 ordine
776 2505 1091 2590 dipestae
1134 2508 1220 2573 in
1264 2524 1499 2573 unum
1542 2503 1848 2573 codicem
1894 2504 2352 2589 colliqantur,
2399 2504 2502 2571 ad
2546 2457 2758 2572 citius
2804 2525 3136 2573 normam
3180 2524 3488 2575 sacrum

480 2650 603 2716 ius
646 2651 711 2715 et
754 2648 1047 2716 dicatur
1089 2650 1177 2716 in
1219 2649 1376 2732 foro
1420 2648 1482 2715 et
1529 2648 1875 2716 tradatur
1919 2650 2004 2716 in
2046 2648 2308 2717 scholis
2353 2651 2417 2717 et
2459 2650 2545 2717 in
2589 2668 2773 2716 usus
2817 2647 3282 2736 quotidianos
3326 2651 3488 2718 reli-

473 2792 669 2876 9iose
712 2791 1133 2860 deducatur.
1185 2790 1383 2874 Quod
1423 2810 1588 2872 cum
1621 2790 1841 2875 probe
1883 2792 2229 2859 sentirent
2272 2791 2594 2860 Bouiani
2638 2790 3014 2877 Pontifices
3057 2793 3262 2860 nullo
3323 2796 3490 2860 tem-

479 2957 651 3022 pore
695 2937 1199 3005 commiserunt
1245 2937 1326 3003 ut
1355 2937 1683 3020 ipsorum
1711 2933 2107 3021 viqilantia
2134 2937 2198 3001 et
2212 2993 2215 2996 .
2219 2934 2623 3020 prudentia
2676 2935 2762 3003 in
2790 2935 2934 3007 hac.
2944 2938 3162 3021 parte
3200 2939 3485 3006 deesset.

483 3080 641 3147 Huc
682 3099 864 3148 sane
907 3080 1248 3164 spectavit
1294 3079 1762 3147 Innocentius
1806 3077 1947 3161 ΙΠ,
1993 3079 2133 3145 huc
2175 3078 2549 3146 Honorius
2591 3078 2727 3161 ΙΙΙ,
2759 3098 3070 3164 quorum
3101 3081 3187 3148 in
3216 3099 3487 3148 curan-

478 3223 598 3292 dis
642 3223 1127 3291 Decretalium
1178 3221 1719 3291 Collectionibus
1762 3222 2228 3291 electissimae
2271 3242 2491 3291 curae
2523 3223 2924 3307 praeclara
2972 3224 3210 3292 adhuc
3240 3245 3489 3293 monu-

481 3371 721 3435 menta
780 3367 1190 3452 suppetunt.
1260 3366 1477 3448 Quem
1532 3386 1693 3433 vero
1757 3366 1925 3433 latet
1970 3365 2058 3434 de
2115 3384 2334 3434 sacra
2391 3365 2988 3452 iurisprudentia
3033 3387 3255 3454 quam
3315 3367 3484 3437 bene

477 3512 818 3580 meruerit
869 3510 1258 3597 Greqorius
1303 3510 1431 3594 IX,
1476 3512 1689 3579 cuius
1732 3510 2095 3596 auspiciis
2139 3513 2204 3578 et
2247 3529 2374 3594 ope
2418 3513 2482 3577 et
2526 3511 2950 3579 auctoritate
2979 3513 3492 3597 amplissimus

477 3653 842 3739 Pontificii
882 3653 1078 3722 iuris
1111 3653 1340 3721 ‘codex
1383 3652 1622 3721 editus
1664 3653 1766 3721 est
1782 3657 1821 3719 Ρ
1863 3654 2106 3739 Neque
2153 3655 2392 3722 minor
2433 3651 2768 3720 habenda
2813 3656 2915 3721 est
2953 3656 3204 3739 qratia
3257 3655 3486 3723 Boni-

474 3798 669 3882 facio
728 3794 917 3878 VIII,
964 3797 1095 3883 qui
1138 3815 1323 3879 opus
1374 3796 1699 3880 Greqorii
1740 3794 2112 3862 uberrima
2156 3796 2372 3881 atque
2401 3795 2485 3860 in
2518 3797 2791 3878 primis
2819 3798 3228 3880 opportuna
3266 3816 3493 3865 acces-

474 3941 675 4008 sione
720 3939 1004 4021 ditavit,
1049 3939 1365 4023 perfecit.

659 4109 696 4144 «
730 4081 872 4150 Sed
897 4082 1034 4150 hae
1054 4082 1408 4166 providae
1430 4100 1650 4148 curae
1682 4079 2146 4148 Summorum
2169 4079 2617 4166 Pontificum,
2650 4085 2985 4168 quamvis
3026 4086 3492 4167 superiorum

475 4227 871 4312 temporum
916 4225 1399 4294 commoditati
1433 4225 1663 4309 plane
1708 4227 1894 4293 satis
1936 4225 2234 4309 fuerint,
2287 4225 2578 4311 aliquid
2637 4227 2881 4294 tamen
2943 4228 3173 4294 aetate
3233 4228 3490 4294 nostra

473 4371 886 4439 desiderare
920 4371 1340 4455 patiuntur.
1387 4369 1626 4455 Neque
1670 4371 1943 4436 mirum
1988 4369 2334 4454 cuiquam
2379 4389 2527 4436 esse
2571 4368 2783 4452 debet,
2814 4370 2884 4437 si
2906 4389 3311 4455 parumper
3331 4390 3491 4438 con-

471 4514 732 4583 sideret
791 4514 1309 4598 disciplinares
1372 4513 1557 4598 leues
1614 4514 1868 4580 variae
1915 4514 2314 4596 temporum
2359 4514 2754 4581 conditioni
2805 4514 2912 4582 sic
2956 4515 3491 4583 accommodari

471 4661 805 4743 oportere,
855 4662 933 4725 ut
982 4656 1381 4725 labentibus
1426 4656 1654 4724 annis
1710 4657 2203 4739 immutentur,
2252 4658 2591 4741 novisque
2649 4656 3176 4725 obvenientibus
3233 4660 3489 4728 causis

471 4806 902 4888 auqeantur.
963 4803 1196 4884 Quare
1245 4801 1504 4885 plures
1564 4800 2061 4870 Romanorum
2129 4800 2558 4887 Pontificum
2623 4799 3176 4870 Constitutiones
3235 4801 3489 4870 Decre-

471 4949 684 5033 taque
748 4948 1229 5017 Conciliorum
1286 4948 1372 5014 in
1436 4945 1712 5031 Corpus
1755 4946 1951 5016 iuris
2003 4948 2339 5015 canonici
2396 4946 2721 5013 nondum
2778 4946 2997 5014 illata
3054 4950 3245 5030 sunt,
3294 4968 3487 5034 quae

470 5090 709 5156 tamen
756 5089 1091 5174 dispersa
1134 5109 1282 5156 non
1327 5090 1629 5174 evaaari
1673 5090 1978 5172 diutius,
2012 5108 2175 5155 cum
2219 5088 2683 5172 iudiciorum,
2718 5091 2870 5157 tum
2915 5091 3258 5158 scientiae
3288 5093 3488 5160 iuris

467 5252 892 5318 maynopere
935 5234 1248 5301 interest.
1310 5232 1502 5300 Nam
1572 5232 1930 5318 quamdiu
1988 5232 2075 5297 in
2121 5231 2462 5315 pluribus
2522 5232 2984 5316 documentis,
3055 5234 3277 5300 veluti
3331 5233 3485 5301 dis-

466 5378 649 5445 iecta
717 5377 1038 5459 corpo-ris
1105 5375 1440 5458 membra,
1495 5378 1818 5461 sparsim
1886 5377 2519 5460 circumferuntur,
2585 5376 2872 5459 difficile
2939 5376 3063 5460 est,
3137 5397 3288 5463 qua
3337 5377 3479 5446 late

465 5525 659 5609 patet
713 5522 1163 5590 christianus
1215 5522 1425 5606 orbis,
1475 5524 1610 5590 rite
1655 5542 1706 5590 a
1765 5522 2041 5590 cunctis
2085 5522 2442 5609 dionosci;
2487 5524 2549 5588 et
2593 5523 2663 5590 si
2706 5522 3250 5607 dionoscantur,
3295 5543 3478 5608 opus
