3753 5871
581 259 692 320 532
1718 260 1917 312 0060oe
1960 258 2123 311 luris
2162 260 2445 313 Gamo·

764 445 799 528 ξ
845 446 912 512 4.
961 445 1048 517 si
1100 451 1444 515 neutrum
1498 447 1880 532 probetur,
1929 448 2179 533 iudex,
2229 467 2380 518 non
2429 449 2772 518 obstante
2821 449 3032 518 tertii
3081 448 3557 534 oppositione,

588 552 998 621 sententiae
1031 554 1572 621 exsecutionem
1607 554 1985 623 decernat.

1851 706 2028 775 ΟΑΝ.
2079 706 2273 775 1900.

758 829 1107 897 Admissa
1155 830 1546 913 instantia,
1590 829 1657 898 si
1698 831 2082 915 oppositor
2129 849 2347 916 agere
2386 830 2569 900 velit
2619 831 2701 899 in
2741 830 2980 917 gradu
3020 829 3565 915 appellationis,

587 940 885 1004 tenetur
925 937 1211 1022 legibus
1251 955 1388 1022 pro
1437 938 1939 1023 appellatione
1982 939 2312 1024 statutis;
2355 939 2422 1007 si
2465 957 2715 1007 coram
2757 940 2921 1024 ipso
2959 938 3204 1007 iudice
3247 938 3384 1022 qui
3424 955 3565 1004 sen·

585 1043 898 1110 tentiam
939 1044 1144 1127 tulit,
1184 1045 1480 1127 regulae
1520 1045 1926 1114 servandae
1957 1050 2136 1115 sunt
2166 1065 2304 1132 pro
2341 1048 2591 1115 causis
2623 1046 3120 1115 incidentibus
3150 1046 3409 1113 datae.

1847 1204 2029 1273 OAN.
2078 1204 2273 1273 19⁰1.

759 1326 1006 1395 Oausa
1030 1329 1125 1396 ab
1150 1329 1574 1413 oppositore
1594 1329 1820 1411 victa,
1858 1329 2229 1397 sententia
2254 1332 2477 1398 antea
2504 1330 2664 1399 lata
2694 1328 3054 1397 mutanda
3081 1332 3200 1397 est
3228 1346 3282 1396 a
3308 1327 3566 1407 iudice,

587 1435 984 1502 secundum
1035 1436 1484 1521 oppositoris
1523 1436 1989 1505 instantiam

1770 1682 2195 1753 TITULUS
2234 1684 2387 1751 XV.

1141 1827 1246 1895 De
1289 1846 1370 1895 rc
1412 1825 1724 1894 iudicata
1768 1829 1842 1894 et
1886 1826 1972 1895 de
2016 1827 2474 1895 restitutione
2516 1828 2597 1895 in
2638 1828 3022 1911 integrum.

1856 2007 2035 2076 om.
2095 2008 2289 2076 1902.

756 2116 905 2185 Res
937 2116 1270 2184 iudicata
1302 2114 1660 2184 habetur:

844 2225 942 2290 1.⁰
985 2224 1291 2308 Duplici
1342 2223 1714 2293 sententia
1752 2223 2140 2309 conformi5

844 2330 942 2398 2.⁰
989 2331 1379 2400 Sententia
1407 2332 1615 2399 intra
1643 2329 1831 2400 utile
1864 2334 2158 2417 tempus
2189 2351 2337 2400 non
2371 2332 2771 2417 appellata3
2804 2336 2940 2401 aut
2983 2351 3192 2419 quae,
3229 2333 3425 2403 licet
3463 2350 3571 2418 ap·

583 2438 863 2524 pellata
891 2457 1140 2507 coram
1170 2439 1412 2507 iudice
1442 2458 1489 2507 a
1518 2454 1692 2522 quo,
1725 2439 2021 2509 deserta
2048 2440 2201 2510 fuit
2233 2458 2483 2508 coram
2521 2441 2765 2510 iudice
2792 2445 2889 2509 ad
2926 2458 3163 2527 quom,-

842 2545 941 2615 3.⁰
987 2546 1375 2616 Sententia
1405 2546 1794 2617 definitiva
1826 2548 2072 2629 unica,
2110 2566 2157 2615 a
2192 2566 2341 2633 qua
2373 2567 2522 2616 non
2555 2549 2783 2616 datur
2825 2549 3232 2634 appellatio
3266 2551 3377 2618 ad
3423 2569 3571 2618 nor·

584 2671 776 2721 mam
815 2672 980 2721 can.
1016 2654 1189 2722 1880
1239 2652 1290 2720 ¹.
2010 2704 2011 2707 ,

1844 2763 2023 2832 ΟΛΝ.
2075 2762 2270 2831 1903.

757 2886 1154 2973 Nunquam
1199 2890 1593 2956 transeunt
1626 2886 1707 2954 in
1744 2904 1897 2956 rem
1942 2886 2349 2956 iudicatam
2384 2905 2653 2957 causae
2687 2887 2780 2957 de
2825 2891 3031 2957 statu
3071 2905 3576 2973 personarum

582 2994 710 3063 sed
751 3001 855 3063 ex‘
875 2994 1162 3080 duplici
1201 2995 1572 3064 sententia
1606 2995 1974 3064 conformi
2020 2997 2101 3063 in
2141 2996 2259 3063 his
2303 2995 2552 3063 causis
2588 2996 3091 3082 consequitur,
3133 2999 3223 3065 ut
3259 2997 3574 3066 ulterior

582 3102 993 3187 propositio
1043 3120 1190 3171 non
1236 3102 1501 3171 debeat
1558 3103 1885 3182 admitti,
1938 3103 2085 3171 nisi
2146 3104 2355 3171 novis
2407 3104 2724 3189 prolatis
2770 3104 3174 3189 iisdemque
3221 3106 3575 3190 gravibus
3672 3141 3673 3158 κ

580 3210 1041 3294 argumentis
1067 3210 1186 3278 vel
1221 3209 1682 3279 documentis
1725 3209 1776 3275 ³.
3672 3203 3673 3206 ’

1841 3336 2019 3405 om.
2080 3336 2275 3405 1904.

567 3481 582 3498 “
758 3460 793 3543 ξ
840 3462 906 3528 1.
955 3458 1102 3528 Res
1149 3459 1483 3529 iudicata
1529 3460 2130 3546 praesumptione
2177 3460 2367 3529 iuris
2417 3467 2490 3530 et
2539 3461 2631 3530 de
2689 3461 2853 3529 iure
2900 3460 3216 3528 habetur
3272 3478 3467 3529 vera
3509 3464 3574 3527 et

579 3567 784 3636 iusta
814 3586 947 3636 nec
976 3567 1401 3653 impugnari
1432 3567 1711 3637 directe
1750 3572 1997 3653 potest
2045 3566 2099 3633 ³.

758 3674 792 3756 5
839 3674 905 3740 2.
954 3676 1172 3744 Facit
1195 3677 1316 3744 ius
1343 3675 1542 3745 inter
1567 3679 1819 3761 partes
1842 3680 1919 3745 et
1939 3677 2075 3745 dat
2095 3678 2596 3763 exceptionem
2621 3677 2717 3745 ad
2740 3675 3281 3762 impedienda-m
3308 3692 3569 3745 novam

582 3779 904 3850 eiusdem
939 3801 1208 3852 causae
1237 3783 1862 3853 introductionem
1895 3782 1945 3853 ⁴.

1846 3945 2023 4014 ΟΑΝ.
2072 3944 2269 4012 1905.

759 4066 793 4149 ς
840 4067 907 4133 1.
955 4067 1331 4136 Adversus
1367 4068 1807 4137 sententiam
1847 4072 2111 4137 contra
2147 4085 2366 4154 quam
2401 4087 2549 4136 non
2584 4069 2937 4152 suppetat
2966 4063 3444 4133 ordinarium
3476 4081 3566 4130 ne

582 4174 901 4243 medium
930 4175 1456 4260 appellationis
1485 4181 1619 4244 aut
1658 4177 1997 4262 querelae
2037 4175 2439 4258 nullitatis,
2472 4174 2700 4242 datur
2732 4172 3132 4243 remedium
3164 4169 3567 4242 extraordi-

576 4286 868 4352 narium
899 4285 1399 4353 restitutionis
1425 4285 1506 4353 in
1538 4286 1911 4371 integrum
1940 4287 2148 4354 intra
2174 4283 2358 4352 fines
2383 4302 2548 4351 can.
2582 4282 2778 4365 1687,
2815 4282 3014 4366 1688,
3043 4281 3459 4350 dummodo
3485 4278 3565 4346 de

577 4393 896 4463 evidenti
924 4394 1303 4461 iniustitia
1331 4395 1437 4462 rei
1464 4395 1838 4462 iudicatae
1866 4393 2266 4462 manifesto
2294 4395 2586 4462 constet
2615 4391 2667 4459 ⁸.

763 4615 784 4651 ¹
822 4617 886 4668 G.
919 4615 1002 4676 32,
1034 4616 1100 4675 x,
1137 4615 1209 4665 de
1240 4613 1520 4663 electione
1550 4618 1609 4665 et
1649 4613 1821 4665 electi
1852 4613 2166 4671 potestate,
2201 4612 2252 4672 1,
2285 4611 2335 4674 6:
2372 4623 2423 4664 c.
2454 4612 2538 4673 13,
2571 4613 2656 4674 15,
2687 4613 2753 4673 Χ,
2790 4614 2860 4663 de
2893 4611 3191 4662 sententia
3234 4615 3296 4663 et
3330 4622 3402 4661 rc
3430 4609 3563 4660 iudi-

585 4706 739 4762 cata,
767 4705 848 4765 11,
873 4706 956 4769 273
978 4718 1029 4758 c.
1063 4707 1112 4767 4,
1145 4707 1211 4767 x,
1243 4707 1314 4756 ae
1339 4700 1853 4764 appellationibus,
1882 4701 2352 4754 recusationibus
2384 4706 2444 4755 et
2470 4701 2877 4762 relationibus,
2907 4702 2991 4763 11,
3020 4702 3102 4755 28.
3120 4701 3363 4754 -Vide
3394 4701 3561 4755 etism

581 4805 711 4845 can.
739 4794 886 4847 1736.
1651 4783 1684 4802 ““

683 4867 700 4878 “
752 4889 780 4926 ¹
826 4885 972 4938 Vide
1002 4887 1183 4938 etlam
1217 4897 1347 4937 can.
1389 4884 1536 4937 1989.

757 4980 784 5016 ³
824 4976 889 5028 0.
926 4976 978 5036 6,
1015 4976 1080 5028 0.
1126 4975 1230 5036 VI,
1265 4988 1320 5037 q.
1352 4976 1402 5036 43
1436 4986 1486 5026 c.
1519 4976 1603 5034 11,
1633 4975 1700 5034 X,
1738 4976 1809 5026 de
1843 4973 2109 5032 arbitris,
2147 4975 2197 5035 1,
2243 4975 2326 5037 43:
2358 4986 2409 5026 c.
2440 4973 2525 5035 13,
2555 4973 2639 5034 16,
2668 4973 2737 5034 X,
2775 4974 2846 5025 de
2880 4971 3177 5025 sententia
3210 4979 3277 5026 st
3321 4987 3394 5027 rc
3428 4971 3560 5022 iudi·

585 5067 740 5124 cata,
775 5065 858 5127 11,
894 5066 975 5117 27.

754 5161 784 5199 ⁴
823 5158 888 5211 C.
922 5157 1004 5218 16,
1034 5157 1100 5218 X,
1139 5158 1210 5207 de
1238 5154 1533 5206 sententia
1562 5159 1621 5207 et
1648 5166 1714 5206 re
1741 5154 2026 5213 iudicata,
2059 5155 2141 5215 11,
2179 5155 2261 5206 27.

754 5253 780 5288 ⁸
826 5249 890 5302 O.
939 5249 990 5309 2,
1021 5249 1072 5309 5,
1104 5248 1171 5308 Χ,
1213 5247 1285 5298 ie
1322 5246 1386 5295 in
1421 5245 1715 5307 inicorum
1749 5245 2146 5304 restitutione,
2186 5246 2235 5307 1,
2274 5247 2357 5308 41;
2403 5244 2461 5299 S.
2494 5245 2559 5297 C.
2591 5245 2679 5305 0.,
2718 5242 2808 5293 De
2848 5242 3135 5304 Yuoatan,
3170 5244 3240 5296 27
3278 5246 3388 5296 iul.
3426 5240 3555 5298 lm

581 5340 660 5393 ad
696 5342 746 5402 13
773 5339 1031 5401 Regulae
1065 5337 1391 5391 servandae
1420 5339 1485 5389 in
1515 5338 1753 5390 iudiciis
1780 5336 1942 5398 apud
1973 5335 2237 5397 Suprem.
2274 5335 2629 5398 signatur-ae
2666 5336 2776 5395 Ap.
2809 5334 3115 5394 Tribunal,
3145 5333 3182 5386 6
3208 5335 3391 5385 mart.
3424 5328 3552 5384 1912.

583 5430 699 5482 art.
734 5429 786 5481 9.
