3753 5871
523 343 659 388 1111
1661 331 1857 385 Codeo
1904 331 2065 382 lum
2105 331 2385 385 canonici

523 517 623 588 tis
671 516 775 587 111
838 522 912 588 et
968 515 1362 588 Caelestini
1420 515 1523 586 111
1588 516 2031 602 decretales3
2081 517 2179 586 ob
2232 537 2543 608 eamque
2601 537 2782 602 rem,
2832 517 3012 588 haec
3078 517 3521 605 compilatio,

523 660 867 751 quamvis
913 665 1083 749 post
1126 660 1415 733 tertiam
1468 661 1804 733 confecta
1848 659 1966 746 sit,
2014 660 2352 732 Secunda
2395 667 2647 732 tamen
2691 666 3124 750 nuncupata
3168 666 3300 732 est.
3337 662 3525 732 Gom-

519 807 947 891 pilationem
1009 807 1381 890 Quartam,
1426 824 1617 893 quae
1680 804 2087 875 decretales
2151 803 2747 890 Innocentianas,
2792 805 2890 876 ad
2949 825 3228 875 annum
3286 825 3522 894 usque

529 945 704 1016 1215
764 946 977 1032 lataS,
1024 965 1495 1036 canonesque
1560 945 1867 1017 Concilii
1936 946 2458 1017 Lateranensis
2514 947 2630 1032 IV,
2678 969 2767 1018 eo
2829 946 3212 1018 intervallo
3267 947 3526 1031 habiti,

526 1090 1219 1180 comprehendebat,
1268 1090 1343 1160 in
1393 1090 1669 1161 incerto
1717 1095 1832 1161 est
1888 1088 2231 1181 quisnam
2280 1091 2708 1162 confecerit:
2765 1090 3160 1180 scriptores
3207 1091 3526 1180 complu·

524 1253 667 1319 res,
712 1254 902 1324 quos
956 1233 1149 1305 inter
1211 1234 1658 1306 Benedictus
1708 1233 1835 1323 Pp.
1894 1232 2084 1318 XIV,
2130 1254 2293 1305 eam
2356 1234 2673 1323 ipsomet
2736 1234 3169 1306 Innocentio
3224 1235 3526 1325 auspice

523 1377 898 1448 redactam
947 1397 1109 1448 esse
1158 1377 1628 1448 arbitrantur.
1667 1377 1988 1447 Colleclio
2033 1376 2353 1467 denique
2398 1397 2531 1448 seu
2582 1378 3011 1465 Gompilatio
3056 1381 3345 1463 Quinta,
3377 1398 3525 1468 qua

530 1520 853 1590 Houonn
902 1519 1007 1590 111
1057 1521 1458 1593 decretales
1506 1519 2100 1606 continebantur,
2147 1520 2371 1591 huius
2420 1519 2800 1591 Pontificis
2862 1500 3070 1592 iussu
3117 1521 3527 1609 composita

527 1668 663 1748 est,
692 1662 821 1752 qui
861 1663 936 1733 in
970 1663 1173 1734 bulla
1211 1663 1819 1755 promulgationis
1854 1665 2090 1732 Novae
2132 1644 2547 1748 causarum,
2585 1661 2703 1734 die
2750 1663 2831 1733 31
2887 1662 3163 1733 mensis
3210 1662 3524 1734 ianuarii

527 1825 647 1876 an.
700 1805 874 1876 1226
919 1807 1096 1877 data
1140 1807 1236 1878 ad
1293 1806 1722 1897 magistrum
1774 1805 2230 1876 Tancredum
2297 1804 2897 1875 archidiaconum
2958 1805 3526 1891 Bononiensem,

529 1948 632 2018 ita
695 1954 1011 2019 mentem
1072 1970 1286 2019 suam
1350 1948 1826 2039 significavit:
1894 1977 1930 2011 «
1973 1952 2313 2033 Quocirca
2373 1951 2787 2019 discretioni
2847 1954 3015 2018 luae
3069 1971 3199 2034 per
3258 1953 3526 2034 aposto·

532 2092 676 2160 lica
726 2093 1005 2177 scripta
1062 2093 1527 2177 mandamus,
1579 2095 1939 2179 quatenus
1998 2096 2102 2160 eis
2153 2093 2562 2161 solemniter
2611 2092 3009 2176 publicatis
3059 2092 3322 2177 absque
3374 2091 3526 2158 ullo

526 2234 873 2319 scrupulo
932 2234 1406 2303 dubitationis
1465 2237 1708 2303 utaris
1765 2238 1830 2302 et
1896 2235 1985 2302 ab
2056 2237 2230 2302 aliis
2289 2236 2514 2319 recipi
2573 2236 2814 2319 facias
2869 2237 3018 2301 tam
3084 2237 3169 2303 in
3226 2235 3527 2301 iudiciis

530 2396 752 2462 quam
811 2380 897 2446 in
939 2379 1199 2447 scholis
1234 2405 1292 2446 ».
1352 2377 1560 2463 Quae
1622 2375 1921 2467 quidem
1985 2374 2242 2465 paucis
2303 2381 2378 2445 at
2441 2376 2622 2446 satis
2667 2376 3050 2465 perspicue
3103 2375 3527 2459 ostendunt,

532 2538 624 2587 ex
672 2518 762 2588 iis
810 2518 1368 2589 collectionibus
1415 2519 1702 2589 tertiam
1752 2524 1828 2589 et
1874 2518 2210 2608 quintam
2258 2525 2481 2604 cert0,
2514 2523 2851 2609 quartam
2902 2524 3146 2589 autem
3196 2518 3530 2606 probabi·

532 2660 697 2730 liter
727 2661 957 2732 fuisse
988 2662 1489 2747 authenticas3
1539 2662 1823 2752 priores
1856 2684 2031 2733 vero
2077 2664 2374 2754 publica
2421 2664 2815 2734 destitutas
2859 2683 3023 2733 esse
3071 2662 3529 2744 auctoritate,

533 2800 700 2871 licet
746 2822 1093 2887 canones,
1128 2823 1296 2874 cum
1346 2805 1493 2875 fere
1540 2804 1636 2874 ad
1685 2825 1917 2875 unum
1965 2805 2265 2894 genuini
2298 2811 2568 2888 essent,
2602 2804 2745 2873 vim
2798 2804 2979 2895 legis
3011 2804 3332 2873 nativam
3370 2803 3532 2873 reti·

531 2951 813 3015 nerent.

712 3087 1005 3175 Verum,
1052 3112 1242 3175 cum,
1292 3090 1366 3161 in
1415 3097 1624 3161 tanta
1669 3090 2182 3162 collectionum
2242 3091 2457 3177 mole,
2513 3091 2669 3162 fieri
2733 3112 2884 3161 non
2931 3092 3296 3180 potuisset
3355 3112 3528 3180 quo-

534 3230 780 3302 minus
829 3232 1102 3305 iudicia
1148 3235 1698 3307 difficultatibus
1746 3235 2318 3326 implicarentur,
2365 3234 2527 3305 iniit
2588 3234 3014 3323 Apostolica
3077 3234 3305 3305 Sedes
3366 3255 3529 3305 con·

537 3373 780 3446 silium
832 3397 1066 3447 novae
1113 3384 1334 3469 atque
1382 3379 1644 3482 unicae
1692 3379 2011 3469 sylloges
2043 3379 2336 3469 publice
2368 3379 2900 3451 conficiendae:
2934 3379 3247 3450 confecit
3279 3383 3524 3448 autem

537 3517 969 3591 Gnsoomns
1018 3521 1141 3606 IX,
1189 3523 1339 3612 qui,
1385 3522 1722 3594 adiutore
1787 3544 1973 3594 usus
2037 3523 2109 3593 S.
2161 3523 2585 3594 Rummno
2648 3543 2740 3592 nn
2811 3522 3228 3606 Pmurowr,
3287 3520 3371 3591 O.
3424 3522 3526 3606 Ρ.,

534 3660 862 3751 quinque
911 3663 1396 3735 Decretalium
1455 3665 1710 3736 Libros
1756 3686 1879 3736 an.
1915 3665 2092 3735 1234
2135 3663 2385 3735 edidit.
2421 3665 2710 3751 Quibus
2750 3685 2922 3734 vero
2956 3664 3046 3734 de
3081 3663 3324 3734 causis
3370 3683 3532 3753 gra-

533 3802 925 3875 vissimum
972 3806 1424 3895 suscepisset
1469 3828 1681 3896 opus,
1731 3807 1925 3878 idem
1974 3806 2340 3892 Pontifex,
2377 3805 2450 3875 in
2482 3806 2686 3876 bulla
2732 3804 3347 3896 promulgationis
3381 3804 3533 3873 Rea>

528 3951 904 4035 pacificus,
943 3948 1061 4019 die
1108 3950 1151 4019 5
1200 3950 1474 4020 mensis
1522 3951 1962 4038 septembris
2008 3950 2270 4021 eodem
2304 3970 2502 4019 anno
2537 3950 2729 4032 data,
2764 3948 3103 4018 distincte
3140 3946 3254 4016 his
3289 3946 3530 4016 verbis

537 4090 912 4178 exposuit:
952 4121 985 4154 «
1014 4094 1209 4162 Sane
1234 4095 1560 4163 diversas
1588 4093 2140 4164 Constitutiones
2171 4097 2233 4163 et
2257 4094 2656 4163 Decretales
2685 4094 3026 4177 epistolas
3049 4091 3535 4159 Praedecesso·
3613 4067 3622 4090 ἕ

534 4256 703 4304 rum
748 4238 1187 4322 Nostrorum,
1236 4242 1317 4305 in
1363 4240 1653 4308 diversa
1700 4242 2074 4325 dispersas
2118 4241 2514 4322 volumina,
2562 4258 2877 4324 quarum
2924 4238 3218 4323 aliquae
3241 4237 3534 4319 propter

536 4381 846 4446 nimiam
912 4383 1491 4466 similitudinem,
1562 4387 1625 4450 et
1685 4383 2048 4468 quaedam
2108 4385 2406 4466 propter
2460 4381 3068 4459 contrarietatem,
3139 4378 3535 4444 nonnulme

537 4525 756 4590 etiam
792 4527 1089 4609 propter
1132 4529 1253 4594 sui
1297 4528 1815 4612 proliaeitatem,
1854 4527 2345 4608 confusionem
2376 4525 2713 4590 inducere
2745 4521 3205 4601 videbantur,-
3238 4521 3534 4605 aliquae

533 4686 694 4734 vero
736 4669 1192 4753 vaqabantur
1236 4674 1444 4738 extra
1490 4673 1859 4739 volumina
1904 4691 2138 4755 supra
2183 4671 2396 4752 dicta,
2434 4688 2620 4754 quae
2649 4671 3018 4752 tamquam
3052 4667 3363 4733 incertae
3389 4667 3532 4750 fre-

536 4816 830 4896 quenter
873 4816 951 4881 in
998 4815 1298 4882 iudiciis
1341 4808 1801 4897 bacillabant,
1867 4817 1968 4882 ad
2034 4834 2489 4894 communem,
2559 4815 2622 4879 el
2688 4815 3004 4878 maxime
3061 4811 3525 4893 studentium,

543 4956 930 5023 utilitatem.
967 4977 1104 5041 per
1149 4958 1484 5025 dilectum
1528 4958 1787 5042 filium,
1841 4959 2147 5042 fratrem
2191 4956 2476 5040 Raymu
2487 4956 2731 5036 ndum,
2768 4954 3243 5038 Capelianum
3274 4957 3336 5021 el
3367 4951 3534 5020 Poe-

542 5100 1048 5166 nitentiarium
1101 5101 1456 5184 Nostrum,
1508 5102 1683 5168 illas
1727 5105 1819 5168 in·
1855 5121 2090 5168 unum
2136 5099 2485 5180 volumen,
2531 5101 2864 5166 resecatis
2920 5099 3330 5182 superfluis,
3375 5116 3536 5179 pro·

538 5243 859 5318 „vidimus
931 5245 1365 5330 rediqendas
1382 5297 1399 5327 ,
1470 5245 1891 5313 adiicientes
1985 5242 2532 5311 Constitutiones
2623 5244 2925 5310 Nostras
2999 5242 3060 5307 et
3137 5238 3536 5304 Decretales
3633 5341 3640 5348 ι

543 5386 931 5470 Emi-stolas,
984 5408 1121 5472 per
1186 5408 1373 5474 quas
1448 5388 1831 5471 nonnulla,
1894 5407 2081 5474 quae
2147 5391 2228 5454 in
2290 5387 2662 5470 prioribus
2729 5385 2937 5452 erant
3005 5382 3249 5462 dubia,
3311 5380 3537 5449 decla·

540 5532 811 5599 rantur
844 5559 901 5598 ».
953 5529 1342 5619 Abrogatis
1402 5529 1719 5600 subinde
1776 5528 2333 5600 collectionibus
2388 5532 2556 5616 post
2605 5523 2935 5596 Gratiani
2985 5523 3374 5595 Decretum
3438 5523 3536 5593 ad
