3753 5871
1229 227 1407 279 Liber
1443 227 1702 289 Quartus
1735 252 1756 264 ·
1791 227 1878 278 De
1912 229 2288 281 Processibus
3138 230 3249 291 479

1523 470 1699 538 ΟΑΝ.
1750 471 1946 538 1665.

437 611 471 695 5
518 614 584 678 1.
632 612 953 679 Vetatur
986 612 1295 696 uterque
1328 601 1565 679 emere
1596 611 1828 689 litem,
1865 617 1999 681 aut
2039 612 2181 681 sibi
2213 614 2304 682 de
2335 614 2723 684 immodico
2753 617 3247 685 emolumento

257 720 373 787 vel
406 720 514 786 rei
546 717 916 803 litigiosae
958 720 1173 802 parte
1203 717 1581 786 vindicata
1617 719 1893 803 pacisci
1945 717 1996 785 ¹.

438 825 473 908 ξ
518 825 585 892 2.
635 826 840 907 Quae
875 827 940 893 si
974 826 1312 908 fecerint,
1362 826 1568 893 nulla
1605 830 1722 894 est
1755 827 2028 911 pactio,
2071 832 2147 897 et
2183 846 2232 894 a.
2266 828 2507 897 iudice
2540 829 2655 896 vel
2701 829 2795 897 ab
2842 830 3242 899 Ordinario

259 937 611 1017 poterunt
646 951 883 1017 poena
919 933 1353 1017 pecuniaria
1394 933 1764 1017 mulctari3
1800 934 2204 1003 advocatus
2239 940 2624 1019 praeterea-
2668 944 2829 1006 tum
2876 939 2971 1006 ab
3010 939 3242 1007 officio

250 1041 631 1127 suspendi,
663 1046 821 1109 tum
853 1042 1102 1122 etiam,
1137 1042 1201 1108 si
1238 1042 1602 1109 recidivus
1633 1043 1758 1123 sit,
1790 1043 2101 1110 destitui
2129 1050 2204 1112 et
2240 1044 2467 1113 titulo
2496 1045 2779 1129 privari
2809 1043 2863 1113 ².

1518 1235 1694 1302 CAN.
1753 1235 1948 1302 1666.

430 1377 795 1446 Advocati
827 1395 915 1444 ac
958 1383 1476 1463 procuratores
1515 1380 1641 1462 qui
1676 1378 1765 1445 ob
1810 1378 2007 1446 dona
2041 1384 2175 1447 aut
2210 1379 2787 1464 pollicitationes
2821 1386 2956 1449 aut
2993 1400 3236 1467 quam·

257 1484 442 1554 libet
471 1485 696 1551 aliam
734 1485 1094 1553 rationem
1122 1504 1336 1552 suum
1364 1485 1677 1554 officium
1714 1487 2203 1571 prodiderint,
2233 1487 2329 1555 ab
2360 1487 2592 1555 officio
2623 1489 3103 1573 repellantur,
3136 1493 3234 1572 et,

256 1596 553 1762 ρῖαεῐει·
573 1592 1009 1732 damanorum
1041 1593 1537 1677 refectionem,
1566 1594 1848 1661 mulcta.
1871 1595 2300 1678 pecuniaria
2328 1594 2587 1663 aliisve
2611 1597 2960 1681 congruis
2983 1597 3239 1680 poenis

256 1715 305 1780 p
336 1701 681 1766 ectantur
765 1746 782 1763 .

1454 2018 1879 2088 TITULUS
1933 2021 2025 2086 V.

1118 2163 1222 2232 De
1266 2164 1663 2233 actionibus
1708 2167 1782 2232 et
1826 2164 2381 2250 exceptionibus.

1516 2367 1693 2433 css.
1753 2367 1948 2434 1667.

432 2508 828 2588 Quodlibet
853 2510 971 2577 ius
997 2528 1144 2577 non
1176 2509 1414 2576 solum
1440 2509 1732 2577 actione
1759 2509 2120 2592 munitur,
2154 2509 2300 2576 nisi
2335 2509 2541 2576 aliud
2570 2528 2909 2594 expresse
2934 2515 3236 2577 cautum

256 2615 382 2698 sit,
434 2616 560 2683 sed
616 2617 840 2686 etiam
885 2617 1335 2701 exceptione,
1396 2635 1580 2701 quae
1626 2635 1912 2701 semper
1966 2617 2320 2700 competit
2363 2620 2437 2684 et
2483 2621 2598 2684 est
2643 2621 2906 2701 suapte
2964 2622 3237 2684 natura.

152 2789 155 2800 ,
256 2725 615 2805 perpetua
659 2724 709 2792 ⁴.

1524 2848 1701 2916 om.
1751 2847 1947 2915 1668.

432 2987 467 3071 §
515 2991 581 3056 1.
630 2989 776 3069 Qui
821 2989 918 3058 ad
958 3006 1110 3057 rem
1157 2989 1299 3057 sibi
1332 2989 1880 3073 vindicandam,
1920 3008 2050 3058 seu
2090 2990 2187 3057 ad
2224 2990 2344 3058 ius
2382 3008 2594 3057 suum
2636 2989 2716 3056 in
2756 2989 3032 3056 iudicio
3079 3006 3235 3073 per-

256 3095 703 3181 sequendum
748 3097 977 3166 titulo
1030 3098 1187 3184 agit
1232 3098 1422 3166 iuris
1465 3098 1915 3167 auctoritate
1962 3097 2300 3181 subnixo,
2360 3098 2650 3165 actione
2695 3092 3009 3164 dimicat
3055 3114 3240 3181 quae

254 3200 611 3286 petitoria
654 3203 933 3271 dicitur
974 3204 1026 3271 ⁸.

436 3308 471 3392 ἓ
516 3309 584 3377 2.
635 3310 718 3378 Si
753 3329 929 3380 vero
963 3311 1072 3379 rei
1109 3312 1637 3397 possessionem
1677 3313 1795 3381 vel
1839 3311 2029 3381 iuris
2067 3312 2839 3398 quasi-possessionem
2880 3311 3237 3396 postulat,

255 3416 416 3485 eius
455 3417 653 3485 actio
683 3417 1134 3500 possessorio
1167 3421 1475 3488 vocatur
1541 3420 1591 3486 ⁸.

1526 3578 1702 3646 CAN.
1753 3578 1949 3645 1669.

437 3713 472 3796 ξ
519 3715 584 3781 1.
628 3716 861 3784 Actor
907 3716 1247 3801 pluribus
1284 3717 1505 3785 simul
1543 3717 1987 3800 actionibus,
2040 3736 2226 3803 quae
2265 3721 2512 3785 tamen
2554 3735 2795 3784 secum
2839 3718 3043 3802 ipsae
3093 3736 3239 3785 non

254 3820 686 3906 confligant,
726 3824 879 3892 sive
913 3824 1004 3894 de
1042 3824 1293 3893 eadem
1333 3845 1436 3910 re,
1486 3825 1639 3893 sive
1674 3826 1766 3894 de
1802 3825 2140 3906 diversis,
2192 3844 2395 3893 reum
2432 3824 2822 3893 convenire
2861 3829 3131 3909 potest,
3174 3824 3240 3892 si

254 3927 448 3996 aditi
487 3929 888 3998 tribunalis
917 3933 1483 4016 competentiam
1518 3952 1665 4011 non
1706 3933 2207 4020 egrediantur.

437 4034 472 4117 ξ
516 4033 584 4103 2.
614 4036 814 4106 Reus
838 4058 984 4106 non
1011 4040 1445 4124 prohibetur
1475 4041 1817 4125 pluribus
1838 4041 2393 4126 exceptionibus
2418 4042 2642 4109 etiam
2673 4040 3073 4108 contrariis
3100 4040 3236 4107 uti.

440 4328 463 4364 ¹
498 4326 563 4379 G.
610 4326 661 4386 2,
698 4324 764 4377 G.
808 4324 923 4384 111,
959 4336 1013 4386 q.
1045 4324 1096 4384 7;
1128 4334 1179 4375 c.
1211 4323 1262 4383 2,
1292 4323 1360 4383 Χ,
1401 4324 1472 4374 de
1516 4321 1873 4373 alienatione
1908 4320 2115 4372 iudicii
2161 4322 2432 4372 mutandi
2467 4329 2648 4370 causo
2683 4319 2871 4378 tacto,
2911 4319 2962 4379 1,
3001 4318 3082 4380 422
3117 4318 3240 4370 Lex

259 4418 496 4480 propria
531 4415 589 4469 S.
621 4415 694 4467 R.
729 4414 917 4467 Rotae
946 4417 1010 4467 et
1040 4412 1395 4476 signatura
1424 4414 1556 4473 Δρ..
1589 4412 1655 4465 29
1684 4412 1806 4465 iun.
1847 4411 1996 4472 1908,
2029 4423 2158 4463 can.
2201 4411 2285 4471 45,
2323 4411 2349 4472 1
2381 4411 2432 4464 8.

432 4514 459 4549 ²
495 4507 618 4559 Lex
647 4498 884 4566 propria
923 4504 982 4557 8.
1016 4504 1087 4555 R.
1117 4504 1307 4557 Rotae
1332 4506 1396 4556 et
1427 4502 1781 4565 Signatume
1816 4504 1948 4564 Δρ.,
1977 4502 2043 4555 29
2078 4502 2200 4554 iun.
2233 4501 2381 4561 1908,
2412 4512 2541 4552 can.
2573 4500 2657 4560 45,
2693 4492 2722 4561 ς’
2749 4500 2797 4552 3.

431 4601 457 4638 ⁸
496 4596 561 4649 C.
592 4596 643 4656 2,
671 4595 736 4648 G.
769 4595 885 4655 111,
913 4607 968 4656 q.
998 4594 1048 4655 ‘'i;
1075 4595 1198 4645 Lex
1225 4593 1460 4655 propria
1492 4592 1549 4646 S.
1588 4594 1658 4645 R.
1688 4592 1881 4646 Rotae
1912 4596 1977 4645 et
2007 4592 2362 4653 signaturae
2390 4592 2520 4651 Ap..
2550 4590 2616 4641 29
2650 4591 2770 4640 iun.
2810 4588 2957 4649 1908,
2988 4600 3118 4639 can.
3151 4587 3234 4647 45,

263 4687 289 4748 1
321 4687 373 4746 8,
414 4698 544 4738 can.
581 4686 663 4749 463
693 4685 852 4739 Ordo
883 4684 1210 4737 servandus
1243 4685 1306 4735 in
1348 4683 1409 4737 8.
1443 4683 2024 4745 Congregationibm
2068 4682 2508 4756 Tribunalibus,
2545 4678 2761 4732 Officiis
2794 4678 3094 4729 Romanae
3131 4676 3241 4728 cu·

260 4778 407 4836 riae,
444 4775 511 4828 29
542 4777 662 4827 iun.
698 4775 847 4835 1908,
890 4776 1040 4827 Pars
1081 4776 1132 4837 1,
1165 4775 1418 4827 Normse
1449 4785 1801 4834 communes,
1836 4784 1964 4833 cap.
2002 4773 2099 4832 lx,
2136 4784 2195 4823 n.
2239 4772 2348 4830 13⁰,
2384 4771 2491 4832 14⁰;
2526 4769 2785 4830 Regulae
2821 4767 3146 4820 servandae
3179 4768 3241 4817 in

260 4866 500 4919 iudiciis
534 4864 695 4937 apud
726 4865 785 4919 S.
820 4865 891 4916 Β.
923 4864 1113 4918 Rotae
1141 4866 1447 4925 Tribunal,
1479 4865 1513 4915 4
1549 4876 1683 4925 aug.
1715 4865 1864 4925 1910,
1908 4863 1934 4924 Ξ
1964 4863 2048 4921 28,
2081 4875 2138 4914 n.
2174 4862 2225 4922 83
2256 4861 2515 4923 Regulae
2548 4859 2874 4912 servandae
2908 4858 2971 4908 in
3003 4856 3242 4908 iudiciis

258 4957 419 5017 apud
451 4956 713 5017 sum-em.
748 4954 1101 5016 signaturae
1129 4956 1236 5015 Δρ.
1269 4954 1573 5016 Tribanta,
1604 4955 1639 5006 6
1668 4956 1844 5006 mart.
1874 4953 2024 5012 1912,
2055 4954 2171 5004 art.
2212 4952 2293 5002 41.

432 5052 462 5089 ⁴
501 5046 562 5099 S.
594 5046 659 5099 G.
694 5046 799 5107 Ερ.
836 5048 898 5098 et
927 5045 1091 5107 neg..
1131 5042 1459 5102 malim..
1492 5044 1526 5096 8
1563 5047 1739 5096 mart.
1772 5042 2171 5096 Isca—Vide
2207 5042 2391 5094 etlam
2421 5052 2551 5092 can.
2586 5038 2733 5100 1698,
2774 5038 2800 5099 1
2834 5037 2884 5088 2.

430 5142 459 5177 ⁸
501 5138 566 5190 O.
602 5138 654 5199 8,
686 5137 737 5198 7,
773 5137 839 5199 Χ,
875 5137 946 5187 de
979 5145 1159 5185 causa
1192 5133 1579 5196 possessionis
1611 5138 1671 5185 et
1703 5132 2105 5194 proprietatis,
2151 5132 2234 5193 11,
2269 5132 2350 5193 12:
2390 5143 2442 5183 c.
2477 5130 2529 5192 8,
2561 5130 2627 5190 Χ,
2674 5130 2745 5179 de
2778 5125 3241 5188 probationibus,

261 5228 345 5288 11,
379 5228 463 5279 19.

439 5322 465 5357 ⁸
501 5317 567 5371 0.
604 5318 655 5380 8,
684 5318 736 5380 5,
772 5317 825 5380 7,
859 5318 926 5379 Χ,
968 5319 1039 5369 ds
1076 5326 1256 5367 eausa
1290 5313 1677 5378 possessionis
1714 5318 1774 5367 ei
1809 5313 2214 5375 proprietatis,
2254 5312 2338 5374 11.
2375 5311 2457 5374 123
2501 5321 2551 5363 c.
2582 5310 2635 5371 8,
2666 5310 2732 5371 Χ,
2772 5311 2842 5361 de
2890 5304 3245 5367 probationi·

262 5408 388 5467 bus,
421 5407 506 5469 11,
543 5406 627 5460 19.
