3753 5871
1389 321 1568 373 Mur
1595 322 1889 375 roruu·
1924 321 2013 373 Do
2050 323 2250 376 Rom
3231 319 3340 378 877

350 510 855 595 proventibus,
895 509 1022 578 sed
1066 528 1157 578 ex
1195 511 1524 596 propriis
1561 511 1774 579 bonis
1808 512 1925 579 vel
1971 529 2062 579 ex
2101 511 2503 579 donatione
2538 510 2682 578 sibi
2718 510 2926 578 iacta
2961 526 3337 594 compara·

348 617 562 703 verit3
596 635 807 686 secus
841 617 1090 686 omnia
1126 617 1489 687 reditibus
1530 619 1883 688 ecclesiae
1915 623 2347 704 comparata
2392 623 2974 704 praesumuntur
3008 617 3059 684 ¹.

1614 796 1793 865 om.
1852 795 2049 864 1300.

524 938 731 1019 Quae
774 940 855 1006 in
889 958 1055 1009 can.
1095 939 1270 1010 1200
1313 941 1778 1027 praescripta
1815 947 2019 1025 sunt,
2068 942 2541 1027 applicentur
2581 960 2867 1028 quoque
2902 942 3176 1011 clerico
3213 945 3341 1029 qui

350 1044 431 1112 in
466 1046 722 1131 aliqua
755 1048 1066 1117 ecclesia
1083 1024 1529 1130 'ueneficium
1575 1050 1953 1117 saeculare
1990 1051 2109 1118 vel
2146 1051 2571 1136 religiosum
2609 1050 3017 1118 obtinuerit
3053 1053 3106 1122 ¹.

1620 1225 1799 1293 CAN.
1849 1225 2046 1293 1301.

527 1366 561 1449 ξ
608 1368 675 1432 1.
726 1366 803 1434 Β.
841 1365 933 1433 Β.
962 1367 1052 1433 Ε.
1084 1366 1535 1451 Cardinalis,
1565 1366 1980 1452 Episcopus
2012 1367 2513 1436 residentialis
2545 1367 2822 1451 aliique
2846 1364 3101 1432 clerici
3132 1363 3337 1430 bene·
3392 1417 3393 1420 ,

346 1471 614 1541 ficiarii
653 1474 1102 1560 obligatione
1137 1478 1489 1542 tenentur
1521 1475 1838 1543 curandi
1886 1479 2332 1543 testamento
2368 1476 2485 1543 vel
2532 1475 2684 1544 alio
2722 1476 3220 1544 instrumento
3258 1475 3337 1542 in

352 1583 597 1650 torma
622 1583 813 1651 iuris
837 1584 1081 1651 civilis
1108 1585 1358 1653 valido
1388 1588 1472 1652 ut
1499 1584 1860 1653 canonica
1888 1585 2377 1668 praescripta,
2409 1584 2502 1652 de
2531 1584 2799 1668 quibus
2828 1584 2907 1651 in
2936 1601 3101 1650 can.
3137 1583 3332 1650 1298·

349 1690 545 1768 1300,
579 1691 908 1759 debitum
939 1691 1280 1760 effectum
1312 1693 1535 1760 etiam
1575 1691 1655 1758 in
1685 1693 1852 1761 toro
1879 1693 2085 1759 civili
2117 1693 2533 1760 sortiantur
2565 1691 2618 1757 ³.

530 1796 564 1879 ξ
610 1797 678 1863 2.
726 1796 1215 1877 Quamobrem
1264 1798 1696 1883 tempestive
1743 1817 1831 1865 ac
1880 1799 2121 1865 forma
2175 1800 2336 1867 iure
2396 1798 2599 1865 civili
2647 1798 2900 1865 valida
2950 1814 3338 1881 personam

347 1903 681 1989 integrae
711 1904 955 1973 famae
983 1905 1371 1990 designent
1409 1906 1505 1984 ad
1541 1923 1870 1973 normam
1904 1925 2068 1972 can.
2103 1905 2259 1988 380,
2297 1924 2509 1990 quae,
2542 1905 2979 1973 adveniente
3010 1904 3342 1989 ipsorum

348 2015 609 2093 morte,
641 2029 788 2078 non
815 2011 1052 2079 solum
1085 2029 1371 2079 sacram
1403 2012 1960 2097 supellectilem,
1992 2012 2117 2080 sed
2143 2013 2367 2080 etiam
2396 2011 2652 2095 libros,
2688 2011 3132 2080 documenta
3158 2011 3336 2078 alia-

349 2137 488 2203 que
524 2137 711 2203 quae
743 2119 840 2186 ad
874 2119 1255 2187 ecclesiam
1300 2120 1680 2204 pertinent
1719 2124 1796 2189 et
1828 2121 1910 2187 in
1953 2138 2206 2188 eorum
2240 2120 2458 2188 domo
2494 2120 2996 2205 reperiuntur,
3034 2127 3343 2207 occupet

345 2230 422 2295 et
455 2227 581 2293 cui
617 2225 1003 2308 debentur,
1039 2227 1408 2295 remittat.

1619 2351 1797 2420 CAN·
1845 2351 2043 2419 1302.

522 2491 875 2560 Rectores
918 2491 1393 2560 ecclesiarum
1448 2491 1726 2577 aliique
1771 2493 2039 2578 quibus
2083 2493 2370 2561 credita
2414 2493 2517 2561 sit
2570 2511 2752 2561 cura
2801 2511 3056 2561 sacrae
3101 2493 3337 2578 supel-

346 2598 643 2683 lectilis,
682 2599 943 2669 sedulo
981 2600 1252 2669 debent
1285 2600 1610 2669 eiusdem
1645 2601 2193 2670 conservationi
2230 2605 2308 2670 et
2341 2601 2590 2669 decori
2629 2600 3050 2686 prospicere
3081 2602 3137 2671 ⁴.

1621 2778 1797 2846 ΟΑΝ.
1847 2777 2042 2845 1303.

529 2912 563 2998 ξ
610 2916 675 2981 1.
726 2913 1057 2983 Ecclesia
1088 2914 1541 2983 cathedralis
1575 2914 1791 2983 debet
1820 2931 2108 2982 sacram
2140 2912 2671 2999 supellectilem
2703 2915 2999 3000 aliaque
3030 2933 3216 3000 quae
3247 2914 3343 2983 ad

349 3021 622 3091 Missae
677 3022 1120 3091 sacrificium
1162 3024 1279 3091 vel
1333 3023 1430 3090 ad
1472 3023 1663 3089 alia-s
1711 3022 2174 3106 pontificales
2216 3022 2640 3090 functiones
2697 3023 3115 3090 necessaria
3160 3024 3339 3106 sint,

347 3131 586 3215 gratis
627 3131 998 3216 Episcopo
1040 3130 1608 3199 subministrare
1649 3131 1874 3199 etiam
1923 3130 2275 3215 privatim
2319 3131 2725 3199 celebranti
2772 3149 2918 3198 non
2976 3131 3212 3199 solum
3262 3132 3342 3199 in

348 3237 655 3306 ecclesia
687 3237 1126 3321 cathedrali,
1168 3237 1294 3307 sed
1326 3238 1405 3304 in
1440 3237 1614 3306 aliis
1643 3256 1931 3324 quoque
1968 3238 2302 3307 civitatis
2330 3238 2448 3307 vel
2488 3238 2824 3306 suburbii
2859 3237 3187 3306 ecclesiis
3210 3239 3264 3305 ⁸.

528 3344 562 3428 g
609 3344 675 3411 2.
729 3345 811 3413 Si
858 3363 1002 3430 qua
1048 3345 1351 3430 ecclesia
1402 3350 1844 3431 paupertate
1889 3347 2200 3429 laboret,
2250 3350 2495 3432 potest
2542 3346 2989 3414 ordinarius
3045 3345 3342 3431 permit-

350 3458 506 3522 tere
525 3456 612 3520 ut
637 3471 687 3518 a
712 3451 1219 3520 sacerdotibus
1247 3454 1373 3537 qui
1398 3454 1477 3519 in
1500 3454 1884 3539 proprium
1909 3454 2368 3522 commodum
2393 3453 2580 3520 inibi
2605 3454 3006 3535 celebrant,
3043 3458 3347 3538 propter

351 3558 704 3626 utensilia
757 3564 1146 3645 ceteraque
1182 3561 1278 3628 ad
1317 3560 1590 3629 Missae
1649 3560 2095 3629 sacrificium
2157 3562 2597 3645 necessaria,
2662 3560 3046 3629 moderata
3114 3561 3347 3646 stipes

721 3666 748 3703 ο

348 3664 773 3857 magt?
726 3775 1105 3860 Episcopi,
1150 3794 1294 3841 non
1343 3781 1591 3843 autem
1631 3774 1919 3842 Vicarii
1958 3774 2421 3859 capitularis
2460 3778 2598 3842 aut
2633 3772 2921 3842 Vicarii
2960 3773 3349 3843 Generalis

352 3881 510 3950 sine
542 3881 848 3967 speciali
880 3882 1256 3963 mandato,
1294 3887 1407 3950 est
1439 3882 1743 3949 eandem
1780 3882 2047 3966 stipem
2082 3880 2415 3965 definire,
2461 3884 2539 3950 et
2574 3882 2876 3961 nemini,
2915 3880 3141 3949 etiam
3179 3881 3344 3949 reli·

351 3986 578 4073 giosis
616 3990 759 4057 etsi
801 3989 1184 4074 exemptis,
1238 3988 1414 4057 licet
1462 4008 1548 4057 ea
1600 3989 1951 4056 maiorem
1993 3989 2305 4074 exigere.

536 4200 559 4236 ²
596 4196 1457 4262 PlusIX,11tt.ap.«Quum
1496 4197 1729 4260 illud»,
1763 4194 2137 4260 11ιιιι.“1847,
2174 4213 2232 4251 ιι.
2266 4199 2343 4253 8⁰.

524 4293 551 4329 ²
597 4289 3346 4353 s.Plusv,const.«1eoman1Ponune-u»,³oaug.1567,21‚11;nenedictus11v,const.

354 4380 505 4430 «Λα
537 4379 938 4431 honorandam
979 4395 1028 4441 s,
1061 4379 1334 4432 mmart.
1376 4378 1715 4441 1752,127.

524 4469 653 4523 ³8.
691 4470 758 4522 O.
794 4470 1074 4529 deProp.
1113 4469 1278 4530 Fide,
1315 4469 1470 4521 decr.
1507 4469 1728 4523 uideo.
1768 4470 1917 4524 1840.

530 4563 559 4599 ⁴
587 4559 653 4613 Ο.
696 4563 748 4622 1,
789 4561 856 4621 Χ,
892 4562 963 4612 de
996 4559 1182 4619 officio
1224 4559 1505 4619 custodie,
1542 4561 1591 4621 Ι,
1626 4560 1708 4623 27;
1740 4572 1790 4613 c.
1825 4561 1879 4623 2,
1916 4563 1984 4623 x,
2021 4563 2093 4611 de
2124 4561 2395 4613 custodia
2430 4558 2868 4619 Eucharistiae,
2907 4556 3248 4610 chrismatio
3285 4560 3344 4607 et

354 4650 608 4700 auorum
646 4652 1168 4709 sacramentorum,
1212 4651 1329 4712 111,
1371 4651 1454 4713 4-4;
1491 4662 1541 4701 c.
1574 4653 1626 4712 1,
1671 4653 1742 4703 de
1781 4650 2175 4703 celebratione
2214 4653 2532 4701 missarum
2575 4654 2635 4702 ct
2676 4648 2816 4701 aliis
2858 4647 3079 4701 divinis
3119 4646 3346 4707 officiis,

355 4741 471 4801 111,
506 4741 591 4802 14,
637 4742 701 4793 in
734 4741 938 4802 Oleum:
971 4740 1327 4794 Benedictus
1368 4740 1520 4800 XIV,
1566 4745 1753 4794 const.
1792 4757 1824 4793 α
1860 4740 1997 4794 Em
2029 4741 2351 4802 pastorum
2389 4755 2440 4803 ι,
2477 4740 2543 4793 m
2576 4741 2720 4792 maii
2758 4738 2908 4800 1742,
2943 4739 2969 4801 1
3000 4738 3105 4800 VI,
3140 4751 3198 4789 ιι.
3234 4737 3350 4798 XX?

353 4843 442 4892 ep.
469 4831 689 4892 encycl.
727 4847 757 4882 ι
783 4831 989 4882 Annus
1015 4830 1116 4892 qui
1147 4845 1198 4892 ι,
1232 4832 1304 4885 10
1324 4830 1475 4884 febr.
1505 4831 1654 4892 1740,
1684 4832 1713 4894 1
1744 4833 1795 4894 1;
1822 4832 1968 4885 Plus
1991 4832 2095 4894 VI,
2124 4832 2343 4895 encycl.
2376 4847 2408 4883 α
2438 4832 2834 4885 lummene
2863 4847 2914 4891 ι,
2944 4832 3010 4883 25
3038 4832 3163 4884 dec.
3196 4832 3344 4891 1775,

357 4922 383 4982 1
421 4923 471 4983 5;
511 4921 569 4974 8.
603 4921 668 4974 O.
712 4922 818 4983 Ep.
857 4924 920 4973 et
959 4922 1122 4983 Reg„
1160 4932 1250 4981 ep.
1288 4921 1508 4984 encycl.
1552 4923 1585 4973 0
1623 4922 1771 4974 tebr.
1814 4923 1962 4984 1⁷51:
2003 4921 2062 4976 8.
2094 4922 2160 4975 C.
2194 4922 2269 4975 de
2297 4923 2469 4983 Prop.
2504 4922 2669 4985 Fide,
2719 4922 2875 4974 decr.
2926 4922 2993 4975 13
3028 4934 3156 4983 apr.
3199 4921 3347 4981 1807,

354 5024 411 5064 ιι.
445 5011 561 5075 111;
597 5012 1040 5065 caeremoniale
1068 5012 1428 5073 Episcopor„
1463 5012 1501 5063 l.
1536 5012 1585 5073 Ι,
1625 5023 1675 5064 c.
1718 5013 1822 5073 VI,
1855 5026 1914 5064 ιι.
1946 5012 1996 5075 2;
2025 5012 2269 5065 Rituale
2299 5012 2488 5074 Rom„
2525 5013 2621 5065 tit.
2658 5012 2709 5073 Ι,
2740 5022 2791 5064 e.
2824 5025 2947 5073 un„
2985 5014 3056 5063 dc
3090 5012 3165 5062 us
3201 5022 3350 5070 quae

356 5103 419 5152 in
455 5102 974 5155 administratione
1012 5105 1516 5154 taor-umentorum
1554 5102 1913 5162 veneranter
1947 5102 2240 5154 servanda
2277 5105 2439 5162 stent,
2475 5114 2534 5153 n.
2566 5103 2616 5165 0;
2652 5102 2748 5155 tit.
2782 5102 2884 5163 Iv.
2925 5113 2976 5154 c.
3016 5103 3069 5163 1,
3110 5104 3181 5154 ae
3219 5111 3349 5150 san-

355 5191 618 5244 oeuumo
662 5193 1081 5244 nachar-uuae
1123 5194 1514 5251 commento,
1549 5205 1608 5243 ιι.
1647 5192 1698 5245 0.

531 5286 560 5323 ⁸
599 5283 659 5337 8.
691 5285 756 5337 Ο.
789 5285 879 5345 0.,
923 5284 1314 5342 Urbcvetano,
1351 5284 1419 5337 10
1458 5284 1601 5344 lan..
1639 5285 1673 5337 0
1707 5284 1857 5337 febr.
1899 5284 2048 5346 1737,
2086 5284 2166 5336 ad
2203 5284 2310 5346 1-83
2347 5282 2681 5342 Tiburtina,
2720 5283 2786 5335 17
2822 5283 2947 5335 dec.
2995 5281 3145 5342 1825,
3184 5280 3264 5332 ad
3301 5281 3351 5341 13

357 5374 417 5427 8.
448 5375 519 5426 Β.
560 5373 648 5436 0.,
688 5372 1095 5436 Bor-bastron„
1126 5376 1162 5428 0
1188 5375 1313 5427 dec.
1353 5375 1502 5437 1034,
1537 5375 1615 5427 ad
1645 5376 1697 5438 13
1729 5374 2072 5434 Ver-cellen„
2106 5375 2172 5426 14
2201 5377 2378 5427 mart.
2414 5374 2562 5434 1043,
2597 5374 2675 5426 ad
2706 5374 2756 5431 4,
2793 5373 2844 5424 5.

534 5466 562 5505 ⁸
597 5463 654 5517 S.
688 5465 754 5518 C.
786 5465 873 5527 C.,
909 5464 1292 5526 Macer-aton„
1328 5467 1394 5518 14
1430 5465 1576 5518 maii
1608 5464 1758 5527 1720,
1793 5464 1874 5518 ad
1909 5466 1959 5527 1:
1996 5463 2387 5523 camenam..
2423 5464 2459 5516 0
2494 5465 2642 5525 sept.
2681 5460 2831 5523 1741,
2868 5460 2947 5514 ad
2992 5463 3041 5513 1.
