3753 5871
518 168 630 230 688
1662 167 1860 220 006oe
1900 167 2061 221 lium
2108 167 2389 220 om

708 355 744 439 ξ
789 355 858 423 3.
907 355 1301 441 Correptio
1342 355 1640 440 publica
1677 354 1839 423 fleri
1875 357 2169 421 tantum
2207 359 2452 439 potest
2483 354 2839 422 adversus
2877 373 3083 422 reum
3126 354 3219 423 de
3253 353 3504 422 delicto

530 462 952 532 convictum
985 464 1104 531 vel
1136 464 1579 535 confessum:
1616 470 1690 531 et
1728 469 1842 531 est
1888 463 2287 546 iudicialis,
2332 463 2397 529 si
2444 463 2580 531 fiat
2614 480 2660 529 a
2698 455 2942 531 iudice
2988 481 3125 548 pro
3162 461 3504 530 tribunali

534 572 834 640 sedente
868 573 986 639 vel
1015 572 1108 638 ab
1139 571 1544 639 Ordinatio
1572 575 1749 639 ante
1778 588 2201 656 processum
2238 570 2721 638 criminalem.

708 677 743 760 ς
789 679 856 744 4.
907 679 1300 764 Correptio
1333 679 1710 747 iudicialis
1739 680 1856 747 vel
1895 679 2207 746 habetur
2234 671 2405 745 loco'
2424 696 2701 763 poenae
2728 679 2844 747 vel
2870 678 2961 747 fit
2987 678 3085 746 ad
3112 678 3504 763 augendam

533 803 871 871 poenm,
916 785 1312 871 praecipue
1344 786 1410 853 si
1444 790 1716 870 agatur
1744 786 1837 853 de
1874 786 2217 854 recidivo.

710 892 745 975 ς
792 894 858 959 5.
909 893 1022 962 De
1043 895 1448 962 monitione
1473 898 1550 962 et
1571 895 2060 979 correptione,
2094 894 2238 962 etsi
2266 896 2548 961 secreto
2575 893 2823 960 factae
2845 893 3154 974 fuerint,
3182 898 3505 962 constare

532 1000 751 1069 debet
780 1019 871 1069 ex
911 1001 1166 1087 aliquo
1199 1002 1640 1070 documento
1671 1002 1752 1069 in
1788 1006 2071 1070 secreto
2103 1002 2405 1070 archivo
2446 1002 2721 1071 Curiae
2752 1003 3199 1070 asservando
3244 999 3297 1069 ¹.

711 1107 747 1190 ξ
793 1108 861 1175 6.
912 1109 1091 1176 Tam
1125 1110 1500 1194 correptio
1537 1127 1756 1195 quam
1795 1110 2109 1178 monitio
2152 1109 2314 1177 fieri
2351 1115 2595 1195 potest
2632 1110 2856 1177 semel
2890 1110 3009 1177 vel
3045 1110 3355 1195 pluries,
3393 1128 3507 1194 pro

536 1214 960 1300 Superioris
1004 1217 1323 1285 arbitrio
1355 1221 1432 1285 et
1467 1217 1891 1303 prudentia.

1802 1377 1980 1444 CAN.
2027 1377 2225 1445 2310.

709 1499 1246 1567 Monitionibus
1280 1502 1356 1566 et
1383 1496 1979 1585 correptionibus
2013 1497 2383 1563 incassum
2412 1496 2663 1579 factis,
2695 1497 2813 1564 vel
2839 1496 2906 1564 si
2931 1514 3022 1564 ex
3049 1494 3329 1564 eisdem
3362 1495 3499 1564 effe

529 1611 737 1675 ctum
775 1624 1074 1691 sperare
1115 1624 1263 1674 non
1301 1605 1550 1688 liceat,
1591 1606 1820 1673 datur
1867 1609 2366 1689 praeceptum,
2411 1622 2558 1688 quo
2606 1604 2782 1689 quid
2821 1622 3039 1690 agere
3079 1603 3352 1689 quidve
3384 1604 3501 1671 evi·

534 1717 698 1782 tare
741 1717 1186 1799 praeventus
1227 1713 1517 1796 debeat,
1565 1716 1913 1780 accurate
1967 1712 2362 1795 inchoetur,
2419 1729 2589 1779 cum
2636 1730 2913 1796 poenae
2957 1713 3502 1779 comminatione

531 1821 612 1888 in
647 1838 825 1888 casu
872 1821 1489 1906 transgressionis
1511 1893 1516 1898 ,
1537 1818 1592 1887 ⁸.
2104 1879 2111 1890 ,

1799 1928 1977 1997 OAN.
2027 1928 2223 1997 2311.

709 2052 744 2135 ς
792 2055 858 2120 1.
911 2053 993 2122 Si
1027 2072 1247 2122 casus
1279 2053 1614 2139 gravitas
1658 2054 1855 2121 ferat
1895 2056 1973 2120 et
2017 2053 2410 2138 praecipue
2448 2052 2512 2120 si
2550 2056 2821 2138 agatur
2854 2054 2948 2121 de
2984 2071 3072 2121 eo
3111 2054 3245 2138 qui
3284 2053 3364 2119 in
3404 2069 3495 2135 pe

537 2161 777 2230 riculo
823 2165 1167 2230 versatur
1229 2161 1607 2230 relabendi
1658 2161 1736 2228 in
1799 2162 1994 2229 idem
2045 2161 2350 2244 crimen,
2403 2179 2568 2229 eum
2626 2160 3072 2228 ordinarius
3122 2161 3496 2227 submittat

532 2267 991 2353 vigilantiae.

708 2375 742 2458 ξ
789 2375 856 2442 2.
906 2375 1324 2461 Vigilantia
1364 2377 1695 2462 praecipi
1736 2395 2021 2462 quoque
2068 2381 2315 2463 potest
2352 2377 2447 2444 ad
2488 2374 2898 2467 augendam
2938 2393 3284 2460 poenam,
3324 2391 3494 2459 prae·

528 2481 747 2567 cipue
787 2481 867 2549 in
910 2481 1292 2550 recidivas.

1808 2678 2068 2745 carm·
2122 2678 2231 2746 11.

1695 2799 1806 2866 De
1846 2799 2346 2887 poenitentiis.

1823 2964 1999 3032 OAN.
2048 2961 2244 3030 2312.
2412 2944 2416 2948 Α

706 3072 740 3155 ξ
788 3074 854 3138 1.
905 3072 1420 3141 Poenitentiae
1458 3072 1537 3137 in
1567 3072 1736 3139 foro
1771 3076 2079 3139 externo
2108 3072 2594 3155 imponuntur
2626 3074 2714 3138 ut
2740 3070 3181 3155 delinquens
3212 3070 3332 3138 vel
3360 3085 3486 3153 poe·

531 3199 702 3248 nam
750 3180 1087 3266 effugiat,
1138 3180 1252 3249 vel
1312 3197 1590 3265 poenae
1638 3184 2094 3259 contractae,
2124 3180 2660 3247 absolutionem
2711 3183 2849 3248 aut
2894 3178 3487 3263 dispensationem

740 3289 756 3306 ⁹
878 3289 905 3325 8

531 3287 855 3480 mizlai
906 3341 1018 3465 Db
1083 3395 1435 3465 delictum
1498 3402 1633 3465 aut
1690 3397 2350 3480 transgressionem
2410 3396 2774 3464 occultam
2832 3414 3215 3481 nunqua-m
3282 3390 3485 3482 poeni·

529 3504 770 3572 tentia
817 3504 1114 3589 publica
1155 3505 1585 3588 imponatur
1618 3502 1672 3570 ⁴.

707 3612 741 3695 ξ
787 3612 856 3680 3.
907 3611 1418 3680 Poenitentiae
1456 3631 1602 3679 non
1642 3617 1797 3680 tam
1839 3613 2238 3680 secundum
2289 3614 2781 3698 quantitatem
2827 3612 3107 3696 delicti,
3154 3632 3369 3699 quam
3405 3628 3481 3676 se

524 3720 850 3788 cundum
880 3720 1328 3804 poenitentis
1354 3720 1876 3789 contritionem
1907 3720 2395 3789 moderandae
2429 3725 2630 3805 sunt,
2668 3722 3001 3806 pensatis
3029 3720 3484 3806 qualitatibus

527 3844 1010 3912 personarum
1045 3832 1120 3895 et
1150 3828 1591 3896 delictorum
1628 3828 2006 3896 adiunctis
2037 3827 2089 3894 ⁸.
2187 3824 2191 3828 ’

1794 3987 1972 4052 CAN.
2023 3986 2217 4053 2313.

705 4107 738 4189 ξ
787 4108 852 4173 1.
904 4106 1359 4192 Praecipuae
1395 4110 1893 4192 poenitentiae
1928 4115 2105 4178 sunt
2140 4115 2577 4195 praecepta:

787 4217 883 4281 1.⁰
929 4215 1321 4283 Recitandi
1371 4216 1906 4285 determinatas
1947 4236 2219 4302 preces;

780 4323 879 4389 2.·
923 4323 1337 4409 Peragendi
1410 4324 1609 4409 piam
1681 4326 2009 4411 aliquam
2101 4323 2763 4409 peregrinationem
2822 4327 2937 4393 vel
2996 4327 3153 4394 alia
3214 4320 3481 4411 pietatis

522 4449 769 4516 01)θηὶ

703 4625 723 4660 ¹
764 4625 823 4677 S.
867 4623 931 4675 O.
969 4624 1073 4685 Ep.
1109 4628 1171 4677 et
1203 4624 1366 4686 Reg„
1402 4624 1572 4677 instr.
1608 4627 1673 4677 11
1706 4625 1827 4678 lun.
1864 4626 2012 4686 1880,
2046 4638 2105 4678 n.
2141 4626 2189 4687 6;
2225 4626 2282 4679 S.
2316 4627 2380 4679 C.
2411 4626 2486 4679 de
2518 4626 2853 4688 Reugiosls,
2891 4628 3047 4679 decr.
3093 4627 3160 4679 16
3196 4629 3312 4679 ian.
3353 4622 3472 4675 1911.

522 4726 580 4764 n.
615 4714 664 4774 7,
696 4712 778 4775 n;
809 4713 867 4765 S.
903 4715 968 4766 G.
1011 4715 1085 4767 de
1120 4715 1290 4776 Prop.
1336 4706 1500 4776 mae,
1539 4716 1709 4768 instr.
1745 4729 1800 4767 a.
1837 4715 1985 4777 1883,
2018 4729 2074 4767 n.
2113 4717 2215 4769 VI.

695 4812 719 4845 ²
769 4804 828 4856 S.
853 4805 918 4857 C.
949 4806 1055 4865 Dp.
1079 4809 1141 4858 et
1171 4786 1334 4867 Bag..
1362 4806 1531 4859 instr.
1552 4808 1620 4858 -n
1645 4807 1767 4858 lun.
1794 4806 1942 4866 1880,
1967 4820 2026 4858 n.
2059 4807 2107 4868 ⁷;
2132 4807 2191 4859 S.
2224 4807 2290 4859 O.
2316 4806 2390 4859 de
2419 4808 2588 4867 Prop.
2624 4808 2786 4865 Flde.
2816 4793 2993 4860 lustr.
3022 4820 3080 4860 a.
3113 4807 3261 4866 1883,
3287 4819 3339 4855 n.
3365 4797 3470 4853 VII-

697 4901 722 4936 ³
761 4895 827 4948 0.
863 4896 913 4955 4,
945 4896 1028 4957 10,
1060 4896 1144 4956 34,
1180 4897 1252 4947 D.
1297 4897 1362 4958 L:
1395 4908 1444 4948 e.
1488 4897 1570 4949 15.
1612 4897 1683 4948 D.
1720 4898 1963 4957 LXXXI:
1995 4908 2045 4948 c.
2078 4897 2127 4957 8,
2160 4896 2241 4957 22,
2277 4898 2341 4949 C.
2378 4898 2563 4957 xvn.
2599 4910 2654 4959 Q.
2687 4899 2736 4956 4:
2765 4909 2816 4946 c.
2849 4898 2932 4954 23.
2969 4898 3040 4948 D.
3089 4896 3138 4956 Ι,
3173 4897 3246 4945 de
3271 4887 3475 4954 9001ῧέ

520 5000 571 5039 c.
605 4988 688 5047 17,
721 4988 786 5048 Χ,
820 4988 892 5037 ae
924 4988 1281 5048 temporibus
1320 4986 1758 5037 ordinationum
1786 4992 1846 5039 et
1880 4985 2169 5046 qualitate
2201 4986 2677 5045 ordinandorum,
2713 4986 2762 5044 1.
2795 4988 2878 5048 11;
2908 4997 2958 5038 c.
2991 4985 3041 5047 2,
3072 4987 3137 5046 Χ,
3172 4986 3244 5035 de
3276 4995 3357 5041 eo,
3392 4975 3471 5037 σᾶ
3594 5026 3595 5037 ,

523 5076 792 5136 οοοηουίι
829 5078 1323 5137 οοπεαπραίησαπι
1366 5076 1568 5130 uxor-ie
1601 5088 1744 5127 auae
1776 5077 1869 5128 vei
1912 5086 2179 5133 sponsae,
2219 5075 2320 5136 IV,
2355 5075 2437 5137 13;
2468 5086 2519 5126 c.
2554 5076 2605 5135 2,
2637 5076 2703 5135 Χ,
2741 5078 2813 5127 ae
2849 5075 3058 5126 elerico
3089 5086 3205 5126 non
3236 5068 3471 5124 ordi-⁸⁸0

522 5170 921 5227 ministrante,
964 5168 1033 5228 V.
1066 5168 1149 5221 28.

691 5266 718 5302 ⁴
761 5258 827 5312 Ο.
858 5259 910 5316 7,
943 5260 1011 5318 Χ.
1051 5262 1123 5311 ae
1151 5258 1530 5317 poenitentiis
1559 5259 1620 5307 et
1656 5254 2120 5315 remissionibus,
2154 5257 2223 5316 V,
2255 5256 2338 5308 33.

688 5354 714 5388 ³
760 5345 827 5399 O.
866 5345 916 5406 8,
949 5348 1016 5407 Χ,
1050 5346 1121 5399 de
1154 5345 1533 5406 poenitentiis
1563 5350 1623 5398 et
1651 5344 2116 5406 mmiaoionibus,
2146 5347 2216 5408 V,
2249 5346 2332 5399 88.
