<?xml version="1.0" encoding="UTF-8"?>
<!DOCTYPE html PUBLIC "-//W3C//DTD XHTML 1.0 Transitional//EN"
    "http://www.w3.org/TR/xhtml1/DTD/xhtml1-transitional.dtd">
<html xmlns="http://www.w3.org/1999/xhtml" xml:lang="en" lang="en">
 <head>
  <title>
</title>
<meta http-equiv="Content-Type" content="text/html;charset=utf-8" />
  <meta name='ocr-system' content='tesseract 3.04.00' />
  <meta name='ocr-capabilities' content='ocr_page ocr_carea ocr_par ocr_line ocrx_word'/>
</head>
<body>
  <div class='ocr_page' id='page_1' title='image "./codexiuriscanon00xgoog_0793.png"; bbox 0 0 3753 5871; ppageno 0'>
   <div class='ocr_carea' id='block_1_1' title="bbox 668 279 911 338">
    <p class='ocr_par' dir='ltr' id='par_1_1' title="bbox 668 279 911 338">
     <span class='ocr_line' id='line_1_1' title="bbox 668 279 911 338; baseline -0.008 -1"><span class='ocrx_word' id='word_1_1' title='bbox 668 279 911 338; x_wconf 71' lang='lat' dir='ltr'><strong>Iud-Iar</strong></span> 
     </span>
    </p>
   </div>
   <div class='ocr_carea' id='block_1_2' title="bbox 1215 267 2161 329">
    <p class='ocr_par' dir='ltr' id='par_1_2' title="bbox 1215 267 2161 329">
     <span class='ocr_line' id='line_1_2' title="bbox 1215 267 2161 329; baseline -0.003 -5"><span class='ocrx_word' id='word_1_2' title='bbox 1215 273 1403 324; x_wconf 71' lang='lat' dir='ltr'><strong>ludeo</strong></span> <span class='ocrx_word' id='word_1_3' title='bbox 1435 267 2161 329; x_wconf 68' lang='lat' dir='ltr'><strong>analytice-alphabeticum</strong></span> 
     </span>
    </p>
   </div>
   <div class='ocr_carea' id='block_1_3' title="bbox 2453 255 3172 322">
    <p class='ocr_par' dir='ltr' id='par_1_3' title="bbox 2453 255 3172 322">
     <span class='ocr_line' id='line_1_3' title="bbox 2453 255 3172 322; baseline -0.013 0"><span class='ocrx_word' id='word_1_4' title='bbox 2453 262 2686 322; x_wconf 65' lang='lat' dir='ltr'><strong>Iar-In</strong></span> <span class='ocrx_word' id='word_1_5' title='bbox 3064 255 3172 314; x_wconf 73' lang='lat'><strong>743</strong></span> 
     </span>
    </p>
   </div>
   <div class='ocr_carea' id='block_1_4' title="bbox 193 355 3169 395">
    <p class='ocr_par' dir='ltr' id='par_1_4' title="bbox 193 355 3169 395">
     <span class='ocr_line' id='line_1_4' title="bbox 193 355 3169 395; baseline -0.01 -1"><span class='ocrx_word' id='word_1_6' title='bbox 193 355 3169 395; x_wconf 81' lang='lat'>..--—---——————-——-————-—————-—-—-</span> 
     </span>
    </p>
   </div>
   <div class='ocr_carea' id='block_1_5' title="bbox 191 471 433 538">
    <p class='ocr_par' dir='ltr' id='par_1_5' title="bbox 191 471 433 538">
     <span class='ocr_line' id='line_1_5' title="bbox 191 471 433 538; baseline -0.017 -14"><span class='ocrx_word' id='word_1_7' title='bbox 191 471 404 538; x_wconf 74' lang='lat' dir='ltr'><strong>[Index]</strong></span> <span class='ocrx_word' id='word_1_8' title='bbox 419 484 433 520; x_wconf 72' lang='grc' dir='ltr'><strong><em>ε</em></strong></span> 
     </span>
    </p>
   </div>
   <div class='ocr_carea' id='block_1_6' title="bbox 1729 453 1932 520">
    <p class='ocr_par' dir='ltr' id='par_1_6' title="bbox 1729 453 1932 520">
     <span class='ocr_line' id='line_1_6' title="bbox 1729 453 1932 520; baseline -0.02 -13"><span class='ocrx_word' id='word_1_9' title='bbox 1729 453 1905 520; x_wconf 72' lang='lat' dir='ltr'><strong>[Iura]</strong></span> <span class='ocrx_word' id='word_1_10' title='bbox 1919 469 1932 503; x_wconf 92' lang='lat'>:</span> 
     </span>
    </p>
   </div>
   <div class='ocr_carea' id='block_1_7' title="bbox 312 522 3171 611">
    <p class='ocr_par' dir='ltr' id='par_1_7' title="bbox 312 522 3171 611">
     <span class='ocr_line' id='line_1_7' title="bbox 312 522 3171 611; baseline -0.01 -11"><span class='ocrx_word' id='word_1_11' title='bbox 312 551 428 610; x_wconf 88' lang='lat' dir='ltr'><strong>bet,</strong></span> <span class='ocrx_word' id='word_1_12' title='bbox 441 549 564 599; x_wconf 89' lang='lat' dir='ltr'><strong>tum</strong></span> <span class='ocrx_word' id='word_1_13' title='bbox 577 547 886 611; x_wconf 86' lang='lat' dir='ltr'><strong>antequam</strong></span> <span class='ocrx_word' id='word_1_14' title='bbox 903 542 1154 607; x_wconf 88' lang='lat' dir='ltr'><strong>aliquem</strong></span> <span class='ocrx_word' id='word_1_15' title='bbox 1168 538 1239 592; x_wconf 90' lang='lat' dir='ltr'><strong>ad</strong></span> <span class='ocrx_word' id='word_1_16' title='bbox 1251 550 1422 590; x_wconf 90' lang='lat' dir='ltr'><strong>suum</strong></span> <span class='ocrx_word' id='word_1_17' title='bbox 1437 533 1629 588; x_wconf 85' lang='lat' dir='ltr'><strong>trahat</strong></span> <span class='ocrx_word' id='word_1_18' title='bbox 1726 564 1791 573; x_wconf 93' lang='lat'><em>-</em></span> <span class='ocrx_word' id='word_1_19' title='bbox 1812 532 2192 600; x_wconf 70' lang='lat' dir='ltr'><strong>temporalia:</strong></span> <span class='ocrx_word' id='word_1_20' title='bbox 2212 543 2416 583; x_wconf 85' lang='lat' dir='ltr'><strong>causae</strong></span> <span class='ocrx_word' id='word_1_21' title='bbox 2432 529 2502 580; x_wconf 93' lang='lat' dir='ltr'><strong>de</strong></span> <span class='ocrx_word' id='word_1_22' title='bbox 2520 526 2742 579; x_wconf 87' lang='lat' dir='ltr'><strong>iuribus</strong></span> <span class='ocrx_word' id='word_1_23' title='bbox 2763 522 3171 591; x_wconf 73' lang='lat' dir='ltr'><strong>temporalibus</strong></span> 
     </span>
    </p>
   </div>
   <div class='ocr_carea' id='block_1_8' title="bbox 139 617 1646 5437">
    <p class='ocr_par' dir='ltr' id='par_1_8' title="bbox 139 617 1641 3988">
     <span class='ocr_line' id='line_1_8' title="bbox 311 617 1632 692; baseline -0.011 -11"><span class='ocrx_word' id='word_1_24' title='bbox 311 627 582 688; x_wconf 86' lang='lat' dir='ltr'><strong>tribunal,</strong></span> <span class='ocrx_word' id='word_1_25' title='bbox 617 626 740 679; x_wconf 87' lang='grc'>1609</span> <span class='ocrx_word' id='word_1_26' title='bbox 769 626 802 692; x_wconf 90' lang='grc'><strong>5</strong></span> <span class='ocrx_word' id='word_1_27' title='bbox 829 627 876 685; x_wconf 92' lang='grc'><strong>1,</strong></span> <span class='ocrx_word' id='word_1_28' title='bbox 912 625 1033 675; x_wconf 89' lang='lat' dir='ltr'><strong>tum</strong></span> <span class='ocrx_word' id='word_1_29' title='bbox 1067 621 1114 672; x_wconf 91' lang='lat' dir='ltr'><strong>si</strong></span> <span class='ocrx_word' id='word_1_30' title='bbox 1148 618 1401 684; x_wconf 87' lang='lat' dir='ltr'><strong>exceptio</strong></span> <span class='ocrx_word' id='word_1_31' title='bbox 1434 617 1632 669; x_wconf 86' lang='lat' dir='ltr'><strong>contra</strong></span> 
     </span>
     <span class='ocr_line' id='line_1_9' title="bbox 312 694 1628 774; baseline -0.012 -11"><span class='ocrx_word' id='word_1_32' title='bbox 312 711 439 762; x_wconf 87' lang='lat' dir='ltr'><strong>eius</strong></span> <span class='ocrx_word' id='word_1_33' title='bbox 468 706 901 774; x_wconf 74' lang='lat' dir='ltr'><strong>competentiam</strong></span> <span class='ocrx_word' id='word_1_34' title='bbox 925 702 1290 770; x_wconf 87' lang='lat' dir='ltr'><strong>proponatur,</strong></span> <span class='ocrx_word' id='word_1_35' title='bbox 1326 698 1465 758; x_wconf 87' lang='grc'>1610,</span> <span class='ocrx_word' id='word_1_36' title='bbox 1497 698 1557 748; x_wconf 95' lang='lat' dir='ltr'><strong>et</strong></span> <span class='ocrx_word' id='word_1_37' title='bbox 1576 694 1628 748; x_wconf 89' lang='lat' dir='ltr'><strong>si</strong></span> 
     </span>
     <span class='ocr_line' id='line_1_10' title="bbox 310 779 1629 857; baseline -0.013 -13"><span class='ocrx_word' id='word_1_38' title='bbox 310 790 616 857; x_wconf 81' lang='lat' dir='ltr'><strong>cognoscat</strong></span> <span class='ocrx_word' id='word_1_39' title='bbox 635 803 697 839; x_wconf 85' lang='lat' dir='ltr'><strong>se</strong></span> <span class='ocrx_word' id='word_1_40' title='bbox 718 801 842 839; x_wconf 87' lang='lat' dir='ltr'><strong>esse</strong></span> <span class='ocrx_word' id='word_1_41' title='bbox 858 783 1119 837; x_wconf 88' lang='lat' dir='ltr'><strong>absolute</strong></span> <span class='ocrx_word' id='word_1_42' title='bbox 1137 779 1629 845; x_wconf 87' lang='lat' dir='ltr'><strong>incompetentem,</strong></span> 
     </span>
     <span class='ocr_line' id='line_1_11' title="bbox 313 858 1632 936; baseline -0.012 -13"><span class='ocrx_word' id='word_1_43' title='bbox 313 872 371 924; x_wconf 90' lang='lat' dir='ltr'><strong>id</strong></span> <span class='ocrx_word' id='word_1_44' title='bbox 393 872 578 936; x_wconf 86' lang='lat' dir='ltr'><strong>ipsum</strong></span> <span class='ocrx_word' id='word_1_45' title='bbox 601 870 660 920; x_wconf 89' lang='lat' dir='ltr'><strong>in</strong></span> <span class='ocrx_word' id='word_1_46' title='bbox 692 867 897 933; x_wconf 81' lang='lat' dir='ltr'><strong>quovis</strong></span> <span class='ocrx_word' id='word_1_47' title='bbox 919 863 1116 916; x_wconf 91' lang='lat' dir='ltr'><strong>iudicii</strong></span> <span class='ocrx_word' id='word_1_48' title='bbox 1141 861 1327 913; x_wconf 86' lang='lat' dir='ltr'><strong>stadio</strong></span> <span class='ocrx_word' id='word_1_49' title='bbox 1348 858 1632 911; x_wconf 89' lang='lat' dir='ltr'><strong>declarare</strong></span> 
     </span>
     <span class='ocr_line' id='line_1_12' title="bbox 314 938 1632 1012; baseline -0.011 -10"><span class='ocrx_word' id='word_1_50' title='bbox 314 950 500 1010; x_wconf 86' lang='lat' dir='ltr'><strong>debet,</strong></span> <span class='ocrx_word' id='word_1_51' title='bbox 550 948 696 1011; x_wconf 75' lang='lat'>16113</span> <span class='ocrx_word' id='word_1_52' title='bbox 747 946 888 1012; x_wconf 87' lang='lat' dir='ltr'><strong>quid</strong></span> <span class='ocrx_word' id='word_1_53' title='bbox 935 944 986 996; x_wconf 88' lang='lat' dir='ltr'><strong>si</strong></span> <span class='ocrx_word' id='word_1_54' title='bbox 1035 943 1185 994; x_wconf 89' lang='lat' dir='ltr'><strong>inter</strong></span> <span class='ocrx_word' id='word_1_55' title='bbox 1225 941 1377 1006; x_wconf 84' lang='lat' dir='ltr'><strong>ipsos</strong></span> <span class='ocrx_word' id='word_1_56' title='bbox 1416 938 1632 990; x_wconf 83' lang='lat' dir='ltr'><strong>iudices</strong></span> 
     </span>
     <span class='ocr_line' id='line_1_13' title="bbox 312 1018 1630 1086; baseline -0.011 -4"><span class='ocrx_word' id='word_1_57' title='bbox 312 1031 533 1082; x_wconf 85' lang='lat' dir='ltr'><strong>oriatur</strong></span> <span class='ocrx_word' id='word_1_58' title='bbox 591 1026 978 1080; x_wconf 84' lang='lat' dir='ltr'><strong>controversia</strong></span> <span class='ocrx_word' id='word_1_59' title='bbox 1030 1023 1103 1075; x_wconf 91' lang='lat' dir='ltr'><strong>de</strong></span> <span class='ocrx_word' id='word_1_60' title='bbox 1165 1018 1630 1086; x_wconf 89' lang='lat' dir='ltr'><strong>incompetentia,</strong></span> 
     </span>
     <span class='ocr_line' id='line_1_14' title="bbox 317 1105 1632 1168; baseline -0.011 -6"><span class='ocrx_word' id='word_1_61' title='bbox 317 1110 473 1168; x_wconf 86' lang='grc'>1612;</span> <span class='ocrx_word' id='word_1_62' title='bbox 525 1122 601 1160; x_wconf 88' lang='lat' dir='ltr'><strong>an</strong></span> <span class='ocrx_word' id='word_1_63' title='bbox 657 1105 1103 1160; x_wconf 88' lang='lat' dir='ltr'><strong>iurisdictionem</strong></span> <span class='ocrx_word' id='word_1_64' title='bbox 1156 1114 1319 1153; x_wconf 88' lang='lat' dir='ltr'><strong>suam</strong></span> <span class='ocrx_word' id='word_1_65' title='bbox 1372 1110 1632 1150; x_wconf 88' lang='lat' dir='ltr'><strong>exercere</strong></span> 
     </span>
     <span class='ocr_line' id='line_1_15' title="bbox 317 1176 1629 1257; baseline -0.01 -14"><span class='ocrx_word' id='word_1_66' title='bbox 317 1191 496 1257; x_wconf 80' lang='lat' dir='ltr'><strong>possit</strong></span> <span class='ocrx_word' id='word_1_67' title='bbox 526 1190 689 1242; x_wconf 89' lang='lat' dir='ltr'><strong>extra</strong></span> <span class='ocrx_word' id='word_1_68' title='bbox 720 1185 1071 1239; x_wconf 87' lang='lat' dir='ltr'><strong>territorium</strong></span> <span class='ocrx_word' id='word_1_69' title='bbox 1104 1184 1162 1234; x_wconf 88' lang='lat' dir='ltr'><strong>et</strong></span> <span class='ocrx_word' id='word_1_70' title='bbox 1194 1180 1444 1247; x_wconf 85' lang='lat' dir='ltr'><strong>quande,</strong></span> <span class='ocrx_word' id='word_1_71' title='bbox 1483 1176 1629 1240; x_wconf 76' lang='lat'>16373</span> 
     </span>
     <span class='ocr_line' id='line_1_16' title="bbox 317 1264 1631 1330; baseline -0.011 -6"><span class='ocrx_word' id='word_1_72' title='bbox 317 1285 421 1324; x_wconf 91' lang='lat' dir='ltr'><strong>nec</strong></span> <span class='ocrx_word' id='word_1_73' title='bbox 451 1270 620 1321; x_wconf 89' lang='lat' dir='ltr'><strong>debet</strong></span> <span class='ocrx_word' id='word_1_74' title='bbox 656 1267 829 1320; x_wconf 88' lang='lat' dir='ltr'><strong>iudex</strong></span> <span class='ocrx_word' id='word_1_75' title='bbox 870 1264 1160 1330; x_wconf 75' lang='lat' dir='ltr'><strong>suscipere</strong></span> <span class='ocrx_word' id='word_1_76' title='bbox 1190 1274 1418 1313; x_wconf 88' lang='lat' dir='ltr'><strong>causam</strong></span> <span class='ocrx_word' id='word_1_77' title='bbox 1459 1271 1631 1325; x_wconf 85' lang='lat' dir='ltr'><strong>quam</strong></span> 
     </span>
     <span class='ocr_line' id='line_1_17' title="bbox 317 1339 1633 1414; baseline -0.011 -11"><span class='ocrx_word' id='word_1_78' title='bbox 317 1352 379 1403; x_wconf 90' lang='lat' dir='ltr'><strong>in</strong></span> <span class='ocrx_word' id='word_1_79' title='bbox 410 1351 524 1402; x_wconf 89' lang='lat' dir='ltr'><strong>alio</strong></span> <span class='ocrx_word' id='word_1_80' title='bbox 555 1348 755 1401; x_wconf 88' lang='lat' dir='ltr'><strong>iudicii</strong></span> <span class='ocrx_word' id='word_1_81' title='bbox 791 1346 972 1414; x_wconf 89' lang='lat' dir='ltr'><strong>gradu</strong></span> <span class='ocrx_word' id='word_1_82' title='bbox 1009 1346 1121 1396; x_wconf 85' lang='lat' dir='ltr'><strong>iam</strong></span> <span class='ocrx_word' id='word_1_83' title='bbox 1155 1342 1324 1401; x_wconf 79' lang='lat' dir='ltr'><strong>vidit,</strong></span> <span class='ocrx_word' id='word_1_84' title='bbox 1356 1340 1496 1401; x_wconf 91' lang='grc'>1571,</span> <span class='ocrx_word' id='word_1_85' title='bbox 1528 1339 1633 1390; x_wconf 87' lang='lat' dir='ltr'><strong>aut</strong></span> 
     </span>
     <span class='ocr_line' id='line_1_18' title="bbox 317 1419 1630 1496; baseline -0.011 -13"><span class='ocrx_word' id='word_1_86' title='bbox 317 1432 380 1483; x_wconf 91' lang='lat' dir='ltr'><strong>in</strong></span> <span class='ocrx_word' id='word_1_87' title='bbox 412 1444 529 1496; x_wconf 84' lang='lat' dir='ltr'><strong>qua</strong></span> <span class='ocrx_word' id='word_1_88' title='bbox 563 1427 783 1494; x_wconf 85' lang='lat' dir='ltr'><strong>aliquid</strong></span> <span class='ocrx_word' id='word_1_89' title='bbox 818 1426 1004 1492; x_wconf 86' lang='lat' dir='ltr'><strong>ipsius</strong></span> <span class='ocrx_word' id='word_1_90' title='bbox 1049 1423 1298 1483; x_wconf 87' lang='lat' dir='ltr'><strong>intersit,</strong></span> <span class='ocrx_word' id='word_1_91' title='bbox 1346 1421 1468 1473; x_wconf 88' lang='grc'>1613</span> <span class='ocrx_word' id='word_1_92' title='bbox 1507 1420 1541 1483; x_wconf 82' lang='grc'><strong>5</strong></span> <span class='ocrx_word' id='word_1_93' title='bbox 1575 1419 1630 1475; x_wconf 80' lang='grc' dir='ltr'><strong>1ς</strong></span> 
     </span>
     <span class='ocr_line' id='line_1_19' title="bbox 314 1498 1630 1576; baseline -0.011 -14"><span class='ocrx_word' id='word_1_94' title='bbox 314 1510 456 1576; x_wconf 87' lang='lat' dir='ltr'><strong>quid</strong></span> <span class='ocrx_word' id='word_1_95' title='bbox 489 1509 560 1561; x_wconf 90' lang='lat' dir='ltr'><strong>de</strong></span> <span class='ocrx_word' id='word_1_96' title='bbox 580 1508 914 1572; x_wconf 80' lang='lat' dir='ltr'><strong>exceptione</strong></span> <span class='ocrx_word' id='word_1_97' title='bbox 935 1504 1300 1570; x_wconf 87' lang='lat' dir='ltr'><strong>suspicionis,</strong></span> <span class='ocrx_word' id='word_1_98' title='bbox 1335 1498 1630 1559; x_wconf 72' lang='grc' dir='ltr'>1614-1617ς</span> 
     </span>
     <span class='ocr_line' id='line_1_20' title="bbox 314 1577 1635 1653; baseline -0.011 -11"><span class='ocrx_word' id='word_1_99' title='bbox 314 1605 388 1643; x_wconf 87' lang='lat' dir='ltr'><strong>an</strong></span> <span class='ocrx_word' id='word_1_100' title='bbox 431 1589 607 1641; x_wconf 87' lang='lat' dir='ltr'><strong>iudex</strong></span> <span class='ocrx_word' id='word_1_101' title='bbox 644 1586 942 1653; x_wconf 80' lang='lat' dir='ltr'><strong>procedere</strong></span> <span class='ocrx_word' id='word_1_102' title='bbox 978 1597 1200 1649; x_wconf 80' lang='lat' dir='ltr'><strong>semper</strong></span> <span class='ocrx_word' id='word_1_103' title='bbox 1240 1581 1419 1647; x_wconf 89' lang='lat' dir='ltr'><strong>possit</strong></span> <span class='ocrx_word' id='word_1_104' title='bbox 1451 1593 1521 1630; x_wconf 88' lang='lat' dir='ltr'><strong>ex</strong></span> <span class='ocrx_word' id='word_1_105' title='bbox 1555 1577 1635 1629; x_wconf 77' lang='lat' dir='ltr'><strong>oi*-</strong></span> 
     </span>
     <span class='ocr_line' id='line_1_21' title="bbox 316 1658 1636 1731; baseline -0.011 -9"><span class='ocrx_word' id='word_1_106' title='bbox 316 1671 475 1730; x_wconf 84' lang='lat' dir='ltr'><strong>flcio,</strong></span> <span class='ocrx_word' id='word_1_107' title='bbox 529 1668 683 1731; x_wconf 76' lang='grc' dir='ltr'>1618ς</span> <span class='ocrx_word' id='word_1_108' title='bbox 740 1665 999 1718; x_wconf 87' lang='lat' dir='ltr'><strong>libellum</strong></span> <span class='ocrx_word' id='word_1_109' title='bbox 1042 1676 1249 1715; x_wconf 86' lang='lat' dir='ltr'><strong>causae</strong></span> <span class='ocrx_word' id='word_1_110' title='bbox 1302 1658 1636 1712; x_wconf 89' lang='lat' dir='ltr'><strong>introducti-</strong></span> 
     </span>
     <span class='ocr_line' id='line_1_22' title="bbox 317 1738 1635 1813; baseline -0.008 -14"><span class='ocrx_word' id='word_1_111' title='bbox 317 1764 449 1801; x_wconf 87' lang='lat' dir='ltr'><strong>vum</strong></span> <span class='ocrx_word' id='word_1_112' title='bbox 484 1749 650 1800; x_wconf 91' lang='lat' dir='ltr'><strong>debet</strong></span> <span class='ocrx_word' id='word_1_113' title='bbox 680 1746 1024 1813; x_wconf 87' lang='lat' dir='ltr'><strong>quantocius</strong></span> <span class='ocrx_word' id='word_1_114' title='bbox 1047 1743 1348 1795; x_wconf 77' lang='lat' dir='ltr'><strong>admittere</strong></span> <span class='ocrx_word' id='word_1_115' title='bbox 1382 1738 1473 1791; x_wconf 86' lang='lat' dir='ltr'><strong>vel</strong></span> <span class='ocrx_word' id='word_1_116' title='bbox 1506 1739 1635 1790; x_wconf 90' lang='lat' dir='ltr'><strong>reii-</strong></span> 
     </span>
     <span class='ocr_line' id='line_1_23' title="bbox 316 1818 1632 1892; baseline -0.009 -12"><span class='ocrx_word' id='word_1_117' title='bbox 316 1843 460 1888; x_wconf 88' lang='lat' dir='ltr'><strong>cere,</strong></span> <span class='ocrx_word' id='word_1_118' title='bbox 506 1828 629 1878; x_wconf 94' lang='grc'>1709</span> <span class='ocrx_word' id='word_1_119' title='bbox 667 1827 750 1892; x_wconf 90' lang='grc'><strong>51</strong></span> <span class='ocrx_word' id='word_1_120' title='bbox 825 1825 963 1891; x_wconf 86' lang='lat' dir='ltr'><strong>quid</strong></span> <span class='ocrx_word' id='word_1_121' title='bbox 1006 1824 1058 1874; x_wconf 92' lang='lat' dir='ltr'><strong>si</strong></span> <span class='ocrx_word' id='word_1_122' title='bbox 1103 1823 1258 1874; x_wconf 86' lang='lat' dir='ltr'><strong>intra</strong></span> <span class='ocrx_word' id='word_1_123' title='bbox 1293 1833 1543 1873; x_wconf 89' lang='lat' dir='ltr'><strong>mensem</strong></span> <span class='ocrx_word' id='word_1_124' title='bbox 1575 1818 1632 1868; x_wconf 89' lang='lat' dir='ltr'><strong>id</strong></span> 
     </span>
     <span class='ocr_line' id='line_1_24' title="bbox 319 1899 1634 1973; baseline -0.008 -13"><span class='ocrx_word' id='word_1_125' title='bbox 319 1907 648 1973; x_wconf 88' lang='lat' dir='ltr'><strong>neglexerit,</strong></span> <span class='ocrx_word' id='word_1_126' title='bbox 694 1905 840 1967; x_wconf 85' lang='lat'>1710;</span> <span class='ocrx_word' id='word_1_127' title='bbox 881 1904 944 1955; x_wconf 89' lang='lat' dir='ltr'><strong>in</strong></span> <span class='ocrx_word' id='word_1_128' title='bbox 982 1902 1194 1953; x_wconf 89' lang='lat' dir='ltr'><strong>iudicio</strong></span> <span class='ocrx_word' id='word_1_129' title='bbox 1225 1899 1507 1953; x_wconf 88' lang='lat' dir='ltr'><strong>criminali</strong></span> <span class='ocrx_word' id='word_1_130' title='bbox 1539 1911 1634 1950; x_wconf 87' lang='lat' dir='ltr'><strong>reo</strong></span> 
     </span>
     <span class='ocr_line' id='line_1_25' title="bbox 316 1978 1637 2049; baseline -0.008 -9"><span class='ocrx_word' id='word_1_131' title='bbox 316 1987 529 2040; x_wconf 84' lang='lat' dir='ltr'><strong>carenti</strong></span> <span class='ocrx_word' id='word_1_132' title='bbox 554 1986 721 2037; x_wconf 88' lang='lat' dir='ltr'><strong>debet</strong></span> <span class='ocrx_word' id='word_1_133' title='bbox 743 1997 963 2049; x_wconf 80' lang='lat' dir='ltr'><strong>semper</strong></span> <span class='ocrx_word' id='word_1_134' title='bbox 984 1982 1118 2034; x_wconf 87' lang='lat' dir='ltr'><strong>dare</strong></span> <span class='ocrx_word' id='word_1_135' title='bbox 1139 1982 1492 2038; x_wconf 83' lang='lat' dir='ltr'><strong>advocatum,</strong></span> <span class='ocrx_word' id='word_1_136' title='bbox 1514 1978 1637 2030; x_wconf 82' lang='grc'>1655</span> 
     </span>
     <span class='ocr_line' id='line_1_26' title="bbox 319 2060 1633 2135; baseline -0.006 -16"><span class='ocrx_word' id='word_1_137' title='bbox 319 2069 352 2135; x_wconf 87' lang='grc'><strong>5</strong></span> <span class='ocrx_word' id='word_1_138' title='bbox 386 2071 432 2129; x_wconf 92' lang='grc'><strong>1,</strong></span> <span class='ocrx_word' id='word_1_139' title='bbox 477 2069 535 2118; x_wconf 89' lang='lat' dir='ltr'><strong>et</strong></span> <span class='ocrx_word' id='word_1_140' title='bbox 582 2067 750 2118; x_wconf 86' lang='lat' dir='ltr'><strong>etiam</strong></span> <span class='ocrx_word' id='word_1_141' title='bbox 801 2065 864 2116; x_wconf 89' lang='lat' dir='ltr'><strong>in</strong></span> <span class='ocrx_word' id='word_1_142' title='bbox 914 2063 1125 2116; x_wconf 89' lang='lat' dir='ltr'><strong>iudicio</strong></span> <span class='ocrx_word' id='word_1_143' title='bbox 1175 2061 1551 2121; x_wconf 86' lang='lat' dir='ltr'><strong>contentioso,</strong></span> <span class='ocrx_word' id='word_1_144' title='bbox 1585 2060 1633 2111; x_wconf 91' lang='lat' dir='ltr'><strong>si</strong></span> 
     </span>
     <span class='ocr_line' id='line_1_27' title="bbox 317 2142 1636 2215; baseline -0.007 -15"><span class='ocrx_word' id='word_1_145' title='bbox 317 2149 523 2215; x_wconf 86' lang='lat' dir='ltr'><strong>agatur</strong></span> <span class='ocrx_word' id='word_1_146' title='bbox 561 2147 632 2198; x_wconf 92' lang='lat' dir='ltr'><strong>de</strong></span> <span class='ocrx_word' id='word_1_147' title='bbox 673 2144 989 2197; x_wconf 87' lang='lat' dir='ltr'><strong>minoribus</strong></span> <span class='ocrx_word' id='word_1_148' title='bbox 1029 2145 1134 2194; x_wconf 85' lang='lat' dir='ltr'><strong>aut</strong></span> <span class='ocrx_word' id='word_1_149' title='bbox 1173 2143 1232 2193; x_wconf 92' lang='lat' dir='ltr'><strong>in</strong></span> <span class='ocrx_word' id='word_1_150' title='bbox 1272 2156 1339 2194; x_wconf 92' lang='lat' dir='ltr'><strong>eo</strong></span> <span class='ocrx_word' id='word_1_151' title='bbox 1379 2142 1636 2192; x_wconf 86' lang='lat' dir='ltr'><strong>vertatur</strong></span> 
     </span>
     <span class='ocr_line' id='line_1_28' title="bbox 321 2222 1636 2293; baseline -0.006 -13"><span class='ocrx_word' id='word_1_152' title='bbox 321 2229 532 2280; x_wconf 89' lang='lat' dir='ltr'><strong>bonum</strong></span> <span class='ocrx_word' id='word_1_153' title='bbox 585 2226 900 2293; x_wconf 87' lang='lat' dir='ltr'><strong>publicum,</strong></span> <span class='ocrx_word' id='word_1_154' title='bbox 943 2225 1057 2275; x_wconf 88' lang='lat' dir='ltr'><strong>imo</strong></span> <span class='ocrx_word' id='word_1_155' title='bbox 1100 2223 1285 2289; x_wconf 90' lang='lat' dir='ltr'><strong>potest</strong></span> <span class='ocrx_word' id='word_1_156' title='bbox 1326 2222 1498 2274; x_wconf 87' lang='lat' dir='ltr'><strong>etiam</strong></span> <span class='ocrx_word' id='word_1_157' title='bbox 1542 2234 1636 2272; x_wconf 80' lang='lat' dir='ltr'><strong>reo</strong></span> 
     </span>
     <span class='ocr_line' id='line_1_29' title="bbox 321 2301 1633 2370; baseline -0.006 -10"><span class='ocrx_word' id='word_1_158' title='bbox 321 2308 554 2360; x_wconf 77' lang='lat' dir='ltr'><strong>habenti</strong></span> <span class='ocrx_word' id='word_1_159' title='bbox 597 2307 773 2358; x_wconf 86' lang='lat' dir='ltr'><strong>alium</strong></span> <span class='ocrx_word' id='word_1_160' title='bbox 816 2305 1125 2370; x_wconf 87' lang='lat' dir='ltr'><strong>adiungere</strong></span> <span class='ocrx_word' id='word_1_161' title='bbox 1174 2303 1223 2355; x_wconf 92' lang='lat' dir='ltr'><strong>si</strong></span> <span class='ocrx_word' id='word_1_162' title='bbox 1263 2316 1431 2354; x_wconf 86' lang='lat' dir='ltr'><strong>casus</strong></span> <span class='ocrx_word' id='word_1_163' title='bbox 1470 2301 1633 2362; x_wconf 74' lang='lat' dir='ltr'><strong>ierat,</strong></span> 
     </span>
     <span class='ocr_line' id='line_1_30' title="bbox 321 2381 1636 2453; baseline -0.006 -13"><span class='ocrx_word' id='word_1_164' title='bbox 321 2389 445 2440; x_wconf 87' lang='grc'>1655</span> <span class='ocrx_word' id='word_1_165' title='bbox 489 2389 521 2453; x_wconf 86' lang='grc'><strong>5</strong></span> <span class='ocrx_word' id='word_1_166' title='bbox 554 2389 612 2450; x_wconf 74' lang='grc' dir='ltr'><strong>2ς</strong></span> <span class='ocrx_word' id='word_1_167' title='bbox 657 2402 731 2440; x_wconf 90' lang='lat' dir='ltr'><strong>an</strong></span> <span class='ocrx_word' id='word_1_168' title='bbox 774 2386 1040 2452; x_wconf 90' lang='lat' dir='ltr'><strong>supplere</strong></span> <span class='ocrx_word' id='word_1_169' title='bbox 1086 2385 1265 2448; x_wconf 85' lang='lat' dir='ltr'><strong>possit</strong></span> <span class='ocrx_word' id='word_1_170' title='bbox 1305 2382 1395 2434; x_wconf 83' lang='lat' dir='ltr'><strong>vel</strong></span> <span class='ocrx_word' id='word_1_171' title='bbox 1435 2381 1636 2433; x_wconf 87' lang='lat' dir='ltr'><strong>debeat</strong></span> 
     </span>
     <span class='ocr_line' id='line_1_31' title="bbox 321 2461 1635 2536; baseline -0.008 -14"><span class='ocrx_word' id='word_1_172' title='bbox 321 2470 728 2536; x_wconf 72' lang='lat' dir='ltr'><strong>negligentiam</strong></span> <span class='ocrx_word' id='word_1_173' title='bbox 770 2469 873 2519; x_wconf 87' lang='lat' dir='ltr'><strong>aut</strong></span> <span class='ocrx_word' id='word_1_174' title='bbox 915 2465 1253 2532; x_wconf 80' lang='lat' dir='ltr'><strong>imperitiam</strong></span> <span class='ocrx_word' id='word_1_175' title='bbox 1290 2464 1498 2515; x_wconf 87' lang='lat' dir='ltr'><strong>actoris</strong></span> <span class='ocrx_word' id='word_1_176' title='bbox 1544 2461 1635 2512; x_wconf 83' lang='lat' dir='ltr'><strong>vel</strong></span> 
     </span>
     <span class='ocr_line' id='line_1_32' title="bbox 321 2545 1638 2642; baseline -0.007 -39"><span class='ocrx_word' id='word_1_177' title='bbox 321 2552 423 2609; x_wconf 88' lang='lat' dir='ltr'><strong>rei.</strong></span> <span class='ocrx_word' id='word_1_178' title='bbox 459 2551 605 2613; x_wconf 85' lang='grc'>1619;</span> <span class='ocrx_word' id='word_1_179' title='bbox 641 2550 796 2642; x_wconf 59' lang='lat' dir='ltr'><strong>intra</strong></span> <span class='ocrx_word' id='word_1_180' title='bbox 827 2548 981 2615; x_wconf 90' lang='lat' dir='ltr'><strong>quod</strong></span> <span class='ocrx_word' id='word_1_181' title='bbox 1019 2550 1245 2613; x_wconf 88' lang='lat' dir='ltr'><strong>tempus</strong></span> <span class='ocrx_word' id='word_1_182' title='bbox 1275 2545 1476 2597; x_wconf 88' lang='lat' dir='ltr'><strong>debeat</strong></span> <span class='ocrx_word' id='word_1_183' title='bbox 1506 2557 1638 2596; x_wconf 89' lang='lat' dir='ltr'><strong>cau-</strong></span> 
     </span>
     <span class='ocr_line' id='line_1_33' title="bbox 319 2626 1633 2704; baseline -0.005 -20"><span class='ocrx_word' id='word_1_184' title='bbox 319 2647 430 2692; x_wconf 84' lang='lat' dir='ltr'><strong>sas,</strong></span> <span class='ocrx_word' id='word_1_185' title='bbox 465 2632 624 2683; x_wconf 82' lang='lat' dir='ltr'><strong>salva</strong></span> <span class='ocrx_word' id='word_1_186' title='bbox 655 2631 897 2689; x_wconf 77' lang='lat' dir='ltr'><strong>iustitia,</strong></span> <span class='ocrx_word' id='word_1_187' title='bbox 931 2629 1254 2704; x_wconf 76' lang='lat' dir='ltr'><strong>terminare,</strong></span> <span class='ocrx_word' id='word_1_188' title='bbox 1280 2626 1418 2686; x_wconf 70' lang='lat' dir='ltr'><strong>iiim,</strong></span> <span class='ocrx_word' id='word_1_189' title='bbox 1440 2627 1499 2676; x_wconf 89' lang='lat' dir='ltr'><strong>et</strong></span> <span class='ocrx_word' id='word_1_190' title='bbox 1520 2638 1633 2690; x_wconf 88' lang='lat' dir='ltr'><strong>quo</strong></span> 
     </span>
     <span class='ocr_line' id='line_1_34' title="bbox 299 2705 1636 2777; baseline -0.007 -12"><span class='ocrx_word' id='word_1_191' title='bbox 299 2711 516 2765; x_wconf 63' lang='lat' dir='ltr'><strong>‘ordine</strong></span> <span class='ocrx_word' id='word_1_192' title='bbox 555 2723 911 2777; x_wconf 72' lang='lat' dir='ltr'><strong>cognoscere,</strong></span> <span class='ocrx_word' id='word_1_193' title='bbox 958 2708 1105 2770; x_wconf 68' lang='lat'><strong>1627,</strong></span> <span class='ocrx_word' id='word_1_194' title='bbox 1157 2708 1227 2759; x_wconf 92' lang='lat' dir='ltr'><strong>de</strong></span> <span class='ocrx_word' id='word_1_195' title='bbox 1264 2705 1636 2758; x_wconf 89' lang='lat' dir='ltr'><strong>iureiurando</strong></span> 
     </span>
     <span class='ocr_line' id='line_1_35' title="bbox 324 2788 1638 2858; baseline -0.007 -14"><span class='ocrx_word' id='word_1_196' title='bbox 324 2792 686 2858; x_wconf 82' lang='lat' dir='ltr'><strong>praestando,</strong></span> <span class='ocrx_word' id='word_1_197' title='bbox 743 2791 889 2849; x_wconf 87' lang='grc'>1621,</span> <span class='ocrx_word' id='word_1_198' title='bbox 937 2788 1091 2851; x_wconf 84' lang='grc'>1622;</span> <span class='ocrx_word' id='word_1_199' title='bbox 1142 2788 1211 2839; x_wconf 91' lang='lat' dir='ltr'><strong>de</strong></span> <span class='ocrx_word' id='word_1_200' title='bbox 1257 2791 1472 2838; x_wconf 87' lang='lat' dir='ltr'><strong>secreto</strong></span> <span class='ocrx_word' id='word_1_201' title='bbox 1525 2799 1638 2837; x_wconf 88' lang='lat' dir='ltr'><strong>ser-</strong></span> 
     </span>
     <span class='ocr_line' id='line_1_36' title="bbox 321 2868 1637 2933; baseline -0.006 -9"><span class='ocrx_word' id='word_1_202' title='bbox 321 2873 527 2933; x_wconf 80' lang='lat' dir='ltr'><strong>vando,</strong></span> <span class='ocrx_word' id='word_1_203' title='bbox 552 2872 701 2928; x_wconf 83' lang='grc'>1623;</span> <span class='ocrx_word' id='word_1_204' title='bbox 729 2870 799 2922; x_wconf 89' lang='lat' dir='ltr'><strong>de</strong></span> <span class='ocrx_word' id='word_1_205' title='bbox 833 2868 1165 2921; x_wconf 89' lang='lat' dir='ltr'><strong>muneribus</strong></span> <span class='ocrx_word' id='word_1_206' title='bbox 1198 2881 1314 2920; x_wconf 92' lang='lat' dir='ltr'><strong>non</strong></span> <span class='ocrx_word' id='word_1_207' title='bbox 1344 2868 1637 2931; x_wconf 74' lang='lat' dir='ltr'><strong>acceptan-</strong></span> 
     </span>
     <span class='ocr_line' id='line_1_37' title="bbox 322 2947 1637 3018; baseline -0.005 -13"><span class='ocrx_word' id='word_1_208' title='bbox 322 2953 428 3014; x_wconf 87' lang='lat' dir='ltr'><strong>dis,</strong></span> <span class='ocrx_word' id='word_1_209' title='bbox 454 2953 601 3015; x_wconf 69' lang='grc' dir='ltr'>1021ς</span> <span class='ocrx_word' id='word_1_210' title='bbox 622 2966 741 3018; x_wconf 91' lang='lat' dir='ltr'><strong>qua</strong></span> <span class='ocrx_word' id='word_1_211' title='bbox 763 2953 981 3003; x_wconf 89' lang='lat' dir='ltr'><strong>ratione</strong></span> <span class='ocrx_word' id='word_1_212' title='bbox 997 2950 1205 3017; x_wconf 89' lang='lat' dir='ltr'><strong>punire</strong></span> <span class='ocrx_word' id='word_1_213' title='bbox 1227 2950 1402 3014; x_wconf 86' lang='lat' dir='ltr'><strong>possit</strong></span> <span class='ocrx_word' id='word_1_214' title='bbox 1425 2947 1637 2999; x_wconf 89' lang='lat' dir='ltr'><strong>iudicio</strong></span> 
     </span>
     <span class='ocr_line' id='line_1_38' title="bbox 321 3028 1637 3098; baseline -0.005 -11"><span class='ocrx_word' id='word_1_215' title='bbox 321 3035 631 3094; x_wconf 64' lang='lat' dir='ltr'><strong>adeuntes.</strong></span> <span class='ocrx_word' id='word_1_216' title='bbox 668 3033 771 3098; x_wconf 89' lang='lat' dir='ltr'><strong>qui</strong></span> <span class='ocrx_word' id='word_1_217' title='bbox 805 3032 1154 3085; x_wconf 84' lang='lat' dir='ltr'><strong>reverentiae</strong></span> <span class='ocrx_word' id='word_1_218' title='bbox 1195 3031 1255 3083; x_wconf 89' lang='lat' dir='ltr'><strong>et</strong></span> <span class='ocrx_word' id='word_1_219' title='bbox 1287 3028 1637 3082; x_wconf 86' lang='lat' dir='ltr'><strong>obedientiae</strong></span> 
     </span>
     <span class='ocr_line' id='line_1_39' title="bbox 320 3110 1639 3181; baseline -0.006 -14"><span class='ocrx_word' id='word_1_220' title='bbox 320 3116 542 3168; x_wconf 87' lang='lat' dir='ltr'><strong>debitae</strong></span> <span class='ocrx_word' id='word_1_221' title='bbox 574 3112 881 3181; x_wconf 80' lang='lat' dir='ltr'><strong>defuerint,</strong></span> <span class='ocrx_word' id='word_1_222' title='bbox 920 3112 1041 3164; x_wconf 71' lang='lat'><strong>1640</strong></span> <span class='ocrx_word' id='word_1_223' title='bbox 1071 3112 1103 3177; x_wconf 91' lang='lat'><strong>5</strong></span> <span class='ocrx_word' id='word_1_224' title='bbox 1123 3113 1181 3170; x_wconf 86' lang='grc'><strong>2;</strong></span> <span class='ocrx_word' id='word_1_225' title='bbox 1217 3110 1381 3162; x_wconf 88' lang='lat' dir='ltr'><strong>debet</strong></span> <span class='ocrx_word' id='word_1_226' title='bbox 1413 3110 1639 3160; x_wconf 86' lang='lat' dir='ltr'><strong>senten-</strong></span> 
     </span>
     <span class='ocr_line' id='line_1_40' title="bbox 322 3190 1639 3255; baseline -0.006 -7"><span class='ocrx_word' id='word_1_227' title='bbox 322 3196 462 3248; x_wconf 83' lang='lat' dir='ltr'><strong>tiam</strong></span> <span class='ocrx_word' id='word_1_228' title='bbox 517 3194 868 3247; x_wconf 81' lang='lat' dir='ltr'><strong>exsecutioni</strong></span> <span class='ocrx_word' id='word_1_229' title='bbox 921 3192 1204 3251; x_wconf 88' lang='lat' dir='ltr'><strong>mandare,</strong></span> <span class='ocrx_word' id='word_1_230' title='bbox 1248 3191 1396 3249; x_wconf 71' lang='lat' dir='ltr'><strong>19m;</strong></span> <span class='ocrx_word' id='word_1_231' title='bbox 1451 3190 1639 3255; x_wconf 88' lang='lat' dir='ltr'><strong>potest</strong></span> 
     </span>
     <span class='ocr_line' id='line_1_41' title="bbox 322 3271 1640 3342; baseline -0.005 -13"><span class='ocrx_word' id='word_1_232' title='bbox 322 3277 496 3329; x_wconf 88' lang='lat' dir='ltr'><strong>iudex</strong></span> <span class='ocrx_word' id='word_1_233' title='bbox 548 3289 759 3342; x_wconf 87' lang='lat' dir='ltr'><strong>poenas</strong></span> <span class='ocrx_word' id='word_1_234' title='bbox 813 3276 1035 3325; x_wconf 85' lang='lat' dir='ltr'><strong>tantum</strong></span> <span class='ocrx_word' id='word_1_235' title='bbox 1089 3272 1338 3338; x_wconf 79' lang='lat' dir='ltr'><strong>legitime</strong></span> <span class='ocrx_word' id='word_1_236' title='bbox 1390 3271 1640 3323; x_wconf 79' lang='lat' dir='ltr'><strong>statutas</strong></span> 
     </span>
     <span class='ocr_line' id='line_1_42' title="bbox 319 3352 1637 3424; baseline -0.005 -14"><span class='ocrx_word' id='word_1_237' title='bbox 319 3356 633 3424; x_wconf 84' lang='lat' dir='ltr'><strong>applicare,</strong></span> <span class='ocrx_word' id='word_1_238' title='bbox 679 3356 809 3406; x_wconf 56' lang='lat' dir='ltr'><strong>nm</strong></span> <span class='ocrx_word' id='word_1_239' title='bbox 853 3354 886 3420; x_wconf 88' lang='lat'><strong>5</strong></span> <span class='ocrx_word' id='word_1_240' title='bbox 924 3355 977 3417; x_wconf 90' lang='lat'><strong>1;</strong></span> <span class='ocrx_word' id='word_1_241' title='bbox 1032 3353 1307 3419; x_wconf 89' lang='lat' dir='ltr'><strong>obligatio</strong></span> <span class='ocrx_word' id='word_1_242' title='bbox 1356 3352 1637 3404; x_wconf 76' lang='lat' dir='ltr'><strong>reficiendi</strong></span> 
     </span>
     <span class='ocr_line' id='line_1_43' title="bbox 322 3432 1641 3501; baseline -0.005 -11"><span class='ocrx_word' id='word_1_243' title='bbox 322 3439 529 3490; x_wconf 72' lang='lat' dir='ltr'><strong>&lt;iamim</strong></span> <span class='ocrx_word' id='word_1_244' title='bbox 560 3439 617 3489; x_wconf 90' lang='lat' dir='ltr'><strong>et</strong></span> <span class='ocrx_word' id='word_1_245' title='bbox 653 3450 864 3501; x_wconf 82' lang='lat' dir='ltr'><strong>poenae</strong></span> <span class='ocrx_word' id='word_1_246' title='bbox 897 3436 942 3486; x_wconf 90' lang='lat' dir='ltr'><strong>si</strong></span> <span class='ocrx_word' id='word_1_247' title='bbox 977 3435 1156 3486; x_wconf 80' lang='lat' dir='ltr'><strong>officio</strong></span> <span class='ocrx_word' id='word_1_248' title='bbox 1188 3448 1292 3486; x_wconf 91' lang='lat' dir='ltr'><strong>suo</strong></span> <span class='ocrx_word' id='word_1_249' title='bbox 1324 3433 1492 3489; x_wconf 86' lang='lat' dir='ltr'><strong>desit,</strong></span> <span class='ocrx_word' id='word_1_250' title='bbox 1518 3432 1641 3483; x_wconf 87' lang='grc'>1625</span> 
     </span>
     <span class='ocr_line' id='line_1_44' title="bbox 324 3513 1637 3586; baseline -0.004 -16"><span class='ocrx_word' id='word_1_251' title='bbox 324 3520 391 3586; x_wconf 84' lang='grc'><strong>55</strong></span> <span class='ocrx_word' id='word_1_252' title='bbox 437 3520 481 3578; x_wconf 91' lang='lat'><strong>1,</strong></span> <span class='ocrx_word' id='word_1_253' title='bbox 513 3519 571 3577; x_wconf 83' lang='grc'><strong>2;</strong></span> <span class='ocrx_word' id='word_1_254' title='bbox 614 3518 849 3583; x_wconf 82' lang='lat' dir='ltr'><strong>quinam</strong></span> <span class='ocrx_word' id='word_1_255' title='bbox 890 3516 1064 3567; x_wconf 87' lang='lat' dir='ltr'><strong>iudex</strong></span> <span class='ocrx_word' id='word_1_256' title='bbox 1102 3517 1312 3580; x_wconf 86' lang='lat' dir='ltr'><strong>primae</strong></span> <span class='ocrx_word' id='word_1_257' title='bbox 1354 3513 1637 3573; x_wconf 86' lang='lat' dir='ltr'><strong>istantiae,</strong></span> 
     </span>
     <span class='ocr_line' id='line_1_45' title="bbox 328 3594 1638 3661; baseline -0.005 -9"><span class='ocrx_word' id='word_1_258' title='bbox 328 3600 467 3661; x_wconf 85' lang='grc'>1572,</span> <span class='ocrx_word' id='word_1_259' title='bbox 495 3597 954 3660; x_wconf 82' lang='grc'>1573,1576-1579,</span> <span class='ocrx_word' id='word_1_260' title='bbox 991 3597 1273 3648; x_wconf 85' lang='lat' dir='ltr'><strong>secundae</strong></span> <span class='ocrx_word' id='word_1_261' title='bbox 1309 3594 1638 3655; x_wconf 87' lang='lat' dir='ltr'><strong>instantiae,</strong></span> 
     </span>
     <span class='ocr_line' id='line_1_46' title="bbox 326 3675 1636 3739; baseline -0.004 -7"><span class='ocrx_word' id='word_1_262' title='bbox 326 3680 466 3739; x_wconf 71' lang='grc'>1594.</span> <span class='ocrx_word' id='word_1_263' title='bbox 502 3680 699 3731; x_wconf 84' lang='lat' dir='ltr'><strong>tertiae</strong></span> <span class='ocrx_word' id='word_1_264' title='bbox 731 3680 789 3731; x_wconf 86' lang='lat' dir='ltr'><strong>et</strong></span> <span class='ocrx_word' id='word_1_265' title='bbox 823 3678 1107 3730; x_wconf 83' lang='lat' dir='ltr'><strong>ulterioris</strong></span> <span class='ocrx_word' id='word_1_266' title='bbox 1137 3677 1464 3736; x_wconf 88' lang='lat' dir='ltr'><strong>instantiae,</strong></span> <span class='ocrx_word' id='word_1_267' title='bbox 1499 3675 1636 3735; x_wconf 76' lang='lat'><strong>1598,</strong></span> 
     </span>
     <span class='ocr_line' id='line_1_47' title="bbox 327 3758 1528 3820; baseline -0.004 -9"><span class='ocrx_word' id='word_1_268' title='bbox 327 3762 467 3820; x_wconf 86' lang='grc'>1599,</span> <span class='ocrx_word' id='word_1_269' title='bbox 504 3760 644 3819; x_wconf 85' lang='grc'>1603,</span> <span class='ocrx_word' id='word_1_270' title='bbox 681 3759 828 3820; x_wconf 83' lang='grc'>1601-;</span> <span class='ocrx_word' id='word_1_271' title='bbox 864 3758 990 3809; x_wconf 90' lang='lat' dir='ltr'><strong>vide</strong></span> <span class='ocrx_word' id='word_1_272' title='bbox 1022 3760 1222 3809; x_wconf 79' lang='lat' dir='ltr'><strong>Partes</strong></span> <span class='ocrx_word' id='word_1_273' title='bbox 1254 3759 1309 3807; x_wconf 83' lang='lat' dir='ltr'><strong>ln</strong></span> <span class='ocrx_word' id='word_1_274' title='bbox 1344 3769 1528 3808; x_wconf 73' lang='lat' dir='ltr'><strong>caua.</strong></span> 
     </span>
     <span class='ocr_line' id='line_1_48' title="bbox 139 3838 1264 3919; baseline -0.005 -26"><span class='ocrx_word' id='word_1_275' title='bbox 139 3914 150 3919; x_wconf 27' lang='grc' dir='ltr'>ι</span> <span class='ocrx_word' id='word_1_276' title='bbox 191 3871 261 3880; x_wconf 93' lang='grc'>-</span> <span class='ocrx_word' id='word_1_277' title='bbox 292 3842 623 3907; x_wconf 70' lang='lat' dir='ltr'><strong>deleqatus:</strong></span> <span class='ocrx_word' id='word_1_278' title='bbox 657 3840 796 3898; x_wconf 81' lang='grc'>1606,</span> <span class='ocrx_word' id='word_1_279' title='bbox 835 3839 972 3900; x_wconf 89' lang='grc'>1607,</span> <span class='ocrx_word' id='word_1_280' title='bbox 1010 3839 1132 3889; x_wconf 74' lang='grc'>1614</span> <span class='ocrx_word' id='word_1_281' title='bbox 1162 3839 1194 3903; x_wconf 87' lang='grc'><strong>5</strong></span> <span class='ocrx_word' id='word_1_282' title='bbox 1222 3838 1264 3888; x_wconf 86' lang='grc'><strong>1.</strong></span> 
     </span>
     <span class='ocr_line' id='line_1_49' title="bbox 189 3920 1000 3988; baseline -0.007 -13"><span class='ocrx_word' id='word_1_283' title='bbox 189 3952 260 3961; x_wconf 90' lang='grc'>-</span> <span class='ocrx_word' id='word_1_284' title='bbox 293 3922 660 3988; x_wconf 70' lang='lat' dir='ltr'><strong>sinqularis:</strong></span> <span class='ocrx_word' id='word_1_285' title='bbox 694 3921 834 3980; x_wconf 88' lang='grc'>1872,</span> <span class='ocrx_word' id='word_1_286' title='bbox 862 3920 1000 3971; x_wconf 87' lang='grc'>1615.</span> 
     </span>
    </p>

    <p class='ocr_par' dir='ltr' id='par_1_9' title="bbox 188 3998 1456 4068">
     <span class='ocr_line' id='line_1_50' title="bbox 188 3998 1456 4068; baseline -0.006 -11"><span class='ocrx_word' id='word_1_287' title='bbox 188 4007 446 4057; x_wconf 73' lang='lat' dir='ltr'><strong>Iudices:</strong></span> <span class='ocrx_word' id='word_1_288' title='bbox 479 4003 837 4068; x_wconf 68' lang='lat' dir='ltr'><strong>colleqiales:</strong></span> <span class='ocrx_word' id='word_1_289' title='bbox 871 4001 1010 4061; x_wconf 91' lang='grc'>1576,</span> <span class='ocrx_word' id='word_1_290' title='bbox 1049 3999 1189 4059; x_wconf 89' lang='grc'>1577,</span> <span class='ocrx_word' id='word_1_291' title='bbox 1222 4000 1289 4052; x_wconf 74' lang='lat' dir='ltr'><strong>cf.</strong></span> <span class='ocrx_word' id='word_1_292' title='bbox 1320 3998 1456 4050; x_wconf 87' lang='grc'>1571.</span> 
     </span>
    </p>

    <p class='ocr_par' dir='ltr' id='par_1_10' title="bbox 184 4078 1637 4233">
     <span class='ocr_line' id='line_1_51' title="bbox 184 4078 1637 4149; baseline -0.004 -12"><span class='ocrx_word' id='word_1_293' title='bbox 184 4114 260 4125; x_wconf 91' lang='lat'><strong>--</strong></span> <span class='ocrx_word' id='word_1_294' title='bbox 292 4085 544 4149; x_wconf 63' lang='lat' dir='ltr'><strong>delmati</strong></span> <span class='ocrx_word' id='word_1_295' title='bbox 579 4084 639 4135; x_wconf 93' lang='lat' dir='ltr'><strong>in</strong></span> <span class='ocrx_word' id='word_1_296' title='bbox 677 4083 868 4135; x_wconf 81' lang='lat' dir='ltr'><strong>causis</strong></span> <span class='ocrx_word' id='word_1_297' title='bbox 917 4084 1277 4134; x_wconf 84' lang='lat' dir='ltr'><strong>Sanctorum:</strong></span> <span class='ocrx_word' id='word_1_298' title='bbox 1327 4078 1470 4139; x_wconf 69' lang='lat'><strong>2088,</strong></span> <span class='ocrx_word' id='word_1_299' title='bbox 1515 4080 1637 4131; x_wconf 68' lang='lat' dir='ltr'><strong>mm</strong></span> 
     </span>
     <span class='ocr_line' id='line_1_52' title="bbox 325 4163 1277 4233; baseline -0.005 -15"><span class='ocrx_word' id='word_1_300' title='bbox 325 4168 427 4233; x_wconf 89' lang='grc'><strong>51,</strong></span> <span class='ocrx_word' id='word_1_301' title='bbox 459 4166 604 4225; x_wconf 65' lang='lat' dir='ltr'><strong>m,</strong></span> <span class='ocrx_word' id='word_1_302' title='bbox 635 4167 774 4221; x_wconf 80' lang='grc'>2093.</span> <span class='ocrx_word' id='word_1_303' title='bbox 811 4164 1102 4223; x_wconf 53' lang='grc'>20942196,</span> <span class='ocrx_word' id='word_1_304' title='bbox 1135 4163 1277 4214; x_wconf 76' lang='grc'>2129.</span> 
     </span>
    </p>

    <p class='ocr_par' dir='ltr' id='par_1_11' title="bbox 195 4244 1055 4314">
     <span class='ocr_line' id='line_1_53' title="bbox 195 4244 1055 4314; baseline -0.006 -15"><span class='ocrx_word' id='word_1_305' title='bbox 195 4279 260 4286; x_wconf 95' lang='grc'>-</span> <span class='ocrx_word' id='word_1_306' title='bbox 283 4247 764 4314; x_wconf 75' lang='lat' dir='ltr'><strong>pro-synodales:</strong></span> <span class='ocrx_word' id='word_1_307' title='bbox 801 4245 923 4296; x_wconf 73' lang='grc'>1574</span> <span class='ocrx_word' id='word_1_308' title='bbox 952 4245 983 4309; x_wconf 87' lang='grc'><strong>5</strong></span> <span class='ocrx_word' id='word_1_309' title='bbox 1005 4244 1055 4294; x_wconf 86' lang='grc'><strong>3.</strong></span> 
     </span>
    </p>

    <p class='ocr_par' dir='ltr' id='par_1_12' title="bbox 189 4322 1510 4393">
     <span class='ocr_line' id='line_1_54' title="bbox 189 4322 1510 4393; baseline -0.004 -15"><span class='ocrx_word' id='word_1_310' title='bbox 189 4358 260 4367; x_wconf 89' lang='grc'>-</span> <span class='ocrx_word' id='word_1_311' title='bbox 292 4326 636 4393; x_wconf 70' lang='lat' dir='ltr'><strong>synodales:</strong></span> <span class='ocrx_word' id='word_1_312' title='bbox 681 4324 805 4375; x_wconf 73' lang='lat'>1574</span> <span class='ocrx_word' id='word_1_313' title='bbox 836 4324 968 4390; x_wconf 87' lang='lat'>551,</span> <span class='ocrx_word' id='word_1_314' title='bbox 992 4325 1043 4383; x_wconf 88' lang='grc'><strong>2,</strong></span> <span class='ocrx_word' id='word_1_315' title='bbox 1079 4323 1219 4382; x_wconf 70' lang='grc'>1940,</span> <span class='ocrx_word' id='word_1_316' title='bbox 1252 4323 1378 4375; x_wconf 59' lang='lat' dir='ltr'><strong>mio</strong></span> <span class='ocrx_word' id='word_1_317' title='bbox 1410 4322 1510 4388; x_wconf 86' lang='lat'><strong>51.</strong></span> 
     </span>
    </p>

    <p class='ocr_par' dir='ltr' id='par_1_13' title="bbox 190 4402 1642 4555">
     <span class='ocr_line' id='line_1_55' title="bbox 190 4402 1642 4469; baseline -0.005 -7"><span class='ocrx_word' id='word_1_318' title='bbox 190 4411 493 4462; x_wconf 75' lang='lat' dir='ltr'><strong>Indicium:</strong></span> <span class='ocrx_word' id='word_1_319' title='bbox 519 4406 863 4459; x_wconf 80' lang='lat' dir='ltr'><strong>criminale:</strong></span> <span class='ocrx_word' id='word_1_320' title='bbox 899 4405 1038 4464; x_wconf 82' lang='grc'>1933.</span> <span class='ocrx_word' id='word_1_321' title='bbox 1064 4404 1205 4463; x_wconf 86' lang='grc'>1959,</span> <span class='ocrx_word' id='word_1_322' title='bbox 1232 4404 1354 4454; x_wconf 87' lang='grc'>1655</span> <span class='ocrx_word' id='word_1_323' title='bbox 1383 4405 1415 4469; x_wconf 83' lang='grc'><strong>5</strong></span> <span class='ocrx_word' id='word_1_324' title='bbox 1443 4405 1487 4462; x_wconf 91' lang='grc'><strong>1,</strong></span> <span class='ocrx_word' id='word_1_325' title='bbox 1521 4402 1642 4455; x_wconf 63' lang='lat'><strong>1623</strong></span> 
     </span>
     <span class='ocr_line' id='line_1_56' title="bbox 327 4487 717 4555; baseline -0.003 -16"><span class='ocrx_word' id='word_1_326' title='bbox 327 4490 359 4555; x_wconf 92' lang='lat'><strong>5</strong></span> <span class='ocrx_word' id='word_1_327' title='bbox 385 4489 431 4549; x_wconf 85' lang='lat'><strong>1,</strong></span> <span class='ocrx_word' id='word_1_328' title='bbox 462 4488 589 4539; x_wconf 54' lang='lat'><strong>&amp;10</strong></span> <span class='ocrx_word' id='word_1_329' title='bbox 617 4487 649 4552; x_wconf 88' lang='lat'><strong>5</strong></span> <span class='ocrx_word' id='word_1_330' title='bbox 668 4488 717 4538; x_wconf 84' lang='grc'><strong>2.</strong></span> 
     </span>
    </p>

    <p class='ocr_par' dir='ltr' id='par_1_14' title="bbox 192 4563 1646 4957">
     <span class='ocr_line' id='line_1_57' title="bbox 192 4563 1639 4631; baseline -0.006 -10"><span class='ocrx_word' id='word_1_331' title='bbox 192 4600 260 4608; x_wconf 90' lang='lat'><strong>—-</strong></span> <span class='ocrx_word' id='word_1_332' title='bbox 293 4569 785 4621; x_wconf 77' lang='lat' dir='ltr'><strong>ecclesiasticum:</strong></span> <span class='ocrx_word' id='word_1_333' title='bbox 832 4565 1062 4631; x_wconf 85' lang='lat' dir='ltr'><strong>quando</strong></span> <span class='ocrx_word' id='word_1_334' title='bbox 1094 4565 1349 4623; x_wconf 79' lang='lat' dir='ltr'><strong>liabetur,</strong></span> <span class='ocrx_word' id='word_1_335' title='bbox 1380 4563 1504 4614; x_wconf 82' lang='grc'>1552</span> <span class='ocrx_word' id='word_1_336' title='bbox 1534 4563 1639 4629; x_wconf 83' lang='grc'><strong>51;</strong></span> 
     </span>
     <span class='ocr_line' id='line_1_58' title="bbox 325 4644 1643 4715; baseline -0.004 -16"><span class='ocrx_word' id='word_1_337' title='bbox 325 4649 608 4715; x_wconf 85' lang='lat' dir='ltr'><strong>quodnam</strong></span> <span class='ocrx_word' id='word_1_338' title='bbox 648 4647 1080 4703; x_wconf 87' lang='lat' dir='ltr'><strong>contentiosum,</strong></span> <span class='ocrx_word' id='word_1_339' title='bbox 1132 4646 1414 4710; x_wconf 86' lang='lat' dir='ltr'><strong>quodnam</strong></span> <span class='ocrx_word' id='word_1_340' title='bbox 1461 4644 1643 4695; x_wconf 86' lang='lat' dir='ltr'><strong>crimi-</strong></span> 
     </span>
     <span class='ocr_line' id='line_1_59' title="bbox 327 4725 1644 4794; baseline -0.005 -13"><span class='ocrx_word' id='word_1_341' title='bbox 327 4730 473 4789; x_wconf 89' lang='lat' dir='ltr'><strong>nale,</strong></span> <span class='ocrx_word' id='word_1_342' title='bbox 510 4729 632 4780; x_wconf 90' lang='grc'>1552</span> <span class='ocrx_word' id='word_1_343' title='bbox 662 4730 693 4793; x_wconf 88' lang='lat'><strong>5</strong></span> <span class='ocrx_word' id='word_1_344' title='bbox 715 4729 772 4787; x_wconf 88' lang='grc'><strong>2;</strong></span> <span class='ocrx_word' id='word_1_345' title='bbox 807 4741 1087 4794; x_wconf 84' lang='lat' dir='ltr'><strong>quaenam</strong></span> <span class='ocrx_word' id='word_1_346' title='bbox 1127 4728 1264 4777; x_wconf 89' lang='lat' dir='ltr'><strong>sunt</strong></span> <span class='ocrx_word' id='word_1_347' title='bbox 1300 4741 1387 4783; x_wconf 89' lang='lat' dir='ltr'><strong>ea,</strong></span> <span class='ocrx_word' id='word_1_348' title='bbox 1421 4725 1491 4777; x_wconf 92' lang='lat' dir='ltr'><strong>de</strong></span> <span class='ocrx_word' id='word_1_349' title='bbox 1522 4725 1644 4789; x_wconf 88' lang='lat' dir='ltr'><strong>qui-</strong></span> 
     </span>
     <span class='ocr_line' id='line_1_60' title="bbox 326 4807 1646 4873; baseline -0.002 -12"><span class='ocrx_word' id='word_1_350' title='bbox 326 4811 432 4862; x_wconf 89' lang='lat' dir='ltr'><strong>bus</strong></span> <span class='ocrx_word' id='word_1_351' title='bbox 471 4810 711 4862; x_wconf 77' lang='lat' dir='ltr'><strong>Ecclesia</strong></span> <span class='ocrx_word' id='word_1_352' title='bbox 744 4810 866 4860; x_wconf 88' lang='lat' dir='ltr'><strong>iure</strong></span> <span class='ocrx_word' id='word_1_353' title='bbox 900 4808 1121 4873; x_wconf 88' lang='lat' dir='ltr'><strong>proprio</strong></span> <span class='ocrx_word' id='word_1_354' title='bbox 1150 4808 1208 4859; x_wconf 91' lang='lat' dir='ltr'><strong>et</strong></span> <span class='ocrx_word' id='word_1_355' title='bbox 1240 4807 1526 4858; x_wconf 84' lang='lat' dir='ltr'><strong>exclusivo</strong></span> <span class='ocrx_word' id='word_1_356' title='bbox 1558 4820 1646 4858; x_wconf 91' lang='lat' dir='ltr'><strong>co—</strong></span> 
     </span>
     <span class='ocr_line' id='line_1_61' title="bbox 325 4892 739 4957; baseline -0.005 -14"><span class='ocrx_word' id='word_1_357' title='bbox 325 4893 565 4957; x_wconf 87' lang='lat' dir='ltr'><strong>gnoscit,</strong></span> <span class='ocrx_word' id='word_1_358' title='bbox 603 4892 739 4942; x_wconf 85' lang='grc'>1553.</span> 
     </span>
    </p>

    <p class='ocr_par' dir='ltr' id='par_1_15' title="bbox 190 4970 1540 5033">
     <span class='ocr_line' id='line_1_62' title="bbox 190 4970 1540 5033; baseline -0.007 -6"><span class='ocrx_word' id='word_1_359' title='bbox 190 4978 360 5027; x_wconf 78' lang='lat' dir='ltr'><strong>lm:</strong></span> <span class='ocrx_word' id='word_1_360' title='bbox 404 4972 692 5024; x_wconf 72' lang='lat' dir='ltr'><strong>Ecclesiae</strong></span> <span class='ocrx_word' id='word_1_361' title='bbox 727 4972 853 5023; x_wconf 76' lang='lat' dir='ltr'><strong>vide</strong></span> <span class='ocrx_word' id='word_1_362' title='bbox 887 4971 1142 5031; x_wconf 63' lang='lat' dir='ltr'><strong>ndentes,</strong></span> <span class='ocrx_word' id='word_1_363' title='bbox 1178 4970 1540 5033; x_wconf 79' lang='lat' dir='ltr'><strong>Usurpantes.</strong></span> 
     </span>
    </p>

    <p class='ocr_par' dir='ltr' id='par_1_16' title="bbox 189 5044 1644 5276">
     <span class='ocr_line' id='line_1_63' title="bbox 189 5044 1642 5119; baseline -0.004 -14"><span class='ocrx_word' id='word_1_364' title='bbox 189 5084 262 5093; x_wconf 93' lang='lat'><em>-</em></span> <span class='ocrx_word' id='word_1_365' title='bbox 293 5054 570 5119; x_wconf 75' lang='lat' dir='ltr'><strong>quaesita</strong></span> <span class='ocrx_word' id='word_1_366' title='bbox 604 5053 660 5103; x_wconf 89' lang='lat' dir='ltr'><strong>in</strong></span> <span class='ocrx_word' id='word_1_367' title='bbox 696 5044 895 5103; x_wconf 85' lang='lat' dir='ltr'><strong>ordine</strong></span> <span class='ocrx_word' id='word_1_368' title='bbox 926 5050 999 5102; x_wconf 91' lang='lat' dir='ltr'><strong>ad</strong></span> <span class='ocrx_word' id='word_1_369' title='bbox 1032 5064 1275 5102; x_wconf 88' lang='lat' dir='ltr'><strong>canones</strong></span> <span class='ocrx_word' id='word_1_370' title='bbox 1312 5049 1551 5109; x_wconf 89' lang='lat' dir='ltr'><strong>Codicis,</strong></span> <span class='ocrx_word' id='word_1_371' title='bbox 1584 5051 1642 5108; x_wconf 61' lang='grc' dir='ltr'><strong>ις</strong></span> 
     </span>
     <span class='ocr_line' id='line_1_64' title="bbox 322 5131 1644 5196; baseline -0.002 -12"><span class='ocrx_word' id='word_1_372' title='bbox 322 5147 398 5185; x_wconf 90' lang='lat' dir='ltr'><strong>an</strong></span> <span class='ocrx_word' id='word_1_373' title='bbox 420 5134 762 5184; x_wconf 86' lang='lat' dir='ltr'><strong>amittantur</strong></span> <span class='ocrx_word' id='word_1_374' title='bbox 784 5133 856 5183; x_wconf 91' lang='lat' dir='ltr'><strong>ob</strong></span> <span class='ocrx_word' id='word_1_375' title='bbox 889 5131 1380 5196; x_wconf 82' lang='lat' dir='ltr'><strong>supervenientem</strong></span> <span class='ocrx_word' id='word_1_376' title='bbox 1408 5144 1644 5195; x_wconf 83' lang='lat' dir='ltr'><strong>poenam</strong></span> 
     </span>
     <span class='ocr_line' id='line_1_65' title="bbox 325 5210 1018 5276; baseline 0 -13"><span class='ocrx_word' id='word_1_377' title='bbox 325 5213 724 5272; x_wconf 78' lang='lat' dir='ltr'><strong>inhabilitatis,</strong></span> <span class='ocrx_word' id='word_1_378' title='bbox 758 5213 887 5263; x_wconf 66' lang='lat' dir='ltr'><strong>mii</strong></span> <span class='ocrx_word' id='word_1_379' title='bbox 918 5210 1018 5276; x_wconf 79' lang='grc'>52.</span> 
     </span>
    </p>

    <p class='ocr_par' dir='ltr' id='par_1_17' title="bbox 196 5292 1646 5437">
     <span class='ocr_line' id='line_1_66' title="bbox 196 5292 1646 5360; baseline -0.001 -14"><span class='ocrx_word' id='word_1_380' title='bbox 196 5323 262 5334; x_wconf 87' lang='lat'><strong>--</strong></span> <span class='ocrx_word' id='word_1_381' title='bbox 293 5294 644 5360; x_wconf 72' lang='lat' dir='ltr'><strong>spiritualia</strong></span> <span class='ocrx_word' id='word_1_382' title='bbox 679 5300 789 5344; x_wconf 85' lang='lat' dir='ltr'><strong>non</strong></span> <span class='ocrx_word' id='word_1_383' title='bbox 832 5293 969 5343; x_wconf 82' lang='lat' dir='ltr'><strong>sunt</strong></span> <span class='ocrx_word' id='word_1_384' title='bbox 1015 5292 1437 5358; x_wconf 87' lang='lat' dir='ltr'><strong>praescriptioni</strong></span> <span class='ocrx_word' id='word_1_385' title='bbox 1476 5293 1646 5344; x_wconf 90' lang='lat' dir='ltr'><strong>obno-</strong></span> 
     </span>
     <span class='ocr_line' id='line_1_67' title="bbox 327 5376 762 5437; baseline -0.005 -10"><span class='ocrx_word' id='word_1_386' title='bbox 327 5376 440 5437; x_wconf 88' lang='lat' dir='ltr'><strong>xia,</strong></span> <span class='ocrx_word' id='word_1_387' title='bbox 476 5376 598 5427; x_wconf 88' lang='grc'>1509</span> <span class='ocrx_word' id='word_1_388' title='bbox 633 5388 688 5426; x_wconf 91' lang='lat' dir='ltr'><strong>n.</strong></span> <span class='ocrx_word' id='word_1_389' title='bbox 712 5376 762 5426; x_wconf 89' lang='grc'><strong>3.</strong></span> 
     </span>
    </p>
   </div>
   <div class='ocr_carea' id='block_1_9' title="bbox 1728 606 3193 5434">
    <p class='ocr_par' dir='ltr' id='par_1_18' title="bbox 1852 606 3168 760">
     <span class='ocr_line' id='line_1_68' title="bbox 1856 606 3168 681; baseline -0.01 -14"><span class='ocrx_word' id='word_1_390' title='bbox 1856 614 2133 681; x_wconf 81' lang='lat' dir='ltr'><strong>Episcopi,</strong></span> <span class='ocrx_word' id='word_1_391' title='bbox 2159 624 2387 664; x_wconf 85' lang='lat' dir='ltr'><strong>mensae</strong></span> <span class='ocrx_word' id='word_1_392' title='bbox 2427 610 2514 661; x_wconf 82' lang='lat' dir='ltr'><strong>vel</strong></span> <span class='ocrx_word' id='word_1_393' title='bbox 2548 608 2751 661; x_wconf 86' lang='lat' dir='ltr'><strong>Curiae</strong></span> <span class='ocrx_word' id='word_1_394' title='bbox 2782 606 3168 663; x_wconf 83' lang='lat' dir='ltr'><strong>dioecesanae,</strong></span> 
     </span>
     <span class='ocr_line' id='line_1_69' title="bbox 1852 685 3029 760; baseline -0.01 -13"><span class='ocrx_word' id='word_1_395' title='bbox 1852 709 1889 748; x_wconf 88' lang='lat' dir='ltr'><strong>a</strong></span> <span class='ocrx_word' id='word_1_396' title='bbox 1918 709 2032 760; x_wconf 85' lang='lat' dir='ltr'><strong>quo</strong></span> <span class='ocrx_word' id='word_1_397' title='bbox 2063 692 2330 745; x_wconf 85' lang='lat' dir='ltr'><strong>tribunali</strong></span> <span class='ocrx_word' id='word_1_398' title='bbox 2363 689 2732 749; x_wconf 86' lang='lat' dir='ltr'><strong>dirimendae,</strong></span> <span class='ocrx_word' id='word_1_399' title='bbox 2770 686 2894 738; x_wconf 88' lang='grc'>1572</span> <span class='ocrx_word' id='word_1_400' title='bbox 2924 685 2956 750; x_wconf 85' lang='grc'><strong>5</strong></span> <span class='ocrx_word' id='word_1_401' title='bbox 2978 686 3029 736; x_wconf 90' lang='grc'><strong>2.</strong></span> 
     </span>
    </p>

    <p class='ocr_par' dir='ltr' id='par_1_19' title="bbox 1728 764 3178 2691">
     <span class='ocr_line' id='line_1_70' title="bbox 1728 764 3173 828; baseline -0.011 1"><span class='ocrx_word' id='word_1_402' title='bbox 1728 777 2072 828; x_wconf 67' lang='lat' dir='ltr'><strong>Iun-Metto:</strong></span> <span class='ocrx_word' id='word_1_403' title='bbox 2110 774 2170 824; x_wconf 91' lang='lat' dir='ltr'><strong>in</strong></span> <span class='ocrx_word' id='word_1_404' title='bbox 2206 771 2452 823; x_wconf 80' lang='lat' dir='ltr'><strong>Ecclesia</strong></span> <span class='ocrx_word' id='word_1_405' title='bbox 2481 770 2570 821; x_wconf 89' lang='lat' dir='ltr'><strong>est</strong></span> <span class='ocrx_word' id='word_1_406' title='bbox 2609 781 2680 820; x_wconf 88' lang='lat' dir='ltr'><strong>ex</strong></span> <span class='ocrx_word' id='word_1_407' title='bbox 2721 766 2913 818; x_wconf 84' lang='lat' dir='ltr'><strong>divina</strong></span> <span class='ocrx_word' id='word_1_408' title='bbox 2946 764 3173 815; x_wconf 90' lang='lat' dir='ltr'><strong>institu-</strong></span> 
     </span>
     <span class='ocr_line' id='line_1_71' title="bbox 1853 843 3169 908; baseline -0.011 -1"><span class='ocrx_word' id='word_1_409' title='bbox 1853 856 2008 907; x_wconf 91' lang='lat' dir='ltr'><strong>tione</strong></span> <span class='ocrx_word' id='word_1_410' title='bbox 2055 856 2109 905; x_wconf 81' lang='lat' dir='ltr'><strong>et</strong></span> <span class='ocrx_word' id='word_1_411' title='bbox 2166 852 2278 904; x_wconf 88' lang='lat' dir='ltr'><strong>alia</strong></span> <span class='ocrx_word' id='word_1_412' title='bbox 2329 852 2415 902; x_wconf 89' lang='lat' dir='ltr'><strong>est</strong></span> <span class='ocrx_word' id='word_1_413' title='bbox 2463 849 2572 901; x_wconf 73' lang='lat' dir='ltr'><strong>tori</strong></span> <span class='ocrx_word' id='word_1_414' title='bbox 2620 845 2855 908; x_wconf 84' lang='lat' dir='ltr'><strong>interni,</strong></span> <span class='ocrx_word' id='word_1_415' title='bbox 2901 844 3016 895; x_wconf 88' lang='lat' dir='ltr'><strong>alia</strong></span> <span class='ocrx_word' id='word_1_416' title='bbox 3064 843 3169 894; x_wconf 83' lang='lat' dir='ltr'><strong>fori</strong></span> 
     </span>
     <span class='ocr_line' id='line_1_72' title="bbox 1854 924 3169 996; baseline -0.011 -8"><span class='ocrx_word' id='word_1_417' title='bbox 1854 932 2099 996; x_wconf 85' lang='lat' dir='ltr'><strong>externi,</strong></span> <span class='ocrx_word' id='word_1_418' title='bbox 2136 934 2250 992; x_wconf 83' lang='lat'>196;</span> <span class='ocrx_word' id='word_1_419' title='bbox 2283 933 2395 983; x_wconf 89' lang='lat' dir='ltr'><strong>alia</strong></span> <span class='ocrx_word' id='word_1_420' title='bbox 2416 929 2722 988; x_wconf 85' lang='lat' dir='ltr'><strong>ordinaria,</strong></span> <span class='ocrx_word' id='word_1_421' title='bbox 2754 925 2870 977; x_wconf 87' lang='lat' dir='ltr'><strong>alia</strong></span> <span class='ocrx_word' id='word_1_422' title='bbox 2891 924 3169 990; x_wconf 87' lang='lat' dir='ltr'><strong>delegata,</strong></span> 
     </span>
     <span class='ocr_line' id='line_1_73' title="bbox 1855 1006 3167 1081; baseline -0.011 -13"><span class='ocrx_word' id='word_1_423' title='bbox 1855 1017 1943 1068; x_wconf 75' lang='grc'><strong>197</strong></span> <span class='ocrx_word' id='word_1_424' title='bbox 1976 1015 2089 1081; x_wconf 86' lang='grc'><strong>51;</strong></span> <span class='ocrx_word' id='word_1_425' title='bbox 2135 1014 2399 1080; x_wconf 83' lang='lat' dir='ltr'><strong>importat</strong></span> <span class='ocrx_word' id='word_1_426' title='bbox 2444 1024 2559 1063; x_wconf 91' lang='lat' dir='ltr'><strong>non</strong></span> <span class='ocrx_word' id='word_1_427' title='bbox 2601 1009 2785 1061; x_wconf 88' lang='lat' dir='ltr'><strong>solum</strong></span> <span class='ocrx_word' id='word_1_428' title='bbox 2835 1006 3167 1072; x_wconf 88' lang='lat' dir='ltr'><strong>potestatem</strong></span> 
     </span>
     <span class='ocr_line' id='line_1_74' title="bbox 1853 1083 3168 1162; baseline -0.012 -13"><span class='ocrx_word' id='word_1_429' title='bbox 1853 1095 2229 1162; x_wconf 84' lang='lat' dir='ltr'><strong>legislativam</strong></span> <span class='ocrx_word' id='word_1_430' title='bbox 2261 1107 2362 1144; x_wconf 89' lang='lat' dir='ltr'><strong>seu</strong></span> <span class='ocrx_word' id='word_1_431' title='bbox 2394 1090 2724 1143; x_wconf 71' lang='lat' dir='ltr'><strong>facultatem</strong></span> <span class='ocrx_word' id='word_1_432' title='bbox 2766 1087 2919 1151; x_wconf 88' lang='lat' dir='ltr'><strong>leges</strong></span> <span class='ocrx_word' id='word_1_433' title='bbox 2953 1083 3168 1136; x_wconf 75' lang='lat' dir='ltr'><strong>ferendi</strong></span> 
     </span>
     <span class='ocr_line' id='line_1_75' title="bbox 1854 1163 3174 1242; baseline -0.012 -13"><span class='ocrx_word' id='word_1_434' title='bbox 1854 1178 1958 1229; x_wconf 88' lang='lat' dir='ltr'><strong>aut</strong></span> <span class='ocrx_word' id='word_1_435' title='bbox 1989 1176 2287 1242; x_wconf 87' lang='lat' dir='ltr'><strong>praecepta</strong></span> <span class='ocrx_word' id='word_1_436' title='bbox 2328 1170 2652 1237; x_wconf 87' lang='lat' dir='ltr'><strong>imponendi</strong></span> <span class='ocrx_word' id='word_1_437' title='bbox 2703 1169 2759 1219; x_wconf 91' lang='lat' dir='ltr'><strong>et</strong></span> <span class='ocrx_word' id='word_1_438' title='bbox 2793 1178 3003 1231; x_wconf 87' lang='lat' dir='ltr'><strong>poenas</strong></span> <span class='ocrx_word' id='word_1_439' title='bbox 3037 1163 3174 1229; x_wconf 91' lang='lat' dir='ltr'><strong>legi-</strong></span> 
     </span>
     <span class='ocr_line' id='line_1_76' title="bbox 1855 1242 3170 1319; baseline -0.013 -10"><span class='ocrx_word' id='word_1_440' title='bbox 1855 1258 1993 1309; x_wconf 87' lang='lat' dir='ltr'><strong>time</strong></span> <span class='ocrx_word' id='word_1_441' title='bbox 2013 1257 2260 1308; x_wconf 83' lang='lat' dir='ltr'><strong>statutas</strong></span> <span class='ocrx_word' id='word_1_442' title='bbox 2278 1251 2623 1319; x_wconf 89' lang='lat' dir='ltr'><strong>applicandi,</strong></span> <span class='ocrx_word' id='word_1_443' title='bbox 2640 1248 2739 1300; x_wconf 88' lang='lat' dir='ltr'><strong>sed</strong></span> <span class='ocrx_word' id='word_1_444' title='bbox 2762 1247 2929 1298; x_wconf 85' lang='lat' dir='ltr'><strong>etiam</strong></span> <span class='ocrx_word' id='word_1_445' title='bbox 2954 1245 3063 1310; x_wconf 90' lang='lat' dir='ltr'><strong>legi</strong></span> <span class='ocrx_word' id='word_1_446' title='bbox 3083 1242 3170 1294; x_wconf 81' lang='lat' dir='ltr'><strong>vel</strong></span> 
     </span>
     <span class='ocr_line' id='line_1_77' title="bbox 1857 1323 3174 1404; baseline -0.014 -13"><span class='ocrx_word' id='word_1_447' title='bbox 1857 1337 2153 1404; x_wconf 88' lang='lat' dir='ltr'><strong>praecepto</strong></span> <span class='ocrx_word' id='word_1_448' title='bbox 2177 1347 2384 1400; x_wconf 86' lang='lat' dir='ltr'><strong>poenas</strong></span> <span class='ocrx_word' id='word_1_449' title='bbox 2404 1328 2763 1387; x_wconf 82' lang='lat' dir='ltr'><strong>adnectendi,</strong></span> <span class='ocrx_word' id='word_1_450' title='bbox 2783 1326 2911 1378; x_wconf 70' lang='lat'><strong>2220</strong></span> <span class='ocrx_word' id='word_1_451' title='bbox 2941 1325 2973 1391; x_wconf 96' lang='lat'><strong>5</strong></span> <span class='ocrx_word' id='word_1_452' title='bbox 2994 1326 3047 1386; x_wconf 77' lang='lat'><strong>13</strong></span> <span class='ocrx_word' id='word_1_453' title='bbox 3074 1323 3174 1375; x_wconf 88' lang='lat' dir='ltr'><strong>illa</strong></span> 
     </span>
     <span class='ocr_line' id='line_1_78' title="bbox 1857 1405 3169 1480; baseline -0.012 -10"><span class='ocrx_word' id='word_1_454' title='bbox 1857 1432 1989 1470; x_wconf 87' lang='lat' dir='ltr'><strong>vero</strong></span> <span class='ocrx_word' id='word_1_455' title='bbox 2030 1417 2147 1469; x_wconf 88' lang='lat' dir='ltr'><strong>alia</strong></span> <span class='ocrx_word' id='word_1_456' title='bbox 2191 1414 2435 1480; x_wconf 87' lang='lat' dir='ltr'><strong>propria,</strong></span> <span class='ocrx_word' id='word_1_457' title='bbox 2477 1412 2589 1463; x_wconf 86' lang='lat' dir='ltr'><strong>alia</strong></span> <span class='ocrx_word' id='word_1_458' title='bbox 2631 1409 2859 1469; x_wconf 83' lang='lat' dir='ltr'><strong>vicaria,</strong></span> <span class='ocrx_word' id='word_1_459' title='bbox 2904 1405 2995 1456; x_wconf 89' lang='grc'><strong>197</strong></span> <span class='ocrx_word' id='word_1_460' title='bbox 3047 1405 3080 1470; x_wconf 89' lang='grc'><strong>5</strong></span> <span class='ocrx_word' id='word_1_461' title='bbox 3111 1405 3169 1467; x_wconf 87' lang='grc'><strong>2;</strong></span> 
     </span>
     <span class='ocr_line' id='line_1_79' title="bbox 1856 1484 3173 1565; baseline -0.014 -13"><span class='ocrx_word' id='word_1_462' title='bbox 1856 1500 2090 1565; x_wconf 89' lang='lat' dir='ltr'><strong>quinam</strong></span> <span class='ocrx_word' id='word_1_463' title='bbox 2124 1497 2181 1548; x_wconf 92' lang='lat' dir='ltr'><strong>in</strong></span> <span class='ocrx_word' id='word_1_464' title='bbox 2214 1497 2343 1547; x_wconf 88' lang='lat' dir='ltr'><strong>iure</strong></span> <span class='ocrx_word' id='word_1_465' title='bbox 2377 1493 2607 1546; x_wconf 82' lang='lat' dir='ltr'><strong>veniant</strong></span> <span class='ocrx_word' id='word_1_466' title='bbox 2639 1489 2866 1542; x_wconf 89' lang='lat' dir='ltr'><strong>nomine</strong></span> <span class='ocrx_word' id='word_1_467' title='bbox 2892 1484 3173 1538; x_wconf 85' lang='lat' dir='ltr'><strong>ordinarii</strong></span> 
     </span>
     <span class='ocr_line' id='line_1_80' title="bbox 1859 1565 3173 1640; baseline -0.013 -9"><span class='ocrx_word' id='word_1_468' title='bbox 1859 1579 2126 1636; x_wconf 86' lang='lat' dir='ltr'><strong>locorum,</strong></span> <span class='ocrx_word' id='word_1_469' title='bbox 2172 1577 2263 1628; x_wconf 80' lang='lat'><strong>19⁸</strong></span> <span class='ocrx_word' id='word_1_470' title='bbox 2303 1575 2456 1640; x_wconf 85' lang='lat' dir='ltr'><strong>(vide</strong></span> <span class='ocrx_word' id='word_1_471' title='bbox 2504 1572 2636 1624; x_wconf 74' lang='lat' dir='ltr'><strong>suis</strong></span> <span class='ocrx_word' id='word_1_472' title='bbox 2685 1568 2886 1631; x_wconf 72' lang='lat' dir='ltr'><strong>loc·a·s);</strong></span> <span class='ocrx_word' id='word_1_473' title='bbox 2934 1565 3173 1631; x_wconf 88' lang='lat' dir='ltr'><strong>quinam</strong></span> 
     </span>
     <span class='ocr_line' id='line_1_81' title="bbox 1857 1645 3171 1725; baseline -0.014 -13"><span class='ocrx_word' id='word_1_474' title='bbox 1857 1660 2076 1725; x_wconf 86' lang='lat' dir='ltr'><strong>possint</strong></span> <span class='ocrx_word' id='word_1_475' title='bbox 2106 1655 2554 1708; x_wconf 88' lang='lat' dir='ltr'><strong>iurisdictionem</strong></span> <span class='ocrx_word' id='word_1_476' title='bbox 2585 1650 2847 1715; x_wconf 85' lang='lat' dir='ltr'><strong>delegare</strong></span> <span class='ocrx_word' id='word_1_477' title='bbox 2878 1646 2967 1698; x_wconf 85' lang='lat' dir='ltr'><strong>vel</strong></span> <span class='ocrx_word' id='word_1_478' title='bbox 3001 1645 3171 1696; x_wconf 86' lang='lat' dir='ltr'><strong>etiam</strong></span> 
     </span>
     <span class='ocr_line' id='line_1_82' title="bbox 1855 1724 3174 1803; baseline -0.014 -11"><span class='ocrx_word' id='word_1_479' title='bbox 1855 1738 2240 1803; x_wconf 75' lang='lat' dir='ltr'><strong>subdelegato,</strong></span> <span class='ocrx_word' id='word_1_480' title='bbox 2297 1736 2411 1796; x_wconf 87' lang='grc'>199;</span> <span class='ocrx_word' id='word_1_481' title='bbox 2462 1733 2715 1799; x_wconf 86' lang='lat' dir='ltr'><strong>potestas</strong></span> <span class='ocrx_word' id='word_1_482' title='bbox 2764 1724 3174 1779; x_wconf 89' lang='lat' dir='ltr'><strong>iurisdictionis</strong></span> 
     </span>
     <span class='ocr_line' id='line_1_83' title="bbox 1858 1811 3177 1886; baseline -0.014 -12"><span class='ocrx_word' id='word_1_483' title='bbox 1858 1820 2138 1886; x_wconf 89' lang='lat' dir='ltr'><strong>quomodo</strong></span> <span class='ocrx_word' id='word_1_484' title='bbox 2172 1813 2617 1880; x_wconf 87' lang='lat' dir='ltr'><strong>interpretanda,</strong></span> <span class='ocrx_word' id='word_1_485' title='bbox 2649 1811 2769 1870; x_wconf 65' lang='lat' dir='ltr'><strong>mm</strong></span> <span class='ocrx_word' id='word_1_486' title='bbox 2804 1811 2863 1860; x_wconf 91' lang='lat' dir='ltr'><strong>in</strong></span> <span class='ocrx_word' id='word_1_487' title='bbox 2886 1822 3031 1873; x_wconf 89' lang='lat' dir='ltr'><strong>quos</strong></span> <span class='ocrx_word' id='word_1_488' title='bbox 3053 1821 3177 1871; x_wconf 88' lang='lat' dir='ltr'><strong>pos-</strong></span> 
     </span>
     <span class='ocr_line' id='line_1_84' title="bbox 1856 1888 3176 1960; baseline -0.013 -7"><span class='ocrx_word' id='word_1_489' title='bbox 1856 1902 1937 1954; x_wconf 87' lang='lat' dir='ltr'><strong>sit</strong></span> <span class='ocrx_word' id='word_1_490' title='bbox 1977 1899 2242 1958; x_wconf 87' lang='lat' dir='ltr'><strong>exerceri,</strong></span> <span class='ocrx_word' id='word_1_491' title='bbox 2285 1896 2378 1948; x_wconf 68' lang='lat' dir='ltr'><strong>mi</strong></span> <span class='ocrx_word' id='word_1_492' title='bbox 2422 1895 2454 1960; x_wconf 89' lang='lat'>5</span> <span class='ocrx_word' id='word_1_493' title='bbox 2490 1896 2534 1954; x_wconf 90' lang='grc'><strong>1,</strong></span> <span class='ocrx_word' id='word_1_494' title='bbox 2568 1895 2623 1944; x_wconf 90' lang='lat' dir='ltr'><strong>et</strong></span> <span class='ocrx_word' id='word_1_495' title='bbox 2668 1906 2741 1943; x_wconf 87' lang='lat' dir='ltr'><strong>an</strong></span> <span class='ocrx_word' id='word_1_496' title='bbox 2787 1891 2846 1942; x_wconf 88' lang='lat' dir='ltr'><strong>in</strong></span> <span class='ocrx_word' id='word_1_497' title='bbox 2887 1888 3176 1955; x_wconf 89' lang='lat' dir='ltr'><strong>proprium</strong></span> 
     </span>
     <span class='ocr_line' id='line_1_85' title="bbox 1859 1966 3173 2037; baseline -0.015 -1"><span class='ocrx_word' id='word_1_498' title='bbox 1859 1982 2206 2037; x_wconf 88' lang='lat' dir='ltr'><strong>commodum</strong></span> <span class='ocrx_word' id='word_1_499' title='bbox 2227 1980 2329 2030; x_wconf 91' lang='lat' dir='ltr'><strong>aut</strong></span> <span class='ocrx_word' id='word_1_500' title='bbox 2350 1978 2511 2028; x_wconf 87' lang='lat' dir='ltr'><strong>extra</strong></span> <span class='ocrx_word' id='word_1_501' title='bbox 2533 1971 2899 2029; x_wconf 85' lang='lat' dir='ltr'><strong>territorium,</strong></span> <span class='ocrx_word' id='word_1_502' title='bbox 2921 1968 3013 2020; x_wconf 68' lang='lat' dir='ltr'><strong>mi</strong></span> <span class='ocrx_word' id='word_1_503' title='bbox 3041 1966 3107 2032; x_wconf 87' lang='lat'><strong>55</strong></span> <span class='ocrx_word' id='word_1_504' title='bbox 3123 1966 3173 2025; x_wconf 85' lang='grc'><strong>2,</strong></span> 
     </span>
     <span class='ocr_line' id='line_1_86' title="bbox 1856 2047 3174 2125; baseline -0.017 -6"><span class='ocrx_word' id='word_1_505' title='bbox 1856 2067 1915 2125; x_wconf 69' lang='grc' dir='ltr'><strong>ὃς</strong></span> <span class='ocrx_word' id='word_1_506' title='bbox 1942 2065 2106 2115; x_wconf 88' lang='lat' dir='ltr'><strong>actus</strong></span> <span class='ocrx_word' id='word_1_507' title='bbox 2128 2056 2538 2112; x_wconf 85' lang='lat' dir='ltr'><strong>iurisdictionis</strong></span> <span class='ocrx_word' id='word_1_508' title='bbox 2559 2069 2659 2121; x_wconf 91' lang='lat' dir='ltr'><strong>pro</strong></span> <span class='ocrx_word' id='word_1_509' title='bbox 2681 2064 2795 2118; x_wconf 81' lang='lat' dir='ltr'><strong>quo</strong></span> <span class='ocrx_word' id='word_1_510' title='bbox 2830 2051 2947 2102; x_wconf 82' lang='lat' dir='ltr'><strong>l&#39;oro</strong></span> <span class='ocrx_word' id='word_1_511' title='bbox 2969 2047 3174 2107; x_wconf 78' lang='lat' dir='ltr'><strong>valeat,</strong></span> 
     </span>
     <span class='ocr_line' id='line_1_87' title="bbox 1859 2129 3177 2210; baseline -0.014 -11"><span class='ocrx_word' id='word_1_512' title='bbox 1859 2147 1980 2206; x_wconf 54' lang='lat' dir='ltr'><strong>m&amp;</strong></span> <span class='ocrx_word' id='word_1_513' title='bbox 2018 2159 2095 2196; x_wconf 89' lang='lat' dir='ltr'><strong>an</strong></span> <span class='ocrx_word' id='word_1_514' title='bbox 2130 2144 2382 2210; x_wconf 85' lang='lat' dir='ltr'><strong>potestas</strong></span> <span class='ocrx_word' id='word_1_515' title='bbox 2414 2136 2697 2190; x_wconf 75' lang='lat' dir='ltr'><strong>interioris</strong></span> <span class='ocrx_word' id='word_1_516' title='bbox 2728 2134 2927 2193; x_wconf 79' lang='lat' dir='ltr'><strong>cesset,</strong></span> <span class='ocrx_word' id='word_1_517' title='bbox 2961 2130 3011 2183; x_wconf 86' lang='lat' dir='ltr'><strong>si</strong></span> <span class='ocrx_word' id='word_1_518' title='bbox 3045 2129 3177 2195; x_wconf 86' lang='lat' dir='ltr'><strong>quis</strong></span> 
     </span>
     <span class='ocr_line' id='line_1_88' title="bbox 1858 2211 3178 2292; baseline -0.015 -12"><span class='ocrx_word' id='word_1_519' title='bbox 1858 2227 2206 2292; x_wconf 86' lang='lat' dir='ltr'><strong>superiorem</strong></span> <span class='ocrx_word' id='word_1_520' title='bbox 2231 2221 2456 2282; x_wconf 86' lang='lat' dir='ltr'><strong>adierit,</strong></span> <span class='ocrx_word' id='word_1_521' title='bbox 2487 2218 2607 2279; x_wconf 57' lang='lat' dir='ltr'><strong>mh</strong></span> <span class='ocrx_word' id='word_1_522' title='bbox 2642 2214 2921 2281; x_wconf 83' lang='lat' dir='ltr'><strong>quomodo</strong></span> <span class='ocrx_word' id='word_1_523' title='bbox 2953 2211 3178 2263; x_wconf 88' lang='lat' dir='ltr'><strong>ordina·</strong></span> 
     </span>
     <span class='ocr_line' id='line_1_89' title="bbox 1861 2289 3177 2365; baseline -0.016 -4"><span class='ocrx_word' id='word_1_524' title='bbox 1861 2309 1947 2361; x_wconf 89' lang='lat' dir='ltr'><strong>ria</strong></span> <span class='ocrx_word' id='word_1_525' title='bbox 1993 2306 2195 2365; x_wconf 89' lang='lat' dir='ltr'><strong>cesset,</strong></span> <span class='ocrx_word' id='word_1_526' title='bbox 2226 2303 2339 2364; x_wconf 68' lang='lat'><strong>208,</strong></span> <span class='ocrx_word' id='word_1_527' title='bbox 2379 2301 2483 2352; x_wconf 90' lang='lat' dir='ltr'><strong>aut</strong></span> <span class='ocrx_word' id='word_1_528' title='bbox 2513 2297 2846 2363; x_wconf 85' lang='lat' dir='ltr'><strong>suppleatur</strong></span> <span class='ocrx_word' id='word_1_529' title='bbox 2879 2293 2951 2345; x_wconf 88' lang='lat' dir='ltr'><strong>ab</strong></span> <span class='ocrx_word' id='word_1_530' title='bbox 3001 2289 3177 2342; x_wconf 72' lang='lat' dir='ltr'><strong>Eccle-</strong></span> 
     </span>
     <span class='ocr_line' id='line_1_90' title="bbox 1859 2372 3178 2450; baseline -0.014 -10"><span class='ocrx_word' id='word_1_531' title='bbox 1859 2389 1967 2450; x_wconf 87' lang='lat' dir='ltr'><strong>sia,</strong></span> <span class='ocrx_word' id='word_1_532' title='bbox 2007 2388 2129 2445; x_wconf 67' lang='grc' dir='ltr'><strong>ω9ς</strong></span> <span class='ocrx_word' id='word_1_533' title='bbox 2180 2384 2298 2435; x_wconf 80' lang='lat' dir='ltr'><strong>sive</strong></span> <span class='ocrx_word' id='word_1_534' title='bbox 2346 2380 2637 2432; x_wconf 87' lang='lat' dir='ltr'><strong>ordinaria</strong></span> <span class='ocrx_word' id='word_1_535' title='bbox 2676 2377 2801 2428; x_wconf 81' lang='lat' dir='ltr'><strong>sive</strong></span> <span class='ocrx_word' id='word_1_536' title='bbox 2838 2372 3101 2438; x_wconf 86' lang='lat' dir='ltr'><strong>delegata</strong></span> <span class='ocrx_word' id='word_1_537' title='bbox 3141 2384 3178 2421; x_wconf 86' lang='lat' dir='ltr'><strong>a</strong></span> 
     </span>
     <span class='ocr_line' id='line_1_91' title="bbox 1860 2451 3178 2520; baseline -0.015 0"><span class='ocrx_word' id='word_1_538' title='bbox 1860 2468 2000 2520; x_wconf 88' lang='lat' dir='ltr'><strong>solis</strong></span> <span class='ocrx_word' id='word_1_539' title='bbox 2029 2465 2249 2518; x_wconf 84' lang='lat' dir='ltr'><strong>clericis</strong></span> <span class='ocrx_word' id='word_1_540' title='bbox 2280 2462 2588 2519; x_wconf 84' lang='lat' dir='ltr'><strong>obtinetur,</strong></span> <span class='ocrx_word' id='word_1_541' title='bbox 2615 2457 2730 2518; x_wconf 75' lang='lat'>1183</span> <span class='ocrx_word' id='word_1_542' title='bbox 2768 2466 2978 2520; x_wconf 89' lang='lat' dir='ltr'><strong>poenae</strong></span> <span class='ocrx_word' id='word_1_543' title='bbox 3004 2451 3178 2515; x_wconf 88' lang='lat' dir='ltr'><strong>impe-</strong></span> 
     </span>
     <span class='ocr_line' id='line_1_92' title="bbox 1861 2529 3174 2601; baseline -0.017 0"><span class='ocrx_word' id='word_1_544' title='bbox 1861 2547 2145 2601; x_wconf 89' lang='lat' dir='ltr'><strong>dientium</strong></span> <span class='ocrx_word' id='word_1_545' title='bbox 2177 2545 2303 2597; x_wconf 90' lang='lat' dir='ltr'><strong>eius</strong></span> <span class='ocrx_word' id='word_1_546' title='bbox 2334 2539 2687 2597; x_wconf 85' lang='lat' dir='ltr'><strong>exercitium,</strong></span> <span class='ocrx_word' id='word_1_547' title='bbox 2725 2534 2870 2592; x_wconf 71' lang='lat'><strong>2334.</strong></span> <span class='ocrx_word' id='word_1_548' title='bbox 2906 2531 3033 2585; x_wconf 83' lang='grc'>2336</span> <span class='ocrx_word' id='word_1_549' title='bbox 3064 2529 3097 2597; x_wconf 87' lang='lat'>5</span> <span class='ocrx_word' id='word_1_550' title='bbox 3122 2531 3174 2591; x_wconf 86' lang='lat'><strong>1;</strong></span> 
     </span>
     <span class='ocr_line' id='line_1_93' title="bbox 1861 2628 2299 2691; baseline -0.005 -11"><span class='ocrx_word' id='word_1_551' title='bbox 1861 2631 1992 2682; x_wconf 88' lang='lat' dir='ltr'><strong>vide</strong></span> <span class='ocrx_word' id='word_1_552' title='bbox 2025 2628 2299 2691; x_wconf 72' lang='lat' dir='ltr'><strong>Delegati-</strong></span> 
     </span>
    </p>

    <p class='ocr_par' dir='ltr' id='par_1_20' title="bbox 1735 2692 3187 4381">
     <span class='ocr_line' id='line_1_94' title="bbox 1735 2692 3178 2775; baseline -0.017 -9"><span class='ocrx_word' id='word_1_553' title='bbox 1735 2742 1798 2752; x_wconf 88' lang='lat'>-</span> <span class='ocrx_word' id='word_1_554' title='bbox 1829 2712 1911 2764; x_wconf 83' lang='lat' dir='ltr'><strong>ad</strong></span> <span class='ocrx_word' id='word_1_555' title='bbox 1941 2708 2332 2775; x_wconf 74' lang='lat' dir='ltr'><strong>confessiones</strong></span> <span class='ocrx_word' id='word_1_556' title='bbox 2357 2705 2578 2770; x_wconf 84' lang='lat' dir='ltr'><strong>praeter</strong></span> <span class='ocrx_word' id='word_1_557' title='bbox 2600 2700 2931 2765; x_wconf 87' lang='lat' dir='ltr'><strong>potestatem</strong></span> <span class='ocrx_word' id='word_1_558' title='bbox 2957 2692 3178 2746; x_wconf 87' lang='lat' dir='ltr'><strong>ordinis</strong></span> 
     </span>
     <span class='ocr_line' id='line_1_95' title="bbox 1860 2776 3182 2851; baseline -0.016 -8"><span class='ocrx_word' id='word_1_559' title='bbox 1860 2791 1932 2842; x_wconf 89' lang='lat' dir='ltr'><strong>ad</strong></span> <span class='ocrx_word' id='word_1_560' title='bbox 1964 2788 2213 2841; x_wconf 80' lang='lat' dir='ltr'><strong>validam</strong></span> <span class='ocrx_word' id='word_1_561' title='bbox 2249 2785 2598 2851; x_wconf 86' lang='lat' dir='ltr'><strong>peccatorum</strong></span> <span class='ocrx_word' id='word_1_562' title='bbox 2630 2776 3047 2832; x_wconf 83' lang='lat' dir='ltr'><strong>ahsolutionem</strong></span> <span class='ocrx_word' id='word_1_563' title='bbox 3088 2786 3182 2823; x_wconf 91' lang='lat' dir='ltr'><strong>ne-</strong></span> 
     </span>
     <span class='ocr_line' id='line_1_96' title="bbox 1862 2854 3180 2930; baseline -0.015 -6"><span class='ocrx_word' id='word_1_564' title='bbox 1862 2870 2107 2924; x_wconf 85' lang='lat' dir='ltr'><strong>cessaria</strong></span> <span class='ocrx_word' id='word_1_565' title='bbox 2153 2869 2259 2930; x_wconf 90' lang='lat' dir='ltr'><strong>est,</strong></span> <span class='ocrx_word' id='word_1_566' title='bbox 2304 2865 2425 2927; x_wconf 90' lang='grc'>872;</span> <span class='ocrx_word' id='word_1_567' title='bbox 2476 2863 2708 2929; x_wconf 88' lang='lat' dir='ltr'><strong>quinam</strong></span> <span class='ocrx_word' id='word_1_568' title='bbox 2757 2872 2881 2909; x_wconf 85' lang='lat' dir='ltr'><strong>eam</strong></span> <span class='ocrx_word' id='word_1_569' title='bbox 2927 2854 3180 2908; x_wconf 85' lang='lat' dir='ltr'><strong>habeant</strong></span> 
     </span>
     <span class='ocr_line' id='line_1_97' title="bbox 1864 2938 3180 3012; baseline -0.016 -7"><span class='ocrx_word' id='word_1_570' title='bbox 1864 2952 2237 3011; x_wconf 75' lang='lat' dir='ltr'><strong>ordinariam,</strong></span> <span class='ocrx_word' id='word_1_571' title='bbox 2272 2949 2370 3001; x_wconf 87' lang='grc'><strong>873</strong></span> <span class='ocrx_word' id='word_1_572' title='bbox 2416 2946 2552 3012; x_wconf 79' lang='lat'>551,</span> <span class='ocrx_word' id='word_1_573' title='bbox 2584 2946 2642 3004; x_wconf 71' lang='lat'><strong>23</strong></span> <span class='ocrx_word' id='word_1_574' title='bbox 2690 2939 2827 3007; x_wconf 87' lang='lat' dir='ltr'><strong>quid</strong></span> <span class='ocrx_word' id='word_1_575' title='bbox 2866 2952 2935 2990; x_wconf 89' lang='lat' dir='ltr'><strong>ea</strong></span> <span class='ocrx_word' id='word_1_576' title='bbox 2975 2938 3180 3001; x_wconf 89' lang='lat' dir='ltr'><strong>impor-</strong></span> 
     </span>
     <span class='ocr_line' id='line_1_98' title="bbox 1864 3016 3180 3096; baseline -0.014 -11"><span class='ocrx_word' id='word_1_577' title='bbox 1864 3035 1968 3096; x_wconf 88' lang='lat' dir='ltr'><strong>tet,</strong></span> <span class='ocrx_word' id='word_1_578' title='bbox 2013 3033 2103 3085; x_wconf 87' lang='grc'><strong>881</strong></span> <span class='ocrx_word' id='word_1_579' title='bbox 2161 3030 2193 3096; x_wconf 88' lang='grc'><strong>5</strong></span> <span class='ocrx_word' id='word_1_580' title='bbox 2231 3029 2282 3089; x_wconf 90' lang='grc'><strong>2,</strong></span> <span class='ocrx_word' id='word_1_581' title='bbox 2322 3028 2419 3081; x_wconf 84' lang='grc'><strong>239</strong></span> <span class='ocrx_word' id='word_1_582' title='bbox 2466 3026 2497 3089; x_wconf 88' lang='lat'>5</span> <span class='ocrx_word' id='word_1_583' title='bbox 2532 3026 2554 3075; x_wconf 93' lang='lat'>1</span> <span class='ocrx_word' id='word_1_584' title='bbox 2608 3038 2662 3075; x_wconf 90' lang='lat' dir='ltr'><strong>n.</strong></span> <span class='ocrx_word' id='word_1_585' title='bbox 2705 3022 2755 3081; x_wconf 87' lang='grc'><strong>2,</strong></span> <span class='ocrx_word' id='word_1_586' title='bbox 2799 3021 2858 3071; x_wconf 91' lang='lat' dir='ltr'><strong>et</strong></span> <span class='ocrx_word' id='word_1_587' title='bbox 2898 3016 3180 3083; x_wconf 83' lang='lat' dir='ltr'><strong>quomodo</strong></span> 
     </span>
     <span class='ocr_line' id='line_1_99' title="bbox 1862 3100 3183 3175; baseline -0.016 -7"><span class='ocrx_word' id='word_1_588' title='bbox 1862 3116 2064 3175; x_wconf 88' lang='lat' dir='ltr'><strong>cesset,</strong></span> <span class='ocrx_word' id='word_1_589' title='bbox 2108 3112 2206 3164; x_wconf 88' lang='grc'><strong>873</strong></span> <span class='ocrx_word' id='word_1_590' title='bbox 2250 3110 2282 3175; x_wconf 86' lang='grc'><strong>5</strong></span> <span class='ocrx_word' id='word_1_591' title='bbox 2313 3111 2371 3171; x_wconf 84' lang='grc'><strong>3;</strong></span> <span class='ocrx_word' id='word_1_592' title='bbox 2429 3106 2689 3169; x_wconf 82' lang='lat' dir='ltr'><strong>delegata</strong></span> <span class='ocrx_word' id='word_1_593' title='bbox 2733 3100 2944 3166; x_wconf 86' lang='lat' dir='ltr'><strong>quibus</strong></span> <span class='ocrx_word' id='word_1_594' title='bbox 2986 3110 3183 3150; x_wconf 90' lang='lat' dir='ltr'><strong>conce·</strong></span> 
     </span>
     <span class='ocr_line' id='line_1_100' title="bbox 1864 3179 3182 3255; baseline -0.015 -8"><span class='ocrx_word' id='word_1_595' title='bbox 1864 3194 2067 3254; x_wconf 87' lang='lat' dir='ltr'><strong>denda,</strong></span> <span class='ocrx_word' id='word_1_596' title='bbox 2110 3191 2223 3253; x_wconf 89' lang='grc'>877,</span> <span class='ocrx_word' id='word_1_597' title='bbox 2264 3189 2362 3242; x_wconf 75' lang='grc'><strong>874</strong></span> <span class='ocrx_word' id='word_1_598' title='bbox 2406 3187 2439 3255; x_wconf 88' lang='lat'>5</span> <span class='ocrx_word' id='word_1_599' title='bbox 2470 3187 2528 3245; x_wconf 86' lang='grc'><strong>2;</strong></span> <span class='ocrx_word' id='word_1_600' title='bbox 2566 3181 2866 3249; x_wconf 88' lang='lat' dir='ltr'><strong>quomodo,</strong></span> <span class='ocrx_word' id='word_1_601' title='bbox 2896 3179 3020 3235; x_wconf 71' lang='lat'><strong>8793</strong></span> <span class='ocrx_word' id='word_1_602' title='bbox 3054 3190 3182 3229; x_wconf 91' lang='lat' dir='ltr'><strong>con-</strong></span> 
     </span>
     <span class='ocr_line' id='line_1_101' title="bbox 1865 3258 3181 3336; baseline -0.016 -8"><span class='ocrx_word' id='word_1_603' title='bbox 1865 3272 1984 3328; x_wconf 89' lang='lat' dir='ltr'><strong>&#39;cedi</strong></span> <span class='ocrx_word' id='word_1_604' title='bbox 2019 3274 2191 3326; x_wconf 90' lang='lat' dir='ltr'><strong>etiam</strong></span> <span class='ocrx_word' id='word_1_605' title='bbox 2226 3270 2410 3336; x_wconf 86' lang='lat' dir='ltr'><strong>potest</strong></span> <span class='ocrx_word' id='word_1_606' title='bbox 2440 3263 2863 3327; x_wconf 83' lang='lat' dir='ltr'><strong>circumscripta</strong></span> <span class='ocrx_word' id='word_1_607' title='bbox 2883 3258 3181 3319; x_wconf 88' lang='lat' dir='ltr'><strong>limitibus,</strong></span> 
     </span>
     <span class='ocr_line' id='line_1_102' title="bbox 1863 3341 3181 3420; baseline -0.017 -11"><span class='ocrx_word' id='word_1_608' title='bbox 1863 3357 1959 3409; x_wconf 87' lang='grc'><strong>878</strong></span> <span class='ocrx_word' id='word_1_609' title='bbox 2000 3355 2032 3420; x_wconf 90' lang='grc'>5</span> <span class='ocrx_word' id='word_1_610' title='bbox 2069 3355 2114 3413; x_wconf 92' lang='grc'><strong>1,</strong></span> <span class='ocrx_word' id='word_1_611' title='bbox 2148 3351 2247 3403; x_wconf 87' lang='lat' dir='ltr'><strong>sed</strong></span> <span class='ocrx_word' id='word_1_612' title='bbox 2279 3363 2348 3401; x_wconf 88' lang='lat' dir='ltr'><strong>ea</strong></span> <span class='ocrx_word' id='word_1_613' title='bbox 2386 3348 2509 3399; x_wconf 91' lang='lat' dir='ltr'><strong>sine</strong></span> <span class='ocrx_word' id='word_1_614' title='bbox 2543 3341 2869 3396; x_wconf 85' lang='lat' dir='ltr'><strong>rationabili</strong></span> <span class='ocrx_word' id='word_1_615' title='bbox 2901 3352 3076 3391; x_wconf 84' lang='lat' dir='ltr'><strong>causa</strong></span> <span class='ocrx_word' id='word_1_616' title='bbox 3109 3350 3181 3388; x_wconf 91' lang='lat' dir='ltr'><strong>ne</strong></span> 
     </span>
     <span class='ocr_line' id='line_1_103' title="bbox 1868 3425 3182 3491; baseline -0.016 -3"><span class='ocrx_word' id='word_1_617' title='bbox 1868 3436 2038 3488; x_wconf 89' lang='lat' dir='ltr'><strong>nimis</strong></span> <span class='ocrx_word' id='word_1_618' title='bbox 2067 3432 2403 3489; x_wconf 86' lang='lat' dir='ltr'><strong>coarctetur,</strong></span> <span class='ocrx_word' id='word_1_619' title='bbox 2434 3428 2531 3481; x_wconf 89' lang='grc'><strong>878</strong></span> <span class='ocrx_word' id='word_1_620' title='bbox 2561 3425 2674 3491; x_wconf 73' lang='lat'><strong>523</strong></span> <span class='ocrx_word' id='word_1_621' title='bbox 2708 3438 2744 3475; x_wconf 87' lang='lat' dir='ltr'><strong>a</strong></span> <span class='ocrx_word' id='word_1_622' title='bbox 2774 3433 3023 3487; x_wconf 80' lang='lat' dir='ltr'><strong>quonam</strong></span> <span class='ocrx_word' id='word_1_623' title='bbox 3054 3431 3182 3469; x_wconf 90' lang='lat' dir='ltr'><strong>con-</strong></span> 
     </span>
     <span class='ocr_line' id='line_1_104' title="bbox 1866 3502 3183 3578; baseline -0.016 -10"><span class='ocrx_word' id='word_1_624' title='bbox 1866 3517 2066 3575; x_wconf 75' lang='lat' dir='ltr'><strong>fertur,</strong></span> <span class='ocrx_word' id='word_1_625' title='bbox 2108 3513 2204 3565; x_wconf 74' lang='lat'><strong>874</strong></span> <span class='ocrx_word' id='word_1_626' title='bbox 2244 3511 2275 3578; x_wconf 97' lang='lat'><strong>5</strong></span> <span class='ocrx_word' id='word_1_627' title='bbox 2312 3513 2366 3573; x_wconf 92' lang='lat'><strong>1,</strong></span> <span class='ocrx_word' id='word_1_628' title='bbox 2402 3509 2523 3569; x_wconf 72' lang='lat'><strong>8753</strong></span> <span class='ocrx_word' id='word_1_629' title='bbox 2577 3520 2675 3571; x_wconf 91' lang='lat' dir='ltr'><strong>pro</strong></span> <span class='ocrx_word' id='word_1_630' title='bbox 2724 3502 2884 3568; x_wconf 79' lang='lat' dir='ltr'><strong>vagis</strong></span> <span class='ocrx_word' id='word_1_631' title='bbox 2926 3502 2984 3551; x_wconf 90' lang='lat' dir='ltr'><strong>et</strong></span> <span class='ocrx_word' id='word_1_632' title='bbox 3029 3510 3183 3563; x_wconf 89' lang='lat' dir='ltr'><strong>pere-</strong></span> 
     </span>
     <span class='ocr_line' id='line_1_105' title="bbox 1866 3578 3176 3662; baseline -0.017 -13"><span class='ocrx_word' id='word_1_633' title='bbox 1866 3596 2045 3662; x_wconf 87' lang='lat' dir='ltr'><strong>grinis</strong></span> <span class='ocrx_word' id='word_1_634' title='bbox 2092 3595 2150 3645; x_wconf 88' lang='lat' dir='ltr'><strong>et</strong></span> <span class='ocrx_word' id='word_1_635' title='bbox 2184 3589 2479 3645; x_wconf 87' lang='lat' dir='ltr'><strong>catholicis</strong></span> <span class='ocrx_word' id='word_1_636' title='bbox 2526 3588 2676 3638; x_wconf 89' lang='lat' dir='ltr'><strong>ritus</strong></span> <span class='ocrx_word' id='word_1_637' title='bbox 2715 3580 3038 3638; x_wconf 87' lang='lat' dir='ltr'><strong>orientalis,</strong></span> <span class='ocrx_word' id='word_1_638' title='bbox 3087 3578 3176 3630; x_wconf 91' lang='grc'><strong>881</strong></span> 
     </span>
     <span class='ocr_line' id='line_1_106' title="bbox 1865 3657 3184 3744; baseline -0.017 -14"><span class='ocrx_word' id='word_1_639' title='bbox 1865 3677 1898 3744; x_wconf 85' lang='grc'><strong>5</strong></span> <span class='ocrx_word' id='word_1_640' title='bbox 1934 3679 1987 3739; x_wconf 89' lang='grc'><strong>1;</strong></span> <span class='ocrx_word' id='word_1_641' title='bbox 2030 3689 2129 3740; x_wconf 89' lang='lat' dir='ltr'><strong>pro</strong></span> <span class='ocrx_word' id='word_1_642' title='bbox 2174 3672 2507 3724; x_wconf 89' lang='lat' dir='ltr'><strong>mulieribus</strong></span> <span class='ocrx_word' id='word_1_643' title='bbox 2548 3664 2828 3731; x_wconf 89' lang='lat' dir='ltr'><strong>religiosis</strong></span> <span class='ocrx_word' id='word_1_644' title='bbox 2858 3663 2917 3713; x_wconf 96' lang='lat' dir='ltr'><strong>et</strong></span> <span class='ocrx_word' id='word_1_645' title='bbox 2951 3657 3184 3712; x_wconf 77' lang='lat' dir='ltr'><strong>novitiis</strong></span> 
     </span>
     <span class='ocr_line' id='line_1_107' title="bbox 1867 3744 3181 3823; baseline -0.016 -14"><span class='ocrx_word' id='word_1_646' title='bbox 1867 3756 2168 3823; x_wconf 79' lang='lat' dir='ltr'><strong>peculiaris</strong></span> <span class='ocrx_word' id='word_1_647' title='bbox 2199 3751 2532 3818; x_wconf 87' lang='lat' dir='ltr'><strong>requiritur,</strong></span> <span class='ocrx_word' id='word_1_648' title='bbox 2572 3746 2668 3800; x_wconf 86' lang='grc'><strong>876</strong></span> <span class='ocrx_word' id='word_1_649' title='bbox 2704 3747 2735 3810; x_wconf 86' lang='lat'><strong>5</strong></span> <span class='ocrx_word' id='word_1_650' title='bbox 2772 3744 2824 3804; x_wconf 74' lang='lat'><strong>13</strong></span> <span class='ocrx_word' id='word_1_651' title='bbox 2868 3757 2903 3793; x_wconf 91' lang='lat' dir='ltr'><strong>a</strong></span> <span class='ocrx_word' id='word_1_652' title='bbox 2935 3751 3181 3805; x_wconf 88' lang='lat' dir='ltr'><strong>quonam</strong></span> 
     </span>
     <span class='ocr_line' id='line_1_108' title="bbox 1865 3818 3185 3898; baseline -0.014 -11"><span class='ocrx_word' id='word_1_653' title='bbox 1865 3836 2091 3897; x_wconf 85' lang='lat' dir='ltr'><strong>collata,</strong></span> <span class='ocrx_word' id='word_1_654' title='bbox 2122 3833 2217 3886; x_wconf 88' lang='grc'><strong>876</strong></span> <span class='ocrx_word' id='word_1_655' title='bbox 2248 3833 2358 3898; x_wconf 83' lang='grc'><strong>52;</strong></span> <span class='ocrx_word' id='word_1_656' title='bbox 2392 3846 2464 3881; x_wconf 89' lang='lat' dir='ltr'><strong>an</strong></span> <span class='ocrx_word' id='word_1_657' title='bbox 2488 3826 2738 3879; x_wconf 83' lang='lat' dir='ltr'><strong>revocari</strong></span> <span class='ocrx_word' id='word_1_658' title='bbox 2776 3822 2954 3889; x_wconf 80' lang='lat' dir='ltr'><strong>possit</strong></span> <span class='ocrx_word' id='word_1_659' title='bbox 2978 3818 3064 3871; x_wconf 76' lang='lat' dir='ltr'><strong>vel</strong></span> <span class='ocrx_word' id='word_1_660' title='bbox 3091 3833 3185 3869; x_wconf 89' lang='lat' dir='ltr'><strong>su-</strong></span> 
     </span>
     <span class='ocr_line' id='line_1_109' title="bbox 1865 3901 3184 3982; baseline -0.015 -13"><span class='ocrx_word' id='word_1_661' title='bbox 1865 3917 2083 3982; x_wconf 90' lang='lat' dir='ltr'><strong>spendi,</strong></span> <span class='ocrx_word' id='word_1_662' title='bbox 2102 3915 2222 3976; x_wconf 74' lang='lat'>8803</span> <span class='ocrx_word' id='word_1_663' title='bbox 2250 3913 2591 3979; x_wconf 90' lang='lat' dir='ltr'><strong>quibusnam</strong></span> <span class='ocrx_word' id='word_1_664' title='bbox 2613 3905 2893 3971; x_wconf 87' lang='lat' dir='ltr'><strong>competat</strong></span> <span class='ocrx_word' id='word_1_665' title='bbox 2914 3902 3040 3967; x_wconf 85' lang='lat' dir='ltr'><strong>ipso</strong></span> <span class='ocrx_word' id='word_1_666' title='bbox 3063 3901 3184 3951; x_wconf 91' lang='lat' dir='ltr'><strong>iure</strong></span> 
     </span>
     <span class='ocr_line' id='line_1_110' title="bbox 1866 3981 3185 4051; baseline -0.014 -3"><span class='ocrx_word' id='word_1_667' title='bbox 1866 4000 1926 4049; x_wconf 89' lang='lat' dir='ltr'><strong>in</strong></span> <span class='ocrx_word' id='word_1_668' title='bbox 1959 3996 2202 4050; x_wconf 87' lang='lat' dir='ltr'><strong>articulo</strong></span> <span class='ocrx_word' id='word_1_669' title='bbox 2234 3994 2450 4051; x_wconf 87' lang='lat' dir='ltr'><strong>mortis,</strong></span> <span class='ocrx_word' id='word_1_670' title='bbox 2470 3991 2590 4051; x_wconf 72' lang='lat'><strong>8823</strong></span> <span class='ocrx_word' id='word_1_671' title='bbox 2633 3986 2876 4039; x_wconf 85' lang='lat' dir='ltr'><strong>durante</strong></span> <span class='ocrx_word' id='word_1_672' title='bbox 2900 3981 3185 4034; x_wconf 83' lang='lat' dir='ltr'><strong>maritimo</strong></span> 
     </span>
     <span class='ocr_line' id='line_1_111' title="bbox 1868 4065 3186 4139; baseline -0.016 -7"><span class='ocrx_word' id='word_1_673' title='bbox 1868 4080 2094 4137; x_wconf 89' lang='lat' dir='ltr'><strong>itinere,</strong></span> <span class='ocrx_word' id='word_1_674' title='bbox 2132 4078 2252 4136; x_wconf 74' lang='lat'><strong>8833</strong></span> <span class='ocrx_word' id='word_1_675' title='bbox 2299 4087 2479 4139; x_wconf 91' lang='lat' dir='ltr'><strong>poena</strong></span> <span class='ocrx_word' id='word_1_676' title='bbox 2517 4072 2570 4122; x_wconf 89' lang='lat' dir='ltr'><strong>in</strong></span> <span class='ocrx_word' id='word_1_677' title='bbox 2615 4065 3039 4134; x_wconf 87' lang='lat' dir='ltr'><strong>praesumentes</strong></span> <span class='ocrx_word' id='word_1_678' title='bbox 3084 4075 3186 4112; x_wconf 91' lang='lat' dir='ltr'><strong>au·</strong></span> 
     </span>
     <span class='ocr_line' id='line_1_112' title="bbox 1867 4140 3185 4210; baseline -0.015 1"><span class='ocrx_word' id='word_1_679' title='bbox 1867 4160 1987 4210; x_wconf 88' lang='lat' dir='ltr'><strong>dire</strong></span> <span class='ocrx_word' id='word_1_680' title='bbox 2009 4156 2396 4210; x_wconf 79' lang='lat' dir='ltr'><strong>confessiones</strong></span> <span class='ocrx_word' id='word_1_681' title='bbox 2426 4147 2859 4203; x_wconf 86' lang='lat' dir='ltr'><strong>sacramentales</strong></span> <span class='ocrx_word' id='word_1_682' title='bbox 2880 4145 2986 4196; x_wconf 87' lang='lat' dir='ltr'><strong>aut</strong></span> <span class='ocrx_word' id='word_1_683' title='bbox 3005 4140 3185 4194; x_wconf 87' lang='lat' dir='ltr'><strong>absol-</strong></span> 
     </span>
     <span class='ocr_line' id='line_1_113' title="bbox 1870 4221 3187 4301; baseline -0.014 -11"><span class='ocrx_word' id='word_1_684' title='bbox 1870 4253 1999 4290; x_wconf 84' lang='lat' dir='ltr'><strong>vere</strong></span> <span class='ocrx_word' id='word_1_685' title='bbox 2052 4252 2088 4288; x_wconf 88' lang='lat' dir='ltr'><strong>a</strong></span> <span class='ocrx_word' id='word_1_686' title='bbox 2141 4234 2383 4301; x_wconf 89' lang='lat' dir='ltr'><strong>peccatis</strong></span> <span class='ocrx_word' id='word_1_687' title='bbox 2437 4228 2736 4283; x_wconf 75' lang='lat' dir='ltr'><strong>reservatis</strong></span> <span class='ocrx_word' id='word_1_688' title='bbox 2787 4227 2913 4277; x_wconf 89' lang='lat' dir='ltr'><strong>sine</strong></span> <span class='ocrx_word' id='word_1_689' title='bbox 2963 4221 3187 4275; x_wconf 83' lang='lat' dir='ltr'><strong>iurisdi-</strong></span> 
     </span>
     <span class='ocr_line' id='line_1_114' title="bbox 1867 4318 2250 4381; baseline -0.018 -9"><span class='ocrx_word' id='word_1_690' title='bbox 1867 4319 2076 4381; x_wconf 89' lang='lat' dir='ltr'><strong>ctione,</strong></span> <span class='ocrx_word' id='word_1_691' title='bbox 2106 4318 2250 4371; x_wconf 64' lang='grc'>2316.</span> 
     </span>
    </p>

    <p class='ocr_par' dir='ltr' id='par_1_21' title="bbox 1745 4385 3193 5266">
     <span class='ocr_line' id='line_1_115' title="bbox 1745 4385 3188 4461; baseline -0.012 -7"><span class='ocrx_word' id='word_1_692' title='bbox 1745 4431 1808 4440; x_wconf 96' lang='grc'>-</span> <span class='ocrx_word' id='word_1_693' title='bbox 1838 4403 1999 4453; x_wconf 85' lang='lat' dir='ltr'><strong>Rom.</strong></span> <span class='ocrx_word' id='word_1_694' title='bbox 2028 4397 2333 4461; x_wconf 78' lang='lat' dir='ltr'><strong>Pontificis</strong></span> <span class='ocrx_word' id='word_1_695' title='bbox 2357 4396 2415 4447; x_wconf 87' lang='lat' dir='ltr'><strong>in</strong></span> <span class='ocrx_word' id='word_1_696' title='bbox 2440 4392 2760 4451; x_wconf 80' lang='lat' dir='ltr'><strong>Ecclesiam,</strong></span> <span class='ocrx_word' id='word_1_697' title='bbox 2794 4391 2914 4451; x_wconf 85' lang='grc'>218;</span> <span class='ocrx_word' id='word_1_698' title='bbox 2938 4388 3067 4439; x_wconf 90' lang='lat' dir='ltr'><strong>eius</strong></span> <span class='ocrx_word' id='word_1_699' title='bbox 3093 4385 3188 4437; x_wconf 89' lang='lat' dir='ltr'><strong>Le·</strong></span> 
     </span>
     <span class='ocr_line' id='line_1_116' title="bbox 1870 4468 3188 4548; baseline -0.012 -15"><span class='ocrx_word' id='word_1_700' title='bbox 1870 4482 2011 4548; x_wconf 88' lang='lat' dir='ltr'><strong>gati,</strong></span> <span class='ocrx_word' id='word_1_701' title='bbox 2053 4480 2166 4537; x_wconf 88' lang='grc'>267,</span> <span class='ocrx_word' id='word_1_702' title='bbox 2207 4477 2328 4538; x_wconf 63' lang='lat' dir='ltr'><strong>w&amp;</strong></span> <span class='ocrx_word' id='word_1_703' title='bbox 2370 4476 2782 4540; x_wconf 78' lang='lat' dir='ltr'><strong>Episcoporum,</strong></span> <span class='ocrx_word' id='word_1_704' title='bbox 2817 4471 2912 4524; x_wconf 72' lang='grc'><strong>329</strong></span> <span class='ocrx_word' id='word_1_705' title='bbox 2950 4469 3053 4532; x_wconf 87' lang='lat'><strong>51,</strong></span> <span class='ocrx_word' id='word_1_706' title='bbox 3094 4468 3188 4519; x_wconf 87' lang='grc'><strong>316</strong></span> 
     </span>
     <span class='ocr_line' id='line_1_117' title="bbox 1869 4546 3184 4628; baseline -0.013 -14"><span class='ocrx_word' id='word_1_707' title='bbox 1869 4563 1902 4628; x_wconf 90' lang='grc'>5</span> <span class='ocrx_word' id='word_1_708' title='bbox 1937 4565 1989 4625; x_wconf 87' lang='grc'><strong>1;</strong></span> <span class='ocrx_word' id='word_1_709' title='bbox 2028 4556 2514 4611; x_wconf 80' lang='lat' dir='ltr'><strong>Administratoris</strong></span> <span class='ocrx_word' id='word_1_710' title='bbox 2549 4550 2881 4619; x_wconf 82' lang='lat' dir='ltr'><strong>Apostolici,</strong></span> <span class='ocrx_word' id='word_1_711' title='bbox 2922 4550 3019 4602; x_wconf 89' lang='grc'><strong>318</strong></span> <span class='ocrx_word' id='word_1_712' title='bbox 3065 4546 3096 4609; x_wconf 86' lang='lat'><strong>5</strong></span> <span class='ocrx_word' id='word_1_713' title='bbox 3133 4548 3184 4609; x_wconf 78' lang='lat'><strong>¹3</strong></span> 
     </span>
     <span class='ocr_line' id='line_1_118' title="bbox 1868 4628 3189 4707; baseline -0.013 -11"><span class='ocrx_word' id='word_1_714' title='bbox 1868 4641 2119 4707; x_wconf 85' lang='lat' dir='ltr'><strong>Capituli</strong></span> <span class='ocrx_word' id='word_1_715' title='bbox 2142 4642 2197 4691; x_wconf 90' lang='lat' dir='ltr'><strong>et</strong></span> <span class='ocrx_word' id='word_1_716' title='bbox 2222 4641 2417 4705; x_wconf 89' lang='lat' dir='ltr'><strong>postea</strong></span> <span class='ocrx_word' id='word_1_717' title='bbox 2439 4634 2646 4687; x_wconf 89' lang='lat' dir='ltr'><strong>Vicarii</strong></span> <span class='ocrx_word' id='word_1_718' title='bbox 2670 4631 3028 4698; x_wconf 80' lang='lat' dir='ltr'><strong>capitularis,</strong></span> <span class='ocrx_word' id='word_1_719' title='bbox 3056 4628 3189 4680; x_wconf 86' lang='lat' dir='ltr'><strong>sede</strong></span> 
     </span>
     <span class='ocr_line' id='line_1_119' title="bbox 1873 4709 3187 4782; baseline -0.011 -10"><span class='ocrx_word' id='word_1_720' title='bbox 1873 4724 2126 4782; x_wconf 82' lang='lat' dir='ltr'><strong>vacante,</strong></span> <span class='ocrx_word' id='word_1_721' title='bbox 2160 4721 2279 4779; x_wconf 78' lang='grc' dir='ltr'>-135ς</span> <span class='ocrx_word' id='word_1_722' title='bbox 2315 4716 2593 4771; x_wconf 84' lang='lat' dir='ltr'><strong>Ordinarii</strong></span> <span class='ocrx_word' id='word_1_723' title='bbox 2633 4714 2741 4765; x_wconf 89' lang='lat' dir='ltr'><strong>loci</strong></span> <span class='ocrx_word' id='word_1_724' title='bbox 2786 4709 3057 4763; x_wconf 67' lang='lat' dir='ltr'><strong>domicilii</strong></span> <span class='ocrx_word' id='word_1_725' title='bbox 3100 4709 3187 4760; x_wconf 83' lang='lat' dir='ltr'><strong>vel</strong></span> 
     </span>
     <span class='ocr_line' id='line_1_120' title="bbox 1871 4789 3192 4869; baseline -0.012 -13"><span class='ocrx_word' id='word_1_726' title='bbox 1871 4801 2360 4869; x_wconf 82' lang='lat' dir='ltr'><strong>quasi-domicilii,</strong></span> <span class='ocrx_word' id='word_1_727' title='bbox 2396 4799 2513 4850; x_wconf 91' lang='grc'>1561</span> <span class='ocrx_word' id='word_1_728' title='bbox 2557 4796 2667 4862; x_wconf 80' lang='grc'>52;</span> <span class='ocrx_word' id='word_1_729' title='bbox 2703 4793 2903 4845; x_wconf 84' lang='lat' dir='ltr'><strong>Vicarii</strong></span> <span class='ocrx_word' id='word_1_730' title='bbox 2939 4793 2998 4843; x_wconf 88' lang='lat' dir='ltr'><strong>et</strong></span> <span class='ocrx_word' id='word_1_731' title='bbox 3034 4789 3192 4841; x_wconf 85' lang='lat' dir='ltr'><strong>Prae·</strong></span> 
     </span>
     <span class='ocr_line' id='line_1_121' title="bbox 1873 4872 3188 4950; baseline -0.012 -13"><span class='ocrx_word' id='word_1_732' title='bbox 1873 4886 2002 4937; x_wconf 80' lang='lat' dir='ltr'><strong>fecti</strong></span> <span class='ocrx_word' id='word_1_733' title='bbox 2028 4883 2354 4950; x_wconf 83' lang='lat' dir='ltr'><strong>Apostolici,</strong></span> <span class='ocrx_word' id='word_1_734' title='bbox 2375 4881 2488 4942; x_wconf 70' lang='lat'><strong>294,</strong></span> <span class='ocrx_word' id='word_1_735' title='bbox 2504 4880 2623 4940; x_wconf 72' lang='lat'><strong>2963</strong></span> <span class='ocrx_word' id='word_1_736' title='bbox 2646 4876 2855 4928; x_wconf 89' lang='lat' dir='ltr'><strong>Vicarii</strong></span> <span class='ocrx_word' id='word_1_737' title='bbox 2874 4872 3188 4931; x_wconf 87' lang='lat' dir='ltr'><strong>Generalis,</strong></span> 
     </span>
     <span class='ocr_line' id='line_1_122' title="bbox 1870 4952 3191 5027; baseline -0.014 -7"><span class='ocrx_word' id='word_1_738' title='bbox 1870 4967 1982 5025; x_wconf 85' lang='grc'>368,</span> <span class='ocrx_word' id='word_1_739' title='bbox 2027 4966 2138 5027; x_wconf 85' lang='grc'>371,</span> <span class='ocrx_word' id='word_1_740' title='bbox 2188 4964 2257 5017; x_wconf 80' lang='lat' dir='ltr'><strong>ct&#39;.</strong></span> <span class='ocrx_word' id='word_1_741' title='bbox 2294 4964 2388 5015; x_wconf 90' lang='grc'><strong>316</strong></span> <span class='ocrx_word' id='word_1_742' title='bbox 2435 4961 2467 5025; x_wconf 87' lang='grc'><strong>5</strong></span> <span class='ocrx_word' id='word_1_743' title='bbox 2505 4962 2555 5020; x_wconf 89' lang='grc'><strong>1;</strong></span> <span class='ocrx_word' id='word_1_744' title='bbox 2607 4956 2925 5023; x_wconf 85' lang='lat' dir='ltr'><strong>Superioris</strong></span> <span class='ocrx_word' id='word_1_745' title='bbox 2963 4956 3020 5004; x_wconf 89' lang='lat' dir='ltr'><strong>in</strong></span> <span class='ocrx_word' id='word_1_746' title='bbox 3064 4952 3191 5003; x_wconf 87' lang='lat' dir='ltr'><strong>reli-</strong></span> 
     </span>
     <span class='ocr_line' id='line_1_123' title="bbox 1871 5040 3193 5113; baseline -0.011 -14"><span class='ocrx_word' id='word_1_747' title='bbox 1871 5048 2042 5113; x_wconf 86' lang='lat' dir='ltr'><strong>gione</strong></span> <span class='ocrx_word' id='word_1_748' title='bbox 2074 5045 2319 5098; x_wconf 80' lang='lat' dir='ltr'><strong>clericali</strong></span> <span class='ocrx_word' id='word_1_749' title='bbox 2356 5044 2633 5108; x_wconf 71' lang='lat' dir='ltr'><strong>exempta,</strong></span> <span class='ocrx_word' id='word_1_750' title='bbox 2666 5041 2756 5091; x_wconf 89' lang='grc'><strong>501</strong></span> <span class='ocrx_word' id='word_1_751' title='bbox 2792 5040 2901 5103; x_wconf 78' lang='lat'><strong>513</strong></span> <span class='ocrx_word' id='word_1_752' title='bbox 2936 5051 3009 5087; x_wconf 84' lang='lat' dir='ltr'><strong>an</strong></span> <span class='ocrx_word' id='word_1_753' title='bbox 3034 5049 3193 5087; x_wconf 88' lang='lat' dir='ltr'><strong>exer·</strong></span> 
     </span>
     <span class='ocr_line' id='line_1_124' title="bbox 1872 5116 3189 5192; baseline -0.011 -12"><span class='ocrx_word' id='word_1_754' title='bbox 1872 5130 1981 5180; x_wconf 90' lang='lat' dir='ltr'><strong>ceri</strong></span> <span class='ocrx_word' id='word_1_755' title='bbox 2021 5128 2198 5192; x_wconf 85' lang='lat' dir='ltr'><strong>possit</strong></span> <span class='ocrx_word' id='word_1_756' title='bbox 2240 5141 2274 5176; x_wconf 88' lang='lat' dir='ltr'><strong>a</strong></span> <span class='ocrx_word' id='word_1_757' title='bbox 2322 5125 2541 5177; x_wconf 86' lang='lat' dir='ltr'><strong>clericis</strong></span> <span class='ocrx_word' id='word_1_758' title='bbox 2577 5121 2890 5186; x_wconf 85' lang='lat' dir='ltr'><strong>suspensis,</strong></span> <span class='ocrx_word' id='word_1_759' title='bbox 2921 5118 3067 5180; x_wconf 64' lang='lat'><strong>2284,</strong></span> <span class='ocrx_word' id='word_1_760' title='bbox 3102 5116 3189 5168; x_wconf 81' lang='lat' dir='ltr'><strong>vel</strong></span> 
     </span>
     <span class='ocr_line' id='line_1_125' title="bbox 1872 5205 2567 5266; baseline -0.012 -6"><span class='ocrx_word' id='word_1_761' title='bbox 1872 5206 2395 5266; x_wconf 83' lang='lat' dir='ltr'><strong>excommunicatis,</strong></span> <span class='ocrx_word' id='word_1_762' title='bbox 2428 5205 2567 5255; x_wconf 65' lang='lat' dir='ltr'><strong>m.</strong></span> 
     </span>
    </p>

    <p class='ocr_par' dir='ltr' id='par_1_22' title="bbox 1747 5281 3189 5353">
     <span class='ocr_line' id='line_1_126' title="bbox 1747 5281 3189 5353; baseline -0.006 -10"><span class='ocrx_word' id='word_1_763' title='bbox 1747 5293 1867 5343; x_wconf 79' lang='lat' dir='ltr'><strong>Ius:</strong></span> <span class='ocrx_word' id='word_1_764' title='bbox 1893 5290 2116 5341; x_wconf 90' lang='lat' dir='ltr'><strong>actione</strong></span> <span class='ocrx_word' id='word_1_765' title='bbox 2140 5292 2197 5340; x_wconf 89' lang='lat' dir='ltr'><strong>et</strong></span> <span class='ocrx_word' id='word_1_766' title='bbox 2219 5288 2547 5353; x_wconf 87' lang='lat' dir='ltr'><strong>exceptione</strong></span> <span class='ocrx_word' id='word_1_767' title='bbox 2575 5283 2851 5343; x_wconf 85' lang='lat' dir='ltr'><strong>munitur,</strong></span> <span class='ocrx_word' id='word_1_768' title='bbox 2883 5282 3022 5339; x_wconf 84' lang='grc'>1667,</span> <span class='ocrx_word' id='word_1_769' title='bbox 3050 5281 3189 5334; x_wconf 84' lang='grc'>1668.</span> 
     </span>
    </p>

    <p class='ocr_par' dir='ltr' id='par_1_23' title="bbox 1747 5363 3190 5434">
     <span class='ocr_line' id='line_1_127' title="bbox 1747 5363 3190 5434; baseline -0.007 -12"><span class='ocrx_word' id='word_1_770' title='bbox 1747 5370 2205 5431; x_wconf 73' lang='lat' dir='ltr'><strong>——dv&#39;vinnm‚27,</strong></span> <span class='ocrx_word' id='word_1_771' title='bbox 2223 5369 2453 5434; x_wconf 84' lang='lat'>103851,</span> <span class='ocrx_word' id='word_1_772' title='bbox 2476 5368 2595 5417; x_wconf 86' lang='grc'>1509</span> <span class='ocrx_word' id='word_1_773' title='bbox 2612 5380 2667 5417; x_wconf 90' lang='lat' dir='ltr'><strong>n.</strong></span> <span class='ocrx_word' id='word_1_774' title='bbox 2683 5366 2729 5427; x_wconf 91' lang='grc'><strong>1,</strong></span> <span class='ocrx_word' id='word_1_775' title='bbox 2749 5364 2819 5417; x_wconf 76' lang='lat' dir='ltr'><strong>ci.</strong></span> <span class='ocrx_word' id='word_1_776' title='bbox 2832 5363 2925 5415; x_wconf 88' lang='grc'><strong>727</strong></span> <span class='ocrx_word' id='word_1_777' title='bbox 2943 5363 2975 5429; x_wconf 91' lang='grc'><strong>5</strong></span> <span class='ocrx_word' id='word_1_778' title='bbox 2990 5367 3035 5422; x_wconf 88' lang='lat' dir='ltr'><strong>i,</strong></span> <span class='ocrx_word' id='word_1_779' title='bbox 3052 5363 3190 5414; x_wconf 91' lang='grc'>1060.</span> 
     </span>
    </p>
   </div>
  </div>
 </body>
</html>
