3753 5871
483 242 556 300 76
1622 243 1818 293 Godcoe
1856 242 1887 292 1
1890 242 2018 291 urta
2067 199 2346 293 Gau-onte!

1783 463 1960 530 CAN·
2006 462 2160 529 282.

666 607 698 689 ἓ
747 609 812 672 1.
862 606 1197 673 Concilio
1244 604 1580 690 plenario
1634 605 1983 672 assistere
2027 605 2296 673 debent
2349 623 2525 672 cum
2564 605 2921 690 suffragio
2963 606 3480 686 deliberativo,

487 723 782 799 praeter
814 715 1169 798 Legatum
1202 713 1739 798 Apostolicum,
1777 714 2321 797 Metropolitae,
2355 714 2707 797 Episcopi
2750 713 3284 797 residentiales,
3323 714 3483 799 qui,

486 823 604 888 sui
635 823 818 904 loco,
852 824 1148 889 mittere
1181 827 1493 906 possunt
1523 822 2045 889 Coadiutorem
2075 822 2190 889 vel
2229 822 2715 906 Auxiliarem,
2748 822 3162 906 Apostolici
3199 822 3479 888 dioece-

485 929 677 995 sium
717 929 1408 1001 Administratores.
1451 930 1776 997 Abbates
1817 930 1932 996 vel
1982 930 2315 997 Praelati
2351 930 2664 1014 nullius,
2716 932 2778 996 V
2781 928 2997 997 icarii
3036 930 3484 1014 Apostolici,

488 1035 862 1103 Praefecti
895 1036 1334 1120 Apostolici‚
1369 1037 1431 1101 V
1435 1037 1651 1101 icarii
1685 1038 2184 1118 Capitulares.

666 1144 699 1226 ξ
745 1144 812 1209 2.
864 1144 1114 1211 Etiam
1140 1143 1493 1227 Episcopi
1517 1143 1888 1224 titulares,
1921 1143 2003 1208 i‘n
2024 1145 2406 1214 territorio
2432 1146 2802 1229 degentes,
2833 1146 2897 1213 si
2921 1164 2969 1212 a
2991 1147 3265 1230 Legato
3291 1145 3484 1211 Pon·

488 1250 743 1335 tificio,
790 1251 1187 1318 secundum
1230 1255 1561 1334 receptas
1599 1248 2154 1331 instructiones,
2205 1253 2302 1315 ad
2340 1253 2751 1320 Concilium
2800 1258 3181 1335 vocentur,
3223 1252 3490 1319 adesse

488 1360 755 1429 debent
798 1359 1213 1443 habentque
1255 1358 1692 1443 suffragium
1745 1357 2336 1440 deliberativum,
2386 1356 2532 1423 nisi
2586 1360 2663 1422 in
2706 1361 3228 1428 convocatione
3269 1360 3485 1427 aliud

488 1484 827 1550 expresse
856 1471 1230 1533 caveatur.

668 1573 700 1655 ξ
747 1574 814 1641 3.
863 1574 1018 1640 Alii
1046 1579 1482 1668 exbutroqne
1516 1573 1716 1641 clero
1744 1574 1915 1655 viri,
1956 1574 2153 1640 forte
2182 1572 2279 1641 ad
2310 1557 2723 1640 Concilium
2759 1572 3086 1655 invitati,
3121 1575 3492 1660 suffragio

489 1699 636 1747 non
664 1681 990 1766 gaudent
1025 1681 1169 1748 nisi
1197 1679 1634 1748 consultivo.

1791 1814 1969 1881 CAN.
2008 1814 2160 1882 283.

664 1959 756 2024 In
796 1959 1112 2043 singulis
1146 1957 1545 2042 provinciis
1576 1956 2097 2024 ecclesiasticis
2135 1956 2546 2023 celebretur
2581 1953 3031 2038 provinciale
3067 1953 3488 2022 Concilium

496 2065 836 2133 vicesimo
863 2066 1124 2132 saltem
1159 2083 1444 2149 quoque
1473 2084 1672 2132 anno
1711 2063 1761 2130 ¹.

1788 2223 1966 2292 CAN.
2004 2223 2156 2291 281.

669 2367 1173 2450 Metropolita,
1230 2385 1456 2451 eoque
1506 2366 1832 2450 legitime
1885 2366 2240 2449 impedito
2290 2365 2405 2432 vel
2460 2364 2628 2432 sede
2690 2361 3302 2447 archiepiscopali
3357 2381 3480 2428 va-

491 2478 732 2556 cante,
779 2473 1309 2556 suffraganeus
1355 2474 1735 2558 antiquior
1774 2473 2234 2557 promotione
2272 2474 2367 2540 ad
2407 2474 2786 2540 ecclesiam
2839 2474 3431 2559 suffraganeam:

754 2583 850 2646 1.⁰
895 2581 1163 2648 Locum
1192 2582 1286 2649 ad
1314 2581 1829 2649 celebrandum
1861 2581 2276 2649 Concilium
2306 2581 2508 2648 intra
2539 2582 2960 2665 provinciae
2990 2582 3487 2665 territorium,

492 2688 774 2755 auditis
815 2689 1153 2755 omnibus
1206 2689 1330 2773 qui
1383 2690 1729 2756 assistere
1769 2689 2037 2756 debent
2086 2707 2251 2756 cum
2297 2689 2653 2774 suffragio
2695 2689 3201 2772 deliberativo,
3250 2690 3491 2776 eligit;

494 2796 957 2863 cessantibus
1019 2800 1265 2864 tamen
1316 2796 1538 2863 iustis
1590 2796 2165 2881 impedimentis,
2220 2796 2794 2880 metropolitana
2846 2797 3155 2864 ecclesia
3209 2817 3301 2866 ne
3354 2817 3475 2867 ne·

493 2902 844 2988 gligatur3

755 3011 854 3076 2.⁰
898 3011 1311 3079 Concilium
1361 3016 1717 3079 convocat
1756 3013 1968 3097 eique
2009 3016 2302 3096 praeest
2343 3010 2395 3077 ².

1795 3189 1972 3256 CAN.
2012 3189 2164 3255 285.

672 3329 1022 3413 Episcopi
1068 3330 1194 3413 qui
1248 3328 1438 3394 nulli
1481 3328 2001 3413 Metropolitae
2055 3328 2949 3412 subiiciuntur,.-Abbates
2989 3331 3105 3397 vel
3153 3328 3495 3397 Praelati

496 3434 806 3519 nulline,
842 3441 916 3504 et
954 3436 1510 3520 Archiepiscopi
1551 3437 2060 3521 suffraganeis
2095 3442 2459 3519 carentes,
2507 3437 2827 3521 aliquem
2866 3437 3294 3504 viciniorem
3339 3438 3462 3506 Me

495 3545 952 3628 tropolitam,
988 3544 1133 3610 nisi
1160 3545 1356 3611 forte
1379 3544 1524 3610 iam
1552 3544 1933 3628 elegerint,
1969 3545 2189 3612 semel
2216 3564 2358 3628 pro
2383 3563 2693 3628 semper,
2722 3544 3021 3629 praevia
3052 3544 3264 3612 Sedis
3291 3546 3489 3629 Apo·

495 3651 801 3719 stolicae
838 3652 1396 3735 approbatione,
1430 3651 1738 3737 eligant,
1771 3653 1985 3719 cuius
2017 3652 2351 3720 Concilio
2382 3653 2821 3737 provinciali
2854 3671 3019 3719 cnm
3055 3652 3228 3719 aliis
3260 3653 3491 3721 inter·

497 3759 673 3841 sint,
719 3764 794 3827 et
829 3777 1015 3843 quae
1054 3759 1158 3825 ibi
1191 3759 1538 3827 ordinata-
1568 3759 1879 3841 fuerint,
1919 3760 2306 3829 observent
2346 3763 2422 3828 et
2456 3760 2909 3827 observanda
2942 3768 3207 3827 curent
3243 3760 3294 3826 ³.

1789 3938 1966 4005 CAN.
2005 3938 2157 4006 286.

679 4079 711 4160 ξ
760 4082 825 4144 1.
877 4077 1186 4146 Praeter
1225 4079 1656 4163 EpiscopOS,
1708 4080 2033 4147 Abbates
2082 4082 2195 4148 vel
2237 4080 2623 4148 Praela-tos
2662 4080 2944 4146 null-ius
2986 4085 3060 4148 et
3109 4080 3496 4183 Archiepi·

499 4205 757 4269 scopos
794 4187 884 4254 de
924 4186 1191 4270 quibus
1229 4186 1305 4254 in
1353 4205 1517 4253 can.
1559 4187 1713 4264 285,
1755 4188 1848 4254 ad
1891 4189 2306 4255 Concilium
2345 4189 2797 4272 provinciale
2844 4189 3156 4255 vocandi
3199 4193 3378 4256 sunt
3414 4194 3497 4256 et

496 4295 886 4362 convenire
911 4294 1178 4363 debent
1211 4313 1378 4361 cum
1414 4299 1585 4362 voto
1610 4295 2093 4363 deliberativo
2123 4297 2587 4380 Suffraganei
2625 4315 2874 4363 omnes
2908 4296 3185 4381 aliique
3211 4296 3303 4363 de
3335 4297 3492 4381 qni-

498 4400 637 4468 bus
668 4402 745 4468 in
781 4419 944 4468 can.
991 4402 1144 4476 282,
1190 4402 1222 4482 §
1263 4404 1288 4466 l
1340 4402 1392 4468 ⁴.

675 4508 708 4590 ἓ
757 4508 822 4575 2.
873 4509 1225 4593 Episcopi
1268 4510 1614 4577 titulares
1653 4510 1776 4593 qui
1822 4511 1898 4577 in
1940 4511 2321 4594 provincia
2356 4511 2659 4595 degunt,
2698 4517 3010 4595 possunt
3045 4529 3093 4578 a·
3126 4511 3500 4594 praeside,

496 4634 664 4683 cnm
691 4635 1050 4684 consensu
1080 4612 1384 4684 maioris
1418 4619 1657 4700 partis
1693 4619 1989 4684 illorum
2022 4619 2146 4702 qui
2180 4637 2345 4685 cum
2374 4624 2549 4685 voto
2574 4618 3059 4686 deliberativo
3085 4619 3496 4701 intersunt,

670 4877 690 4911 ¹
730 4875 872 4926 Plus
908 4875 1003 4935 IX,
1045 4887 1135 4934 ep.
1169 4877 1389 4937 encycl.
1424 4889 1453 4925 α
1497 4874 1641 4924 Cum
1655 4885 1860 4934 :nuper
1898 4890 1947 4934 »‚
1983 4875 2048 4927 20
2081 4876 2198 4926 ian.
2243 4874 2388 4927 1858.

663 4967 688 5002 2
722 4965 896 5016 Cone.
925 4963 1213 5025 Trident„
1247 4976 1389 5016 sese.
1421 4965 1620 5025 XXIV,
1653 4967 1723 5015 de
1751 4964 1886 5023 res„
1915 4976 1964 5015 c.
1995 4964 2043 5026 23
2081 4963 2138 5015 S.
2170 4963 2234 5016 C.
2267 4964 2353 5024 C„
2394 4963 2806 5023 Tarraconen„
2835 4964 2868 5015 2
2902 4964 3024 5016 dec.
3055 4964 3205 5025 1623,
3236 4965 3304 5016 10
3340 4964 3495 5018 febr.

498 5055 646 5115 1624:
678 5054 910 5111 Senon„
949 5053 1014 5105 28
1042 5065 1173 5105 nov.
1207 5053 1353 5115 16993
1390 5051 1830 5105 Caeremoniale
1861 5053 2218 5114 Episcopor„
2262 5054 2299 5105 l.
2337 5054 2386 5114 1,
2421 5063 2468 5104 c.
2512 5053 2708 5114 XXXI,
2740 5066 2798 5104 n.
2833 5054 2885 5113 1.
2917 5052 2968 5104 3.

668 5146 693 5181 ³
729 5144 902 5195 Cone.
932 5142 1220 5204 Trident„
1250 5155 1393 5194 sess.
1424 5143 1622 5202 xxlv,
1652 5144 1723 5192 de
1748 5142 1883 5201 res..
1910 5155 1959 5193 e.
1993 5143 2042 5204 2;
2067 5143 2211 5194 Pius
2243 5143 2340 5202 IX,
2368 5154 2458 5202 cp.
2488 5144 2705 5203 encycl.
2744 5157 2775 5193 ι
2802 5142 2947 5193 oum
2979 5152 3169 5201 nuper
3192 5155 3243 5200 »,
3273 5141 3340 5193 20
3371 5141 3497 5194 ian.

501 5233 648 5294 185&
680 5233 738 5284 8.
777 5232 841 5285 C.
876 5229 982 5292 Ep.
1011 5234 1074 5284 et
1108 5231 1271 5292 neg„
1305 5230 1644 5288 cassanen..
1682 5231 1747 5283 20
1776 5232 1895 5282 lan.
1928 5231 2074 5291 1579:
2112 5230 2453 5289 cusentina,
2484 5229 2549 5282 20
2579 5232 2696 5281 ian.
2728 5230 2876 5283 1570.

662 5325 689 5361 ⁴
730 5321 795 5374 C.
828 5321 933 5381 4-0,
966 5322 1048 5381 10,
1081 5320 1251 5380 12-14,
1285 5320 1356 5370 D.
1389 5316 1606 5381 xvnn
1655 5320 1826 5371 Cone.
1878 5320 2165 5381 Trident„
2216 5332 2359 5373 sess.
2408 5319 2607 5380 XXIV,
2657 5321 2729 5371 de
2775 5319 2911 5379 res„
2956 5329 3006 5370 c.
3068 5316 3117 5380 23
3165 5316 3224 5370 Β.
3277 5316 3344 5370 C.
3403 5318 3499 5381 0.,

503 5412 777 5468 Trunca„
815 5421 1014 5463 mense
1052 5410 1174 5462 lun.
1216 5409 1365 5469 1589,
1405 5408 1486 5461 ad
1524 5410 1607 5461 14.
