3753 5871
507 338 637 383 χιιι
1664 328 1861 381 ooaco
1907 327 2069 380 lum
2107 327 2389 382 omousio&

709 511 1037 612 Itaque,
1076 513 1472 592 invocato
1516 512 1859 593 divinae
1897 514 2221 615 gratiae
2259 515 2601 608 auxilio,
2651 516 3106 596 Beatorum
3140 518 3376 596 Petri
3410 521 3495 597 et

507 652 759 734 Pauli
830 655 1433 756 Apostolorum
1518 656 2028 737 auctoritate
2098 657 2417 750 confisi,
2503 660 2743 738 motu
2815 657 3177 761 proprio,
3261 660 3496 738 certa

508 796 868 874 scientia
914 799 1172 899 atque
1220 797 1783 900 Apostolicae,
1835 821 2009 901 qua
2068 800 2300 878 aucti
2357 820 2677 891 sumus,
2729 800 3176 902 potestatis
3224 799 3490 903 pleni-

512 936 837 1027 tudine,
893 925 1521 1018 'Constitutione
1568 940 1731 1018 hac
1784 941 2115 1032 Nostra,
2161 963 2424 1041 quam
2465 941 2863 1021 volumus
2901 944 3310 1043 perpetuo
3351 963 3495 1021 va-

509 1079 886 1171 lituram,
918 1081 1453 1181 praesentem
1484 1080 1910 1173 codicem,
1943 1081 2067 1161 sio
2099 1084 2199 1161 ut
2228 1081 2610 1184 digestus
2635 1085 2788 1174 est,
2827 1081 3494 1182 promulqamus,

509 1220 690 1296 vim
746 1220 960 1318 leqis·
1016 1221 1375 1321 posthac
1451 1222 1760 1298 habere
1831 1243 1988 1323 pro
2050 1222 2454 1300 universa
2493 1223 2872 1301 Ecclesia
2936 1221 3494 1311 decemimus,

511 1363 926 1454 iubemuS,
1001 1366 1501 1466 vestraeque
1575 1365 2000 1444 tradimus
2069 1366 2505 1445 custodiae
2578 1387 2679 1445 ac
2752 1366 3248 1468 vigilantiae
3332 1390 3498 1447 ser-

514 1506 923 1586 vandum.
1940 1498 1958 1522 ⁶

714 1649 834 1729 Ut
870 1652 1158 1757 autem
1205 1670 1521 1740 omnes,
1563 1648 1674 1728 ad
1711 1670 1924 1750 quos
1969 1651 2360 1752 pertinet,
2399 1652 2658 1752 probe
2704 1656 3145 1754 perspecta
3191 1652 3503 1730 habere

511 1789 844 1893 possint
878 1791 1138 1870 huius
1178 1789 1515 1870 Codicis
1561 1790 2087 1892 praescripta
2125 1792 2588 1891 antequam
2637 1791 2748 1870 ad
2790 1790 3186 1871 eflectum
3236 1791 3502 1870 addu-

512 1934 838 2025 cantur,
886 1932 1303 2012 edicimus
1359 1953 1462 2012 ae
1505 1932 1899 2010 iubemus
1947 1935 2046 2011 ut
2102 1955 2206 2011 ea
2246 1935 2428 2011 vim
2477 1932 2913 2034 obligandi
2961 1932 3271 2011 habere
3330 1953 3505 2010 non

519 2075 940 2178 incipiant
983 2076 1153 2154 nisi
1200 2099 1252 2155 a
1296 2074 1433 2154 die
1480 2076 2019 2154 Pentecostes
2072 2073 2282 2153 anni
2326 2073 2710 2176 proxime
2765 2073 3133 2165 venturi,
3187 2073 3411 2154 idest
3450 2096 3508 2152 a

518 2217 656 2296 die
697 2217 1031 2296 decima
1060 2239 1291 2295 nona
1331 2215 1651 2295 mensis
1684 2215 1898 2294 Maii
1932 2214 2140 2294 anni
2174 2214 2607 2294 millesimi
2641 2214 3265 2315 nongentesimi
3301 2215 3506 2294 duo-

519 2358 1038 2437 devicesimi.

712 2502 901 2581 Non
973 2499 1514 2581 obstantibus
1596 2500 2120 2602 quibuslibet
2203 2500 2910 2592 ordinationibus,
2978 2501 3507 2581 constitutio-

517 2647 800 2737 nibus,
853 2645 1326 2748 privilegiis
1382 2643 1643 2723 etiam
1700 2643 2052 2746 speciali
2098 2646 2357 2745 atque
2403 2643 2858 2723 individua
2905 2644 3333 2723 mentione
3383 2644 3510 2723 di-

518 2789 737 2890 gnis,
792 2811 948 2867 nec
995 2810 1168 2867 non
1242 2785 2007 2867 consuetudinibus
2092 2785 2355 2864 etiam
2426 2785 3246 2864 immemorabilibus
3298 2786 3511 2863 cete-

520 2933 805 3035 risque
849 2930 1299 3011 contrariis
1342 2928 1816 3033 quibusvis.

720 3075 955 3154 Nulli
1007 3099 1202 3179 ergo
1244 3077 1594 3156 omnino
1644 3077 2094 3155 hominum
2147 3075 2401 3155 liceat
2440 3075 2664 3153 hanc
2706 3074 3110 3177 paginam
3155 3073 3514 3151 *Nostrae

520 3219 1179 3310 constitutionis,
1227 3217 1813 3311 ordinationis,
1858 3219 2422 3309 limitationis,
2470 3215 3113 3320 suppressionis,
3170 3215 3517 3317 deroga-

520 3360 779 3441 tionis
837 3383 1450 3464 expressaeque
1499 3360 2137 3463 quomodolibet
2192 3359 2665 3439 voluntatis
2714 3357 3198 3460 infringere,
3252 3357 3385 3436 vel
3435 3358 3517 3436 ei

524 3525 741 3584 ausu
791 3504 1241 3584 temerario
1290 3504 1732 3582 contraire.
1778 3501 1865 3583 Si
1915 3502 2111 3604 quis
2161 3500 2321 3580 hoc
2363 3503 2784 3579 attentare
2826 3498 3518 3601 praesumpserit,

524 3647 1206 3749 indignationem
1273 3646 1883 3747 omnipotentis
1939 3645 2095 3721 Dei
2146 3667 2246 3723 ac
2304 3644 2760 3722 Beatorum
2828 3641 3059 3720 Petri
3114 3642 3202 3719 et
3252 3639 3508 3719 Pauli

524 3787 1128 3890 Apostolorum
1170 3786 1375 3864 Eius
1414 3809 1502 3864 se
1538 3784 1886 3865 noverit
1928 3787 2500 3864 incursurum.

741 3934 1061 4011 Datum
1104 3932 1422 4009 Romae
1465 3928 1697 4030 apud
1739 3927 1823 4006 S.
1874 3929 2224 4006 Petrum
2266 3928 2403 4007 die
2445 3928 2658 4006 festo
2714 3929 3250 4006 Pentecostes
3289 3948 3525 4005 anno

527 4074 977 4153 milles-imo
1052 4071 1695 4173 nongentesimo
1758 4070 2087 4149 decimo
2157 4071 2540 4171 septimo,
2611 4068 3174 4148 Pontificatus
3235 4068 3528 4148 Nostri

529 4216 803 4294 tertio.

526 4571 890 4658 PETRUS
928 4579 1133 4654 Cano.
1179 4577 1650 4656 GASPARRI
2061 4574 2142 4648 Ο.
2184 4573 2390 4648 (ΒΑΜ).
2436 4574 2860 4650 CAGIANO
2899 4574 3029 4646 DE
3068 4573 3536 4649 AZEVEDO

743 4754 779 4799 Α
839 4727 1144 4798 Sscnsns
1198 4724 1472 4798 Surus,
2344 4716 2418 4794 S.
2461 4719 2542 4795 R.
2587 4719 2670 4793 Ε.
2732 4718 3239 4794 Offeramus
