3753 5871
1297 319 1474 369 Liber
1505 320 1742 372 Tertius
1775 345 1796 358 ·
1832 320 1923 370 De
1961 321 2158 373 Rebus
3141 323 3255 381 295

253 508 468 576 cuius
496 508 815 576 dioecesi
852 506 1406 574 matrimonium
1438 506 1878 589 celebratum
1914 505 2106 590 quod
2142 506 2207 573 si
2240 506 2794 574 matrimonium
2827 510 3045 576 extra
3083 528 3243 594 pro·

256 617 461 698 prias
499 617 797 684 ineatur
833 614 1222 696 dioeceses,
1275 614 1587 699 quilibet
1625 614 2072 682 ordinarius
2119 614 2468 698 proprius
2504 614 2934 699 dispensare
2976 620 3244 701 potest.

1594 777 1709 830 AN.
1757 762 1953 829 1029.

432 876 515 942 Si
560 874 758 940 alius
817 872 1184 957 parochus
1234 763 1878 956 investigitionem
1927 875 2064 939 aut
2110 871 2649 955 publicationes
2698 875 3090 958 peregerit,
3154 875 3247 943 de

256 983 517 1048 harum
563 981 771 1049 exitu
806 982 1064 1049 statim
1100 998 1234 1064 per
1270 979 1779 1047 authenticum
1820 979 2341 1047 documentum
2377 980 2766 1048 certiorem
2809 980 3073 1050 reddat
3119 1001 3241 1068 pa·

257 1091 582 1172 rochum,
626 1088 754 1174 qui
793 1086 1268 1156 matrimonio
1305 1087 1655 1155 assistere
1692 1087 1909 1155 debet
1938 1086 1988 1153 ¹.

1575 1243 1752 1311 CAN.
1809 1243 2007 1311 1030.

433 1355 468 1438 ξ
515 1356 580 1421 1.
631 1354 967 1422 Peractis
1009 1353 1706 1439 investigationibus
1748 1355 1825 1420 et
1871 1352 2525 1437 publicationibus,
2576 1353 2943 1437 parochus
2988 1352 3239 1419 matri·

254 1464 499 1531 monio
539 1482 631 1530 ne
671 1463 1005 1544 assistat,
1050 1467 1447 1546 antequam
1490 1460 1737 1528 omnia
1779 1460 2222 1528 documenta
2266 1460 2682 1529 necessaria
2735 1461 3116 1543 receperit,
3164 1472 3239 1528 et

253 1574 659 1655 praeterea,
701 1571 847 1637 nisi
886 1570 1356 1637 rationabilis
1390 1587 1617 1637 causa
1647 1568 1854 1636 aliud
1890 1568 2240 1651 postulet,
2279 1574 2433 1636 tres
2462 1568 2621 1635 dies
2648 1567 3115 1635 decurrerint
3146 1569 3239 1636 ab

253 1678 521 1745 ultima
564 1678 1088 1763 publicatione.

431 1785 465 1868 ξ
512 1785 579 1851 2.
631 1787 713 1853 Si
742 1787 943 1853 intra
975 1804 1100 1853 sex
1128 1802 1412 1853 menses
1440 1786 1992 1853 matrimonium
2025 1789 2491 1854 contractum
2526 1805 2671 1854 non
2701 1788 2959 1871 tuerit,
3000 1790 3233 1874 publi-

248 1894 579 1962 cationes
619 1899 1077 1979 repetantur,
1120 1894 1266 1961 nisi
1298 1894 1504 1962 aliud
1537 1894 1682 1962 loci
1713 1893 2114 1961 Ordinario
2147 1894 2488 1962 videatur
2521 1893 2574 1962 ².

1524 2050 1701 2117 CAN.
1755 2050 1951 2116 1031.

428 2160 462 2241 §
509 2161 574 2225 1.
625 2160 910 2228 Exorto
942 2159 1169 2228 dubio
1202 2159 1294 2236 de
1330 2159 1765 2227 exsistentia
1807 2159 2128 2226 alicuius
2162 2159 2713 2244 impedimenti:

503 2268 600 2333 1.ο
646 2266 1024 2334 Parochus
1085 2287 1237 2335 rem
1298 2268 1724 2335 accuratius
1784 2267 2203 2352 investiget,
2246 2268 2776 2353 interrogando
2835 2269 2971 2335 sub
3041 2269 3233 2335 iura·

251 2379 499 2443 mento
540 2375 727 2443 duos
782 2376 1043 2444 saltem
1090 2380 1316 2444 testes
1361 2376 1504 2445 fide
1547 2376 1836 2461 dignos,
1894 2375 2288 2443 dummodo
2334 2395 2425 2443 ne
2480 2380 2751 2460 agatur
2796 2375 2889 2443 de
2935 2376 3233 2460 impedi·

248 2488 498 2550 mento
540 2501 631 2550 ex
681 2484 897 2551 cuius
942 2484 1212 2551 notitia
1258 2484 1591 2551 infamia
1616 2484 1958 2570 partibus
2003 2483 2316 2567 oriatur,
2367 2486 2466 2564 et,
2515 2486 2583 2551 si
2632 2501 2920 2551 necesse
2977 2484 3234 2567 fuerit,

248 2590 452 2673 ipsas
490 2608 774 2674 quoque
820 2595 1093 2675 partes;

510 2696 608 2763 2.ο
653 2697 1204 2767 Publicationes
1250 2705 1558 2784 peragat
1599 2701 1715 2768 vel
1756 2700 2120 2787 perficiat,
2165 2702 2230 2769 si
2272 2703 2576 2770 dubium
2622 2708 2866 2775 ortum
2911 2704 3014 2772 sit
3063 2710 3239 2774 ante

249 2804 583 2889 inceptas
612 2806 728 2873 vel
768 2806 1099 2890 expletas
1130 2806 1689 2892 publicationes3

505 2914 603 2981 3:
649 2914 1130 2983 Matrimonio
1164 2934 1256 2983 ne
1284 2916 1616 2997 assistat,
1657 2915 2081 2986 inconsulto
2109 2917 2531 3001 Ordinario,
2569 2920 2634 2987 si
2662 2919 2965 3030 dubium
2997 2921 3239 2988 adhuc

247 3039 630 3104 superesse
666 3023 1071 3104 prudenter
1108 3023 1630 3091 iudicaverit.
1577 3023 1605 3060 ⁸

427 3129 462 3211 §
508 3128 574 3194 2.
625 3130 937 3198 Detecto
975 3129 1499 3215 impedimento
1524 3135 1774 3199 certo:

512 3238 610 3302 1.⁰
657 3238 739 3304 Si
788 3238 1391 3321 impedimentum
1454 3240 1555 3307 sit
1606 3241 2003 3324 occultum,
2070 3240 2435 3324 parochus
2485 3241 3025 3326 publicationes
3075 3261 3231 3328 per·

246 3349 428 3429 agat
464 3345 579 3412 vel
622 3346 983 3427 absolvat,
1028 3350 1107 3414 et
1145 3364 1294 3414 rem
1338 3347 1652 3429 deferat,
1698 3349 2014 3415 reticens
2054 3349 2378 3430 nomina,
2422 3350 2518 3416 ad
2571 3350 2713 3416 loci
2757 3349 3238 3417 Ordinarium

247 3451 363 3517 vel
396 3452 493 3519 ad
537 3452 840 3519 Sacram
877 3453 1560 3536 Poenitentiariam3

514 3558 611 3625 2.⁰
657 3561 739 3628 Si
770 3562 873 3629 sit
903 3561 1277 3645 publicum
1309 3565 1384 3629 et
1420 3562 1811 3647 detegatur
1848 3568 2024 3632 ante
2053 3564 2388 3648 inceptas
2419 3565 2983 3648 publicationes,
3027 3584 3234 3647 paro-

244 3666 432 3733 chus
466 3667 782 3735 ulterius
822 3687 911 3736 ne
942 3670 1317 3752 procedat,
1351 3670 1580 3737 donec
1613 3671 2214 3753 impedimentum
2253 3676 2739 3753 removeatur,
2774 3672 2915 3738 etsi
2948 3671 3234 3755 dispen-

247 3774 610 3842 sationem
651 3793 788 3859 pro
819 3776 983 3843 foro
1012 3778 1506 3845 conscientiae
1547 3783 1839 3845 tantum
1884 3780 2257 3847 obtentam
2296 3780 2515 3861 norit;
2551 3781 2615 3846 si
2648 3781 3040 3864 detegatur
3072 3784 3240 3862 post

247 3881 564 3965 primam
617 3889 751 3952 aut
793 3884 1186 3951 secundam
1233 3886 1832 3969 publicationem,
1881 3888 2245 3971 parochus
2288 3887 2827 3971 publicationes
2875 3887 3235 4012 perficiat,

247 3994 326 4057 et
373 4009 523 4057 rem
567 3992 662 4058 ad
709 3989 1188 4058 Ordinarium
1234 3992 1603 4058 defemt‘.

425 4097 460 4178 ξ
505 4098 572 4164 3.
623 4099 935 4166 Demum
982 4100 1045 4166 si
1084 4100 1369 4165 nullum
1405 4100 1774 4167 detectum
1819 4100 2052 4169 fuerit
2089 4100 2719 4184 impedimentum,
2770 4119 2901 4168 nec
2935 4101 3241 4167 dubium

248 4223 383 4273 nec
423 4209 734 4287 certum,
791 4207 1181 4290 parochus,
1226 4202 1539 4292 expletis
1585 4207 2238 4292 publicationibus,
2286 4209 2382 4276 ad
2425 4207 2881 4276 matrimonii
2926 4206 3238 4275 celebra·

247 4312 525 4380 tionem
558 4318 811 4396 partes
842 4314 1197 4382 admittat
1224 4313 1276 4380 ⁸.

433 4513 453 4548 ¹
494 4512 849 4565 Benedictus
879 4514 1030 4573 XIV,
1068 4525 1158 4574 ep.
1193 4528 1223 4564 ι
1250 4511 1466 4565 Paucis
1494 4513 1708 4565 abhinc
1738 4528 1788 4574 ιι,
1820 4515 1886 4566 19
1917 4517 2092 4567 mart.
2133 4514 2280 4574 175&
2311 4514 2368 4566 S.
2402 4515 2466 4564 O.
2500 4514 2574 4565 de
2613 4514 3031 4574 sacramentis,
3065 4514 3236 4564 instr.

246 4604 285 4653 6
313 4605 488 4654 mart.
521 4603 669 4662 1911,
701 4615 758 4653 ιι.
794 4603 909 4663 ΙΙΙς
938 4602 1179 4654 Rituale
1217 4603 1405 4664 Rom„
1440 4605 1534 4655 tit.
1567 4604 1633 4663 X,
1674 4616 1724 4655 c.
1757 4604 1808 4663 5,
1846 4602 2061 4652 Forma
2095 4602 2462 4652 describendi
2497 4600 2855 4661 contueatur.

432 4691 460 4729 ⁸
496 4690 554 4742 8.
587 4691 651 4742 C.
688 4691 746 4742 S.
779 4692 916 4752 Off„
945 4693 1115 4744 instr.
1152 4693 1254 4751 (ad
1288 4694 1392 4752 Ep.
1424 4693 1698 4754 orient),
1725 4693 1790 4743 22
1815 4705 1949 4755 aug.
1978 4693 2126 4752 1890,
2157 4705 2214 4743 ιι.
2249 4693 2299 4752 0;
2322 4692 2563 4743 Rituale
2588 4692 2777 4752 Rom„
2812 4694 2908 4744 tit.
2937 4692 3072 4749 VII,
3104 4703 3153 4741 e.
3188 4693 3237 4748 1,

250 4780 326 4830 ac
357 4781 726 4829 sacramento
755 4779 1138 4839 matrimonii,
1169 4793 1227 4831 n.
1260 4783 1342 4833 11.

436 4871 463 4906 ⁸
499 4869 557 4920 S.
592 4868 657 4921 C.
693 4870 750 4920 S.
784 4869 923 4927 Off..
961 4870 1131 4921 instr.
1171 4869 1234 4921 21
1268 4884 1400 4931 aug.
1440 4871 1586 4932 167ος
1628 4871 1691 4920 24
1726 4872 1875 4922 febr.
1913 4870 2058 4931 1847:
2095 4872 2126 4921 1
2170 4870 2316 4921 febr.
2354 4870 2502 4931 1865,
2540 4870 2618 4921 ad
2661 4870 2711 4929 1,
2744 4869 2794 4927 2,
2826 4869 2876 4929 4,
2907 4869 2957 4930 ὃς
2991 4867 3056 4919 28
3089 4868 3238 4919 febr.

250 4958 403 5018 180oe
435 4958 606 5009 instr.
651 4958 752 5015 (ad
789 4958 985 5019 Deleg.
1025 4959 1130 5019 Ap.
1167 4960 1461 5021 Aegypti).
1508 4960 1571 5012 13
1607 4960 1726 5010 ian.
1760 4960 1907 5022 1809;
1948 4960 2467 5020 (constantinop),
2514 4959 2547 5008 2
2583 4970 2709 5018 apr.
2742 4957 2888 5018 1873:
2924 4958 3093 5009 instr.
3142 4956 3244 5014 (ad

244 5047 357 5107 Ep.
393 5045 452 5098 8.
486 5047 758 5107 Alberti),
791 5048 825 5098 9
853 5047 976 5098 dec.
1011 5047 1158 5106 1874,
1190 5047 1269 5098 ad
1297 5048 1434 5100 dub.
1469 5051 1639 5111 sext:
1670 5049 1842 5100 instr.
1885 5048 1986 5107 (ad
2018 5049 2123 5108 Ep.
2166 5048 2440 5108 orient).
2481 5047 2546 5098 22
2583 5060 2717 5108 aug.
2752 5046 2900 5107 1890,
2934 5059 2991 5097 ιι.
3024 5046 3075 5107 3,
3107 5046 3158 5104 4,
3189 5045 3240 5105 8,

245 5136 337 5196 10,
370 5135 453 5196 11ς
482 5135 548 5187 30
576 5147 707 5186 nov.
741 5136 888 5197 189&
916 5135 951 5187 8
989 5147 1124 5197 aug.
1159 5137 1305 5188 1900.

427 5228 455 5262 ⁴
497 5224 852 5278 Benedictus
876 5227 1026 5287 XIV,
1053 5238 1143 5286 ep.
1171 5228 1388 5287 encyel.
1420 5241 1449 5276 α
1482 5226 1739 5277 Nimiam
1766 5227 2064 5278 licentiam
2091 5242 2140 5286 ιι,
2171 5226 2237 5278 18
2267 5226 2409 5276 maii
2434 5225 2582 5285 1⁷43,
2612 5225 2638 5286 1
2672 5225 2754 5276 10.

437 5317 463 5350 ³
496 5314 668 5365 conc.
697 5315 984 5375 Trident.,
1014 5327 1157 5366 sess.
1186 5315 1384 5376 XXIV,
1414 5318 1485 5366 de
1514 5317 1623 5376 res.
1660 5316 1943 5374 matt-lm..
1972 5328 2021 5367 c.
2055 5318 2103 5378 13
2129 5314 2485 5367 Benedictus
2519 5315 2669 5375 XIV,
2702 5325 2791 5372 ep.
2822 5313 3041 5374 encycl.
3075 5328 3106 5362 α
3143 5313 3244 5360 Sa-

245 5404 331 5454 tu
361 5402 536 5452 Vobis
562 5416 612 5463 ιι,
641 5401 708 5454 17
738 5415 870 5454 nov.
908 5404 1054 5464 1741:
1086 5405 1328 5456 Rituale
1355 5405 1542 5465 Rom„
1571 5406 1667 5458 tit.
1700 5397 1835 5465 VII,
1864 5417 1915 5456 c.
1946 5408 1996 5465 1,
2027 5406 2097 5455 de
2129 5406 2498 5454 commemo
2526 5400 2907 5460 matrimonii,
2939 5413 2999 5451 n.
3028 5400 3080 5462 8;
3107 5413 3157 5452 c.
3190 5400 3242 5460 2,

241 5491 427 5543 meu
465 5489 801 5541 celebranda
834 5490 1199 5542 matrimonii
1237 5497 1690 5551 commentum,
1728 5507 1785 5545 n.
1819 5496 1867 5545 1.
