3753 5871
1030 0 1285 21 mur-lu-
1685 0 1717 11 ν
1730 0 1876 14 Vm

512 149 799 214 [Instituta
830 149 1253 214 eeclesisstlcsl:

634 230 910 296 spondere
952 231 1191 295 possunt
1223 229 1283 280 in
1323 228 1528 282 iudicio
1561 231 1619 281 61
1655 229 1956 294 quomodo,

637 311 777 370 1⁶49.
811 309 883 363 ci.
925 309 1062 363 1653.

1908 0 1934 14 fl
1946 0 2000 14 -U
2017 0 2067 16 U-
2109 0 2145 14 v
2155 0 2366 15 -Uwuvw

2795 0 2945 24 nutv-1
2952 0 3030 24 ““

2062 149 2535 217 [Interpretsflolz

2183 231 2275 290 29:
2310 244 2545 296 poenae,
2582 231 2736 291 mo:
2770 232 3073 303 privilegii,
3105 234 3196 295 683
3232 236 3507 302 rescripti,

2182 309 2272 371 5ος
2309 310 2709 362 reservationis
2739 324 3030 372 censurae,
3063 312 3194 365 2246
3224 315 3258 380 5
3280 314 3327 364 2

515 393 827 444 Institutio:
883 392 1204 442 canonica:
1255 390 1413 456 quid,
1456 390 1573 452 147;
1613 389 1708 442 cui
1751 389 1960 451 danda,
2051 389 2541 454 ,Inter-rogationes
2555 391 3510 457 iudiciale-:quandoiudexdebeut

640 472 762 523 1466
792 471 824 536 5
851 472 895 532 1,
927 471 1043 530 149ς
1077 471 1214 535 quid
1235 471 1287 522 si
1308 470 1502 536 plures
1534 470 1722 522 idonei
1749 469 1962 521 tuerint

639 551 1005 618 praesentati,
1048 552 1170 604 1466
1205 551 1238 618 5
1260 554 1324 614 3:
1362 565 1399 603 a
1438 565 1554 617 quo
1595 550 1801 610 danda,
1840 549 1963 601 1466

639 633 672 697 5
702 633 754 691 2,
787 633 884 685 332
914 632 946 697 5
972 633 1019 691 1.
1052 633 1148 684 455
1179 631 1211 698 5
1249 635 1303 692 1;
1338 632 1494 685 intra
1524 632 1677 697 quod
1715 632 1962 696 tempus.

644 712 792 775 14673
826 712 966 777 quid
1011 713 1062 763 si
1111 714 1504 777 praesentatus
1540 714 1676 763 ante
1719 724 1843 763 eam
1881 724 1962 762 re·

644 793 992 844 nuntiaverit
1026 793 1111 843 vel
1150 795 1405 845 mortuus
1438 793 1627 851 fuerit,
1664 792 1802 844 1468.

516 902 579 911 -
610 874 960 925 catechetica
996 874 1121 923 vide
1154 873 1486 925 catechesis.

516 982 579 991 -
609 953 959 1004 clericorum
1010 954 1096 1004 est
1142 953 1351 1017 proprii
1398 954 1455 1000 et
1499 952 1773 1000 exclusivi
1822 951 1965 1002 iuris

651 1031 941 1094 Ecclesiae,
980 1032 1117 1087 1352,
1142 1032 1212 1078 ci.
1242 1027 1390 1087 1380:
1425 1028 1554 1080 vide
1581 1029 1964 1082 Seminarium.

518 1141 581 1150 --
613 1109 1003 1158 novitiorum:
1034 1106 1146 1166 559,
1180 1108 1294 1169 561,
1325 1108 1440 1169 569,
1473 1110 1585 1162 565.

517 1215 580 1224 --
610 1201 931 1253 puerorum
978 1187 1244 1253 religiosa
1281 1190 1340 1241 61
1383 1189 1610 1241 moralis
1650 1189 1712 1241 in
1751 1189 1965 1240 scholis

644 1268 942 1333 praecipue
983 1269 1253 1329 curanda,
1302 1270 1422 1322 1379
1457 1270 1491 1336 5
1526 1272 1570 1329 1,
1617 1285 1731 1322 666
1777 1271 1964 1322 solum

642 1361 679 1399 a
709 1348 1063 1413 parentibus,
1096 1348 1195 1400 sed
1234 1350 1309 1401 ab
1346 1351 1611 1402 omnibus
1642 1351 1739 1416 qui
1771 1364 1967 1402 eorum

643 1428 823 1481 locum
849 1430 1067 1489 tenent.
1095 1430 1217 1483 1:372
1239 1431 1273 1496 5
1294 1432 1342 1491 9,
1367 1434 1424 1483 61
1456 1431 1731 1483 tradenda
1752 1431 1811 1482 in
1833 1445 1968 1497 qua·

646 1509 784 1561 libet
817 1511 1186 1563 elementaria
1216 1512 1429 1572 schola.
1466 1513 1589 1566 1373
1626 1513 1657 1578 5
1685 1514 1728 1572 1,
1764 1512 1875 1563 imo
1908 1513 1966 1563 61

645 1592 825 1642 ι66(116
860 1592 947 1643 vei
981 1593 1268 1659 superiore
1299 1608 1395 1659 per
1416 1594 1737 1645 sacerdotes
1763 1592 1886 1645 zelo
1908 1594 1965 1645 et

643 1672 900 1723 doctrina
952 1675 1320 1737 praestantes.
1366 1672 1663 1725 ordinario
1711 1675 1963 1734 curante,

647 1751 770 1805 1373
824 1752 857 1818 5
889 1752 947 1812 9;
990 1753 1281 1819 religionis
1325 1754 1578 1819 magistri
1623 1756 1681 1805 et
1724 1745 1861 1805 libri
1890 1753 1978 1818 ab,

645 1830 942 1884 Ordinatio
977 1833 1246 1898 probandi
1279 1835 1355 1894 et,
1390 1834 1440 1884 si
1476 1833 1608 1885 mali
1631 1834 1765 1894 sint,
1792 1824 1966 1886 remo-

645 1912 830 1972 vendi,
870 1913 985 1965 1381
1023 1914 1125 1978 53.

522 2020 584 2029 -
616 1992 1030 2057 relioiosorum
1068 1993 1431 2045 studentium
1473 1993 1602 2045 vide
1649 1994 1966 2047 Studiorum

645 2073 853 2125 domus.

522 2153 824 2204 intructi«)
874 2165 1191 2216 processus:
1239 2154 1569 2216 criminalis,
1624 2154 1762 2216 1954,
1813 2154 1963 2212 1955:

646 2232 1005 2292 contentiosi,
1044 2231 1328 2285 1706-1710.

522 2313 901 2363 Instructores
934 2312 1059 2362 vide
1092 2314 1407 2364 Auditores.

524 2393 902 2444 Instrumenta
932 2392 1060 2442 vide
1091 2395 1446 2445 Documenta.

526 2473 955 2524 instrumentum
983 2474 1039 2523 in
1076 2475 1346 2525 unctione
1370 2475 1732 2539 perficienda:
1757 2476 1815 2527 in
1837 2490 1968 2528 con-

650 2552 986 2613 firmatione,
1019 2553 1109 2606 781
1144 2554 1176 2618 5
1208 2555 1258 2614 2,
1294 2555 1353 2605 in
1395 2557 1646 2606 extrema
1680 2556 1966 2616 unctione,

522 2713 816 2765 Interdicti
865 2715 1055 2766 bonis:
1102 2729 1201 2779 per
1238 2729 1383 2779 quos
1424 2715 1578 2766 stent
1628 2714 1688 2766 in
1736 2713 1968 2776 iudicio,

531 2875 918 2926 Interdictum:
954 2875 1109 2939 quid,
1147 2875 1275 2926 m
1315 2875 1346 2940 5
1375 2877 1427 2928 i:
1462 2877 1692 2940 quando
1723 2878 1813 2928 est
1844 2890 1971 2928 cen·

650 2969 805 3016 sura,
837 2956 1067 3020 quando
1102 2971 1282 3021 poena
1316 2956 1673 3017 vindicativa,
1704 2957 1833 3009 2255
1863 2957 1896 3022 5
1919 2956 1968 3017 2,

650 3035 803 3094 2291:
850 3036 1008 3087 aliud
1054 3036 1371 3102 personale,
1413 3037 1565 3089 aliud
1609 3037 1803 3098 locale,
1843 3036 1973 3089 m

650 3117 683 3181 5
704 3118 760 3179 2;
785 3117 919 3182 quis
943 3119 1083 3168 ferre
1103 3118 1280 3182 possit
1305 3118 1662 3169 interdictum
1688 3117 1969 3189 generale.

653 3200 765 3249 tam
798 3198 977 3250 locale
1020 3213 1193 3263 quam
1226 3197 1541 3264 personale,
1572 3199 1699 3249 m
1728 3199 1761 3263 5
1798 3200 1849 3259 1;
1893 3211 1970 3249 an

650 3280 819 3330 etiam
854 3293 951 3342 per
985 3279 1206 3329 modum
1242 3279 1524 3344 praecepti
1559 3279 1737 3343 pooeit
1770 3278 1969 3344 infligi,

656 3361 776 3412 1933
821 3359 852 3425 5
891 3360 948 3420 4ς
996 3360 1223 3410 ubinam
1276 3361 1840 3426 urgeat.utrumque
1889 3360 1974 3411 in-

653 3440 973 3499 terdictum.
1014 3440 1142 3491 2269
1182 3441 1215 3506 5
1253 3440 1311 3499 2:
1360 3441 1498 3507 quid
1539 3442 1691 3492 vetet
1723 3438 1815 3491 vel
1859 3453 1969 3490 non

652 3521 1015 3572 interdictum
1051 3521 1242 3582 locale.
1275 3521 1419 3581 2270.
1456 3520 1603 3581 2273,
1634 3520 1770 3585 quid
1803 3520 1973 3571 inter·

656 3601 870 3652 dictum
904 3600 1217 3666 personale,
1250 3601 1395 3660 2274,
1427 3600 1579 3662 2275„
1624 3601 1854 3665 quinam
1889 3600 1974 3651 in·

655 3682 954 3733 tet-dictum
981 3680 1215 3746 speciali
1241 3682 1403 3733 modo
1425 3681 1551 3733 Sedi
1578 3682 1773 3748 Apost.
1798 3694 1972 3732 reser-

654 3762 847 3812 vatum
904 3762 1221 3820 incurrunt,
1264 3762 1417 3818 2332:
1467 3762 1701 3827 quinam
1747 3758 1978 3810 interdi-

652 3844 806 3894 ctum
828 3841 1157 3906 personale
1141 3857 1266 3908 ipso
1290 3843 1434 3893 iacto
1454 3841 1826 3901 contrahunt,
1850 3840 1977 3893 2338

653 3924 685 3990 5
707 3923 763 3983 i:
800 3924 1030 3988 quinam
1061 3923 1339 3988 personali
1374 3923 1675 3974 interdicto
1698 3920 1973 4013 plectendi

654 4005 810 4063 sunt,
843 4003 987 4063 2328.
1020 4004 1163 4057 2356.

528 4115 588 4122 —
611 4086 687 4136 ab
714 4086 989 4148 inm-essu
1010 4083 1333 4134 Ecclesiae:
1349 4082 1506 4148 quid,
1528 4083 1651 4133 2291
1673 4096 1727 4134 n.
1751 4081 1810 4140 2;
1833 4080 1973 4147 quid

656 4165 935 4228 importet,
973 4164 1124 4226 22773
1159 4163 1395 4228 quinam
1440 4164 1780 4214 reservatum
1821 4161 1977 4211 Ordi-

657 4245 816 4295 nario
858 4245 982 4309 ipso
1025 4245 1145 4296 iure
1189 4245 1496 4302 incurrant,
1542 4244 1693 4298 2339:
1737 4243 1972 4307 quinam

654 4325 945 4377 Ordinatio
988 4340 1097 4375 non
1144 4326 1509 4385 reservatum,
1543 4325 1670 4377 2338
1699 4323 1731 4388 5
1763 4326 1821 4381 3;
1853 4322 1977 4387 qul·

658 4420 785 4456 nam
819 4420 899 4456 eo·
920 4404 1197 4470 plectendi
1232 4406 1389 4463 sunt,
1422 4404 1565 4455 2329.

529 4486 867 4537 luternuutii
905 4486 1195 4548 apostolici
1232 4484 1356 4534 vide
1394 4485 1587 4545 Legati
1620 4484 1775 4534 Rom.
1808 4482 1975 4534 Pont-

528 4568 1018 4631 Interpelistioues
1056 4565 1181 4617 vide
1222 4567 1583 4627 Priviiegiutn
1627 4562 1973 4614 Paulinum.

532 4651 740 4700 «Inter
778 4649 1145 4710 praesentes
1190 4644 1646 4697 distributiones:
1687 4656 1834 4708 quae
1868 4643 1974 4695 hoc

655 4727 880 4779 nomine
915 4726 1178 4784 veniunt,
1200 4725 1296 4777 im
1326 4724 1358 4789 5
1380 4725 1429 4775 2.

528 4810 841 4871 Interpres:
890 4807 949 4858 in
995 4805 1369 4862 confessione,
1401 4804 1513 4863 903,
1551 4805 1648 4855 889
1688 4803 1720 4868 5
1761 4803 1810 4863 2,
1847 4802 1976 4855 m

652 4892 766 4953 §a
790 4888 847 4937 in
877 4887 1254 4945 matrimoniO,
1292 4885 1440 4942 1090;
1473 4898 1532 4934 ιιι
1557 4883 1803 4943 iudiciis
1832 4882 1972 4944 1641,

654 4967 724 5017 ci.
759 4966 884 5019 2037
918 4967 985 5032 55
1008 4970 1053 5022 3.
1080 4967 1129 5017 5.

525 5048 954 5112 interpretatio:
1002 5046 1388 5106 iurisiurandi,
1426 5046 1573 5106 1321:
1609 5045 1770 5111 legiS,
1807 5044 1970 5104 17-19,

2186 469 2277 521 vel
2301 472 2480 535 possit
2503 471 2688 535 partes
2720 470 3091 537 interrogare,
3119 473 3270 532 1742:
3292 489 3368 525 an
3394 489 3512 540 par-

2187 551 2275 601 tes
2307 551 2560 617 legitime
2589 566 2625 602 a
2655 551 2842 603 iudice
2874 552 3263 619 interrogatae
3284 569 3510 620 respon-

2187 630 2320 682 dere
2350 633 2660 684 teneantur
2688 634 2747 683 et
2783 634 3078 685 veritatem
3114 633 3299 695 fateri,
3325 635 3470 688 1743.

2064 738 2124 747 —
2157 724 2191 762 a
2223 725 2339 776 quo
2360 712 2606 763 testibus
2632 711 2942 775 faciendae,
2971 714 3118 778 1773:
3153 729 3321 780 quae,
3360 715 3508 776 1774:

2188 792 2490 856 quomodo,
2525 794 2683 851 1775:
2709 806 2839 844 cum
2871 795 3013 859 ipsis
3039 809 3152 846 non
3175 797 3346 846 antea
3368 809 3510 847 eom·

2191 871 2583 932 municandse,
2611 872 2758 935 17763
2781 874 3061 938 quomodo
3085 876 3265 925 testes
3287 888 3509 940 respon·

2191 951 2323 1002 dere
2376 952 2639 1014 debeant,
2696 953 2843 1016 1777;
2911 954 2980 1005 de
3044 955 3507 1020 responsionibus

2193 1030 2402 1095 scripto
2446 1032 2844 1097 consignandis
2876 1035 2936 1086 et
2965 1050 3002 1084 a
3036 1036 3199 1096 teste,
3237 1034 3423 1086 iudice
3458 1039 3508 1086 et

2192 1112 2412 1162 notario
2444 1112 2882 1174 subscribendis,
2921 1114 3042 1164 1649.
3073 1113 3106 1178 5
3127 1115 3176 1174 Ξ,
3215 1114 3506 1173 ivs-178³:

2190 1205 2264 1240 au
2297 1205 2517 1256 semper
2550 1193 2725 1243 testes
2762 1195 3068 1244 teneantur
3101 1195 3300 1253 iudici,
3338 1195 3506 1245 etiam

2192 1270 2444 1335 legitime
2476 1273 2864 1338 interroganti,
2900 1275 3259 1338 respondere,
3287 1276 3428 1327 1755.

2069 1377 2129 1384 -
2159 1351 2220 1400 16
2252 1351 2445 1401 causis
2478 1352 2991 1403 matrimonialibus
3011 1368 3046 1403 a
3067 1353 3370 1405 defensore
3396 1356 3509 1406 vin·

2193 1428 2305 1480 cuii
2350 1430 2520 1481 iudici
2564 1430 2918 1484 exhibendae
2955 1435 3013 1484 61
3055 1435 3354 1498 quomodo.
3395 1435 3509 1486 19oe

2193 1522 2248 1559 n.
2289 1509 2332 1569 1,
2373 1510 2524 1570 imi:
2559 1510 2619 1562 in
2655 1513 2843 1562 causis
2882 1511 3216 1564 Sanctorum
3256 1528 3292 1565 a
3323 1517 3507 1579 postu-

2192 1589 2370 1642 latore
2421 1589 2650 1643 articuli
2705 1592 3035 1644 conficiendi
3094 1595 3152 1645 et
3207 1595 3506 1658 pmmotori

2191 1670 2318 1721 fldei
2351 1671 2673 1732 exhibendi,
2704 1672 2831 1723 mo7
2854 1687 2909 1723 n.
2931 1673 2983 1731 t,
3008 1675 3104 1738 qui
3142 1675 3508 1740 interrogato-

2190 1752 2275 1802 ria
2305 1764 2480 1816 super
2512 1750 2603 1802 his
2636 1765 2864 1817 quoque
2902 1752 3023 1817 ipse
3053 1754 3337 1814 conficiet,
3369 1754 3506 1814 miz.

2187 1830 2331 1890 ω90,
2365 1829 2488 1882 moi
2523 1830 2555 1894 5
2578 1830 2625 1881 2.

2067 1911 2440 1974 Interruptio:
2478 1910 2809 1970 Instantius,
2847 1910 3140 1975 1738-1735ς
3179 1913 3504 1969 novitiatus,

2066 2070 2383 2123 Inter-titis
2413 2071 2693 2124 servanda
2713 2070 2777 2123 in
2800 2073 3284 2131 ordinationibus.
3303 2073 3405 2124 974
3434 2075 3506 2139 51

2193 2165 2250 2202 6.
2282 2151 2332 2212 6,
2364 2151 2477 2204 978.

2066 2232 2424 2284 Interventns
2455 2231 2608 2283 tertii
2644 2231 2702 2282 in
2735 2244 2926 2292 causa,
2953 2233 3091 2290 1852,
3131 2233 3276 2284 1853.

2066 2312 2350 2364 1611166116
2371 2313 2624 2363 actorum
2646 2311 3019 2371 iudicialium.
3047 2313 3187 2373 1591,
3212 2312 3353 2372 im,
3376 2313 3510 2363 1715-
3573 2355 3578 2359 .

2067 2471 2431 2524 Introductio:
2470 2485 2691 2525 causae
2728 2473 3183 2536 beatificationis
3222 2473 3357 2524 vide
3388 2473 3510 2524 (hu-

2192 2566 2290 2604 666
2322 2553 2792 2616 beatificationis.

2068 2661 2128 2670 —
2162 2632 2288 2683 litis
2320 2632 2448 2683 vide
2482 2634 2757 2684 166166116
2786 2634 2924 2692 litis,
2959 2634 3222 2684 Libellus.

2068 2711 2469 2763 inventarium:
2521 2711 2593 2761 ab
2644 2711 3206 2763 administratoribus
3249 2710 3507 2761 bonorum

2194 2791 2701 2842 ecclesiasticorum
2717 2790 3128 2842 conficiendum
3151 2792 3210 2842 et
3226 2803 3510 2842 asservan-

2195 2870 2351 2928 dum,
2378 2870 2500 2920 155
2532 2885 2628 2921 nn.
2651 2872 2700 2928 Ξ,
2723 2873 2784 2928 3;
2809 2871 3284 2921 documentorum
3306 2869 3510 2921 archivi

2195 2951 2414 3010 Curiae,
2440 2951 2537 3004 375
2560 2950 2593 3015 5
2624 2952 2672 3011 9,
2697 2951 2791 3005 376
2822 2950 2855 3015 5
2882 2952 2927 3011 1,
2950 2950 3023 3001 cr.
3057 2950 3156 3003 379
3188 2950 3220 3015 5
3244 2951 3306 3000 2:
3331 2961 3511 3000 sacrae

2195 3030 2582 3096 supellectilis,
2621 3031 2743 3082 1296
2773 3031 2806 3093 5
2828 3032 2876 3090 2,
2915 3030 3037 3080 imi)
3067 3029 3099 3094 5
3128 3032 3180 3088 3,
3217 3029 3344 3080 1522
3379 3044 3433 3080 n.
3454 3028 3508 3085 33

2197 3110 2528 3164 utensilium
2565 3113 2622 3161 et
2669 3111 2943 3161 bonorum
2980 3108 3284 3160 mobilium
3328 3108 3512 3160 domui

2194 3190 2498 3256 episcopali
2530 3190 2880 3242 addictorum
2913 3190 3054 3241 etin
3076 3190 3337 3241 dominio
3368 3202 3512 3240 men-

2195 3284 2310 3331 sae,
2348 3271 2472 3323 1483
2501 3270 2533 3335 5
2554 3273 2603 3324 3.

2068 3352 2560 3413 Investigationes:
2594 3350 2665 3401 ad
2706 3349 3153 3409 matrimonium,
3193 3350 3337 3409 iiim,
3375 3347 3513 3400 1⁰9:

2195 3431 2268 3483 ad
2302 3431 2869 3491 οι·(11666,998,1α1).

2070 3513 2497 3575 Irreguinritns.
2522 3510 2658 3575 quid
2677 3510 2734 3560 et
2751 3510 2980 3574 quando
2996 3509 3388 3571 contrabitur,
3394 3509 3511 3567 ffiss:

2195 3605 2477 3656 quaenam
2514 3589 2965 3653 irregularitates
3001 3602 3073 3639 ex
3113 3589 3361 3645 deiectu
3395 3587 3512 3645 wi:

2195 3685 2477 3739 quaenam
2518 3685 2588 3723 ex
2631 3670 2855 3735 delicto.
2887 3669 3000 3728 985.
3043 3669 3172 3727 oess:
3218 3682 3295 3719 an
3335 3669 3409 3718 ab
3440 3668 3516 3718 eis

2196 3752 2518 3818 ignorantia
2563 3751 2812 3827 excidet,
2854 3750 2976 3810 Q:
3025 3763 3103 3800 an
3157 3746 3514 3813 multiplic-ri

2198 3833 2414 3898 possint
2445 3833 2503 3882 61
2535 3831 2835 3896 quomodo,
2855 3830 2974 3892 ὓς
3000 3828 3071 3880 (16
3091 3828 3514 3893 dispensatione

2197 3914 2269 3964 ab
2301 3911 2835 3978 irregularitatibus.
2869 3911 2982 3970 990.
3005 3910 3122 3961 991.

2071 3993 2499 4051 Ιπ116116ἐ“νο11,
2539 3990 2674 4043 1312.

2071 4054 2355 4137 mog-ui
2387 4085 2620 4138 poenae.
2650 4070 2940 4124 ww.

2072 4157 2351 4207 Iterutcs
2397 4152 2621 4203 Missam
2661 4151 2852 4203 codem
2891 4151 2985 4203 die
3027 4150 3358 4217 illegitime:
3401 4159 3518 4213 μοθ-

2200 4248 2326 4291 nae,
2358 4234 2501 4287 2321.

2072 4318 2334 4368 Iteratio:
2386 4292 2892 4370 sacramentorum,
2940 4312 3062 4367 '1ae:
3114 4308 3517 4364 benedictioni.

2201 4396 2286 4447 vei
2318 4394 2760 4447 consecrationis
2791 4393 2922 4453 loci.
2958 4394 3084 4444 1159
3116 4393 3152 4459 5
3174 4394 3228 4443 2.

2073 4479 2361 4529 iubilatio:
2402 4477 2471 4527 de
2513 4475 2737 4526 indulto
2779 4473 3139 4526 iubilationis
3172 4486 3278 4537 pro
3315 4471 3518 4536 capitu·

2199 4558 2431 4614 laribus,
2465 4555 2577 4617 422.
2613 4556 2685 4608 ci'.
2717 4556 2813 4608 im
2843 4554 2875 4619 5
2914 4556 2935 4604 1
2974 4568 3032 4604 ιι.
3071 4552 3155 4617 1,5
3179 4554 3229 4602 2.

2074 4639 2273 4690 Iudex:
2303 4650 2468 4688 nemo
2483 4636 2653 4687 iudex
2676 4638 2732 4687 in
2749 4649 2923 4687 causa
2939 4626 3187 4699 propria,
3206 4632 3353 4696 quia
3370 4629 3516 4681 iuris—

2199 4719 2367 4770 dictio
2389 4716 2697 4777 iudicialis,
2729 4716 2851 4766 sive
2883 4712 3197 4770 ordinaria,
3221 4713 3348 4763 sive
3385 4708 3518 4761 (1616·

2202 4798 2351 4863 gata,
2408 4798 2467 4848 in
2519 4797 2806 4862 proprium
2859 4793 3224 4846 commodum
3279 4788 3517 4843 exercui

2201 4878 2420 4943 nequit.
2473 4876 2564 4930 ml
2610 4877 2725 4942 52:
2770 4874 2942 4927 iudex
2993 4873 3323 4938 requirenti
3363 4882 3520 4923 suun

2200 4959 2571 5010 ministerium
2590 4957 2755 5009 debet
2772 4969 2886 5007 non
2908 4967 3194 5014 recusare,
3211 4954 3356 5014 iiim.
3373 4953 3522 5004 ‹lun-

2202 5041 2366 5092 modo
2385 5039 2462 5091 sit
2480 5039 2828 5103 competens,
2851 5036 2922 5087 de
2942 5048 3061 5101 quo
3081 5035 3214 5100 ipse
3234 5035 3424 5087 videm
3444 5032 3524 5083 de—
