3753 5871
415 314 523 374 134
1548 311 1746 363 Gom
1781 310 1946 362 leri·
1992 307 2275 360 vno-id

1711 517 1891 583 CAN·
1928 515 2083 583 469.

596 645 977 712 Parochus
1017 643 1414 728 diligenter
1447 639 1801 726 advigilet
1835 659 1931 707 ne
1976 639 2154 724 quid
2190 641 2459 707 contra
2491 636 2709 704 fldem
2747 654 2837 704 ac
2872 655 3110 704 mores
3147 637 3227 702 in
3264 654 3402 703 sna

418 753 786 836 paroecia,
833 753 1269 836 praesertim
1312 751 1392 816 in
1445 750 1718 817 scholis
1769 747 2089 834 publicis
2128 752 2206 815 et
2248 747 2589 832 privatis,
2636 745 3010 826 tradatur,
3055 748 3135 813 et
3176 761 3403 828 opera

416 859 786 942 caritatis,
821 859 991 927 fidei
1021 877 1112 926 ac
1148 857 1453 943 pietatis
1478 857 1732 925 foveat
1756 861 1894 924 aut
1930 855 2285 923 instituat
2324 853 2374 921 ¹.

1714 1014 1894 1083 om.
1930 1013 2085 1081 470.

598 1141 634 1224 §
681 1144 748 1208 1.
798 1142 1094 1210 Habeat
1123 1141 1490 1225 parochus
1520 1109 1751 1207 libros
1787 1138 2265 1223 paroeciales,
2298 1137 2493 1204 idest
2522 1136 2794 1202 librum
2834 1134 3405 1218 baptizatorum,

420 1249 1048 1333 confirmatorum,
1077 1248 1744 1328 matrimoniorum,
1770 1246 2313 1330 defunctorum3
2338 1245 2563 1313 etiam
2590 1244 2863 1311 librum
2889 1242 2980 1310 de
3013 1246 3217 1309 statu
3249 1239 3403 1307 ani·

423 1375 708 1423 marum
747 1360 1094 1424 accurate
1125 1356 1482 1423 conficere
1525 1374 1662 1440 pro
1696 1355 1982 1422 viribus
2014 1358 2248 1438 curet;
2284 1360 2359 1421 et
2394 1371 2646 1420 omnes
2684 1352 2817 1419 hos
2861 1351 3115 1431 libros,
3155 1366 3402 1415 secun·

420 1464 596 1531 dnm
632 1484 847 1531 usum
888 1465 983 1531 ab
1025 1464 1358 1532 Ecclesia
1393 1464 1783 1548 probatum
1818 1463 1937 1530 vel
1969 1481 2018 1529 a
2060 1462 2364 1547 proprio
2402 1460 2802 1529 Ordinatio
2837 1457 3403 1544 praescriptum,

416 1572 836 1640 conscribat
866 1590 954 1639 ac
983 1572 1381 1657 diligenter
1409 1573 1739 1639 assei-vet
1777 1569 1833 1638 ¹.

599 1680 636 1763 ξ
681 1680 748 1745 2.
799 1681 890 1745 Ιιι
919 1681 1111 1766 libro
1138 1680 1683 1763 baptizatorum
1710 1679 2114 1746 adnotetur
2150 1694 2437 1761 quoque
2472 1676 2539 1742 si
2567 1675 2991 1759 baptizatus
3024 1671 3402 1739 confirma·

423 1788 697 1855 tionem
734 1789 1116 1871 receperit,
1152 1787 1706 1855 matrimonium
1739 1785 2225 1869 contraxerit,
2262 1784 2468 1851 salvo
2509 1782 2973 1868 praescripto
3001 1790 3167 1847 can.
3207 1778 3404 1862 1107,

421 1898 558 1964 aut
612 1913 906 1962 sacrum
971 1895 1549 1963 subdiaconatus
1602 1893 1935 1963 ordinem
2004 1892 2435 1976 susceperit,
2503 1892 2622 1959 vel
2676 1888 3204 1975 professionem
3263 1886 3401 1954 sol·

420 2004 731 2071 lemnem
766 2002 1118 2085 emiserit,
1159 2023 1436 2088 eaeque
1463 2004 1986 2071 adnotationes
2019 2002 2100 2069 in
2134 2001 2574 2068 documenta
2610 1998 2898 2082 accepti
2935 1994 3407 2081 baptismatis

422 2128 709 2194 semper
749 2110 1249 2178 referantur.
1195 2110 1222 2146 ³

601 2218 638 2301 ξ
681 2218 750 2286 3.
800 2218 892 2284 In
935 2219 1080 2286 fine
1128 2217 1526 2286 cuiuslibet
1569 2216 1750 2284 anni
1789 2186 2159 2301 parochus
2209 2213 2720 2282 authenticum
2772 2210 3147 2295 exemplar
3185 2209 3403 2277 libro·

426 2344 590 2393 rum
636 2327 1163 2411 paroecialium
1200 2327 1291 2394 ad
1337 2325 1637 2395 Curiam
1678 2325 2169 2410 episcopalem
2209 2322 2702 2404 transmittat,
2745 2329 3051 2403 excepto
3087 2318 3280 2385 libro
3315 2316 3408 2384 de

425 2435 631 2501 statu
665 2432 1107 2500 animarum.

598 2541 635 2624 ξ
679 2542 748 2607 4.
797 2541 1210 2609 Paroeciali
1257 2544 1520 2609 utatur
1556 2540 1807 2626 sigillo
1850 2541 2262 2625 habeatque
2301 2537 2781 2620 tabularium,
2823 2554 2951 2602 seu
3000 2533 3406 2615 archivum,

424 2648 503 2714 in
531 2668 677 2734 quo
703 2651 1087 2717 memorati
1113 2650 1285 2717 libri
1314 2650 1837 2718 custodiantur
1871 2668 2023 2716 una
2048 2667 2216 2716 cum
2251 2647 2784 2731 Episcoporum
2813 2642 3174 2728 epistolis,
3206 2640 3403 2707 aliis·

426 2776 566 2842 que
603 2758 1089 2839 documentis,
1134 2757 1597 2825 necessitatis
1643 2758 1759 2825 vel
1798 2757 2161 2826 utilitatis
2196 2774 2422 2823 causa
2463 2752 2866 2836 servandis
2907 2768 3094 2836 qnae
3132 2749 3404 2831 omnia,

423 2864 520 2931 ab
558 2865 963 2933 Ordinario
1009 2866 1125 2933 vel
1165 2865 1327 2933 eius
1367 2866 1706 2952 delegato
1758 2865 2214 2933 visitationis
2255 2865 2371 2931 vel
2424 2862 2576 2930 alio
2620 2864 3040 2947 opportuno
3081 2862 3409 2941 tempore

423 2971 909 3056 inspicienda,
943 2974 1283 3059 religiose
1308 2981 1567 3045 caveat
1599 2995 1691 3044 ne
1719 2976 1816 3043 ad
1854 2980 2373 3043 extraneorum
2405 2989 2672 3038 manus
2700 2968 3138 3054 perveniant
3175 2964 3229 3031 ⁴.

1718 3219 1978 3287 CAPUT
2023 3218 2105 3284 X.

1379 3347 1493 3416 De
1542 3346 1843 3416 vimmo
1885 3346 2446 3434 paroecianum.
2515 3326 2520 3333 ’

1727 3519 1907 3588 om.
1943 3520 2096 3586 471.

603 3642 640 3725 ξ
686 3642 753 3709 1.
804 3641 887 3709 si
929 3641 1273 3727 paroecia-
1310 3642 1530 3726 pleno
1578 3643 1742 3710 iure
1781 3643 2016 3710 fuerit
2059 3643 2273 3711 unita
2313 3644 2565 3712 domni
2608 3646 3018 3731 religiosae,
3064 3646 3413 3715 ecclesiae

403 3749 829 3836 “capitulari
851 3750 970 3817 vel
996 3750 1131 3817 alii
1163 3768 1519 3834 personae
1546 3751 1836 3833 morali,
1871 3752 2088 3819 debet
2113 3752 2472 3820 constitui
2506 3754 2855 3838 vicarius,
2889 3756 3016 3840 qui
3044 3756 3410 3823 actualem

424 3958 843 4015 amotarum,
872 3958 939 4010 19
968 3958 1091 4010 dec.
1121 3957 1269 4019 18853
1300 3957 1635 4015 neminen„
1674 3958 1741 4008 22
1768 3961 1917 4017 sept.
1954 3959 2101 4020 1892,
2130 3959 2497 4019 Aeantium,
2536 3961 2603 4011 10
2632 3972 2766 4021 aug.
2799 3960 2947 4021 1809,
2986 3961 3069 4013 ad
3107 3962 3276 4022 VIII,
3312 3962 3409 4024 lx:

428 4048 488 4098 Β.
519 4048 592 4099 B.
621 4046 711 4108 0..
744 4046 1106 4106 annuam„
1139 4046 1207 4099 10
1233 4046 1358 4099 dec.
1391 4046 1540 4106 1820,
1573 4046 1653 4098 ad
1692 4049 2068 4110 postremum
2104 4047 2571 4109 RimaleBom„
2616 4050 2711 4102 tit.
2746 4050 2816 4110 V,
2853 4061 2904 4101 c.
2934 4050 2987 4110 0,
3025 4049 3201 4102 Ritu
3245 4050 3409 4100 bene·

428 4134 702 4185 dictionis
730 4136 1088 4194 apostoncae
1114 4136 1178 4184 in
1208 4135 1462 4187 articulo
1488 4135 1715 4187 mortis.

606 4225 629 4260 ¹
664 4224 937 4277 Clemens
966 4225 1101 4286 XII,
1136 4227 1252 4278 litt.
1291 4237 1385 4286 ap.
1424 4241 1455 4276 ι
1494 4225 1872 4286 conspertum
1908 4241 1959 4286 n,
1993 4227 2059 4277 24
2098 4238 2234 4288 aug.
2270 4227 2418 4286 1734,
2453 4218 2590 4278 dub.
2627 4227 2865 4288 VII-IX,
2902 4228 3123 4288 xl-xv;
3156 4228 3273 4280 utt.
3310 4240 3407 4289 ap.

426 4328 458 4364 ι
493 4314 842 4365 concredita
879 4312 1061 4364 notu
1096 4329 1146 4375 ι,
1182 4316 1250 4366 13
1292 4315 1436 4365 man
1473 4314 1621 4376 17³oe
1661 4315 2016 4368 Benedictus
2049 4316 2201 4375 xlv,
2248 4302 2431 4367 edunt.
2475 4326 2506 4365 α
2544 4315 2814 4367 omnium
2855 4315 3319 4367 mummium
3354 4331 3406 4378 2,

425 4404 493 4454 12
524 4406 673 4463 sept.
705 4404 855 4464 1744,
893 4404 920 4465 s
956 4402 1039 4464 14,
1072 4404 1209 4456 dub.
1245 4404 1484 4465 VII-IX,
1518 4404 1739 4465 XI-XV,
1780 4405 1815 4465 ς
1850 4405 1935 4465 ae,
1969 4406 2037 4457 33
2064 4417 2172 4467 sq.;
2203 4405 2322 4455 Leo
2353 4405 2520 4464 XIII,
2563 4416 2654 4465 ep.
2690 4406 2909 4465 encycl.
2957 4420 2989 4456 ι
3024 4405 3158 4457 Etsi
3200 4403 3323 4456 Nos
3355 4420 3407 4465 r,

427 4492 494 4545 15
529 4488 678 4545 teor
709 4492 857 4555 1882
891 4504 984 4553 ep.
1016 4494 1235 4557 encycl.
1276 4509 1308 4545 ι
1340 4493 1652 4544 coaetanea
1683 4492 2100 4552 Hennam-oram
2129 4509 2180 4553 ι,
2215 4494 2249 4543 2
2283 4496 2435 4553 sept.
2468 4493 2614 4546 1893.

595 4585 623 4620 ²
666 4581 841 4635 conc.
872 4581 1165 4643 Trident„
1199 4594 1343 4634 sess.
1371 4584 1571 4643 XXIV,
1600 4584 1671 4632 ae
1694 4585 1808 4644 ret.
1838 4584 2122 4641 matrim„
2146 4595 2197 4633 c.
2229 4584 2280 4642 1,·
2308 4583 2661 4635 Benedictus
2694 4584 2845 4643 xlv,
2873 4595 2963 4643 ep.
2996 4584 3217 4644 encyel.
3250 4597 3281 4632 ι
3310 4581 3413 4631 Βα-

426 4672 505 4723 m
540 4670 715 4722 Vobis
742 4686 792 4731 r,
818 4671 885 4724 1⁷
908 4684 1041 4723 nov.
1073 4672 1221 4732 1741,
1253 4672 1283 4734 ς
1310 4674 1393 4732 10:
1419 4675 1604 4725 const.
1635 4687 1666 4722 α
1699 4672 2039 4723 Fir-manate
2068 4687 2118 4732 n,
2145 4672 2179 4724 0
2206 4685 2338 4722 nov.
2367 4673 2516 4732 1744,
2548 4673 2575 4734 s
2603 4674 2655 4733 92
2689 4671 2750 4725 S.
2781 4673 2848 4723 O.
2879 4673 2953 4724 de
2985 4672 3405 4732 sacramentis,

367 4826 384 4831 ι
425 4762 688 4809 nomana
728 4762 792 4810 ct
835 4759 1111 4818 aliarum,
1148 4762 1214 4813 13
1246 4764 1421 4813 mart.
1458 4762 1606 4820 1010,
1643 4762 1722 4813 ad
1759 4762 1856 4820 IX,
1892 4764 1944 4822 1,
1974 4761 2024 4822 23
2063 4762 2121 4812 Β.
2154 4762 2220 4814 C.
2251 4759 2326 4812 de
2354 4762 2525 4821 Prop.
2561 4761 2724 4820 Fide,
2772 4761 2942 4812 instr.
2991 4762 3093 4820 (ad
3134 4762 3406 4821 Archiep.

424 4850 789 4911 Hiberniae),
826 4849 893 4902 25
928 4850 1050 4900 lun.
1086 4849 1233 4912 1701;
1267 4852 1435 4902 lustr.
1481 4850 1586 4911 (ad
1629 4851 1753 4901 vic.
1793 4853 1901 4910 Ap.
1942 4850 2165 4901 Indiar.
2214 4850 2487 4910 Odeum,
2525 4850 2560 4902 8
2592 4853 2741 4911 rem.
2772 4850 2920 4910 1800,
2960 4864 3018 4901 ιι.
3050 4851 3133 4911 21;
3163 4849 3408 4902 Rituale

423 4939 611 4999 Rom..
646 4939 742 4991 tlt.
781 4939 830 4999 1,
866 4952 918 4991 c.
949 4952 1072 5000 un..
1117 4942 1188 4990 ae
1228 4940 1310 4991 ile
1344 4952 1493 4999 quae
1528 4940 1591 4990 ia
1627 4939 2142 4990 administratione
2187 4943 2687 4990 :aeramentorum
2721 4938 3079 4998 veneranter
3115 4940 3407 4989 manda

422 5032 583 5082 sunt,
615 5040 674 5076 n.
706 5029 788 5087 18:
814 5029 906 5080 tit.
941 5030 1025 5088 11,
1048 5043 1100 5080 c.
1131 5031 1182 5088 1.
1210 5031 1282 5081 de
1308 5031 1678 5081 manento
1708 5029 1984 5089 baptismi
2014 5030 2129 5079 rite
2155 5028 2646 5087 administrando,
2682 5042 2736 5079 n.
2770 5029 2854 5089 5⁰3
2882 5029 2977 5080 tlt.
3010 5029 3077 5087 X,
3104 5040 3155 5079 e.
3188 5028 3238 5088 2,
3270 5025 3409 5077 For-

424 5114 620 5164 malae
646 5113 993 5167 scribendae
1023 5115 1088 5165 {a
1113 5116 1283 5167 libris
1309 5119 1591 5181 habendis
1617 5121 1774 5177 apud
1803 5118 2106 5179 parochos.-
2127 5129 2178 5169 c.
2208 5119 2259 5178 0,
2299 5118 2509 5168 Forma
2537 5118 2905 5168 deser-{benai
2934 5121 3159 5167 statam
3186 5114 3410 5166 anime-

425 5213 574 5251 nsm.
606 5231 673 5240 —
698 5203 847 5255 Vide
872 5204 1053 5255 etiam
1081 5215 1211 5255 mn.
1249 5203 1364 5266 7773
1391 5205 1505 5267 79&
1536 5206 1683 5267 1103;
1710 5206 1856 5258 1238.

599 5292 626 5327 ³
665 5291 724 5343 Β.
753 5292 820 5345 C.
850 5293 924 5345 de
952 5293 1370 5355 sacramentis,
1400 5294 1666 5345 Romana
1700 5300 1765 5346 et
1801 5294 2078 5354 alinum,
2107 5297 2174 5349 13
2203 5300 2377 5348 mart.
2410 5296 2558 5355 1910,
2598 5295 2675 5347 ad
2704 5295 2809 5355 VI,
2840 5307 2893 5356 c,
2935 5295 3033 5355 IX,
3063 5297 3115 5355 1,
3149 5295 3199 5355 ξ
3231 5295 3410 5347 instr.

424 5382 460 5432 0
493 5386 667 5433 mart.
700 5383 848 5442 1911,
884 5395 944 5434 ιι.
979 5384 1061 5444 ΙΙ,
1099 5385 1199 5446 1v;
1228 5384 1286 5436 S.
1319 5384 1385 5436 G.
1417 5384 1506 5443 C..
1536 5386 1691 5436 decr.
1726 5403 1756 5436 ι
1788 5385 1876 5435 Ne
1918 5388 2132 5435 temere
2162 5401 2212 5446 n,
2242 5387 2276 5436 2
2302 5399 2435 5448 aug.
2473 5386 2621 5445 1901,
2652 5388 2769 5437 art.
2805 5385 2904 5444 IX,
2938 5385 2967 5443 θ
3002 5385 3051 5433 2.

600 5474 629 5509 ⁴
668 5470 727 5522 S.
760 5472 824 5524 O.
856 5472 930 5524 de
959 5473 1376 5535 sacramentis,
1411 5474 1583 5527 instr.
1613 5476 1648 5526 0
1674 5481 1850 5526 mart.
1881 5476 2030 5535 1911,
2069 5487 2130 5527 n.
2166 5476 2248 5528 11.
