<?xml version="1.0" encoding="UTF-8"?>
<!DOCTYPE html PUBLIC "-//W3C//DTD XHTML 1.0 Transitional//EN"
    "http://www.w3.org/TR/xhtml1/DTD/xhtml1-transitional.dtd">
<html xmlns="http://www.w3.org/1999/xhtml" xml:lang="en" lang="en">
 <head>
  <title>
</title>
<meta http-equiv="Content-Type" content="text/html;charset=utf-8" />
  <meta name='ocr-system' content='tesseract 3.04.00' />
  <meta name='ocr-capabilities' content='ocr_page ocr_carea ocr_par ocr_line ocrx_word'/>
</head>
<body>
  <div class='ocr_page' id='page_1' title='image "./codexiuriscanon00xgoog_0049.png"; bbox 0 0 3753 5871; ppageno 0'>
   <div class='ocr_carea' id='block_1_1' title="bbox 794 996 2597 1147">
    <p class='ocr_par' dir='ltr' id='par_1_1' title="bbox 794 996 2597 1147">
     <span class='ocr_line' id='line_1_1' title="bbox 794 996 2597 1147; baseline 0.001 -3"><span class='ocrx_word' id='word_1_1' title='bbox 794 996 1417 1147; x_wconf 54' lang='lat' dir='ltr'>mommo</span> <span class='ocrx_word' id='word_1_2' title='bbox 1497 1045 2214 1147; x_wconf 80' lang='lat' dir='ltr'><strong>CATHOLICAE</strong></span> <span class='ocrx_word' id='word_1_3' title='bbox 2258 1046 2597 1146; x_wconf 75' lang='lat' dir='ltr'>-Flnffl</span> 
     </span>
    </p>
   </div>
   <div class='ocr_carea' id='block_1_2' title="bbox 1495 1298 1892 1308">
    <p class='ocr_par' dir='ltr' id='par_1_2' title="bbox 1495 1298 1892 1308">
     <span class='ocr_line' id='line_1_2' title="bbox 1495 1298 1892 1308; baseline 0 0"><span class='ocrx_word' id='word_1_4' title='bbox 1495 1298 1892 1308; x_wconf 95' lang='lat' dir='ltr'> </span> 
     </span>
    </p>
   </div>
   <div class='ocr_carea' id='block_1_3' title="bbox 186 1663 3197 5481">
    <p class='ocr_par' dir='ltr' id='par_1_3' title="bbox 186 1663 3197 4465">
     <span class='ocr_line' id='line_1_3' title="bbox 415 1663 3186 1768; baseline 0.001 -28"><span class='ocrx_word' id='word_1_5' title='bbox 415 1664 592 1765; x_wconf 83' lang='lat' dir='ltr'>Ego</span> <span class='ocrx_word' id='word_1_6' title='bbox 630 1666 723 1740; x_wconf 92' lang='lat' dir='ltr'>N.</span> <span class='ocrx_word' id='word_1_7' title='bbox 766 1663 1012 1742; x_wconf 88' lang='lat' dir='ltr'>firma</span> <span class='ocrx_word' id='word_1_8' title='bbox 1051 1663 1213 1741; x_wconf 89' lang='lat' dir='ltr'>fide</span> <span class='ocrx_word' id='word_1_9' title='bbox 1258 1665 1506 1743; x_wconf 88' lang='lat' dir='ltr'>eredo</span> <span class='ocrx_word' id='word_1_10' title='bbox 1550 1669 1634 1744; x_wconf 90' lang='lat' dir='ltr'>et</span> <span class='ocrx_word' id='word_1_11' title='bbox 1677 1664 2077 1766; x_wconf 89' lang='lat' dir='ltr'>profiteor</span> <span class='ocrx_word' id='word_1_12' title='bbox 2118 1666 2408 1743; x_wconf 90' lang='lat' dir='ltr'>omnia</span> <span class='ocrx_word' id='word_1_13' title='bbox 2445 1669 2532 1744; x_wconf 88' lang='lat' dir='ltr'>et</span> <span class='ocrx_word' id='word_1_14' title='bbox 2567 1663 2927 1765; x_wconf 88' lang='lat' dir='ltr'>singula,</span> <span class='ocrx_word' id='word_1_15' title='bbox 2967 1688 3186 1768; x_wconf 88' lang='lat' dir='ltr'>quae</span> 
     </span>
     <span class='ocr_line' id='line_1_4' title="bbox 199 1807 3187 1911; baseline -0 -24"><span class='ocrx_word' id='word_1_16' title='bbox 199 1809 749 1887; x_wconf 88' lang='lat' dir='ltr'>continentur</span> <span class='ocrx_word' id='word_1_17' title='bbox 782 1810 874 1886; x_wconf 92' lang='lat' dir='ltr'>in</span> <span class='ocrx_word' id='word_1_18' title='bbox 911 1807 1295 1909; x_wconf 85' lang='lat' dir='ltr'>symbolo</span> <span class='ocrx_word' id='word_1_19' title='bbox 1334 1808 1592 1899; x_wconf 89' lang='lat' dir='ltr'>Fidei,</span> <span class='ocrx_word' id='word_1_20' title='bbox 1638 1831 1807 1911; x_wconf 92' lang='lat' dir='ltr'>quo</span> <span class='ocrx_word' id='word_1_21' title='bbox 1854 1810 2155 1888; x_wconf 88' lang='lat' dir='ltr'>sancta</span> <span class='ocrx_word' id='word_1_22' title='bbox 2188 1809 2577 1887; x_wconf 86' lang='lat' dir='ltr'>Romana</span> <span class='ocrx_word' id='word_1_23' title='bbox 2615 1808 2994 1887; x_wconf 79' lang='lat' dir='ltr'><strong>Ecclesia</strong></span> <span class='ocrx_word' id='word_1_24' title='bbox 3027 1810 3187 1887; x_wconf 90' lang='lat' dir='ltr'>uti—</span> 
     </span>
     <span class='ocr_line' id='line_1_5' title="bbox 204 1950 3184 2052; baseline -0 -22"><span class='ocrx_word' id='word_1_25' title='bbox 204 1955 366 2043; x_wconf 91' lang='lat' dir='ltr'>tur,</span> <span class='ocrx_word' id='word_1_26' title='bbox 421 1950 860 2030; x_wconf 84' lang='lat' dir='ltr'>videlicet:</span> <span class='ocrx_word' id='word_1_27' title='bbox 937 1951 1206 2031; x_wconf 83' lang='lat' dir='ltr'>Credo</span> <span class='ocrx_word' id='word_1_28' title='bbox 1267 1951 1360 2028; x_wconf 91' lang='lat' dir='ltr'>in</span> <span class='ocrx_word' id='word_1_29' title='bbox 1413 1974 1686 2029; x_wconf 91' lang='lat' dir='ltr'>unum</span> <span class='ocrx_word' id='word_1_30' title='bbox 1738 1953 2036 2042; x_wconf 92' lang='lat' dir='ltr'>Deum,</span> <span class='ocrx_word' id='word_1_31' title='bbox 2095 1952 2435 2029; x_wconf 91' lang='lat' dir='ltr'>Patrem</span> <span class='ocrx_word' id='word_1_32' title='bbox 2491 1950 3184 2052; x_wconf 83' lang='lat' dir='ltr'>omnipotentem,</span> 
     </span>
     <span class='ocr_line' id='line_1_6' title="bbox 207 2085 3190 2185; baseline 0 -14"><span class='ocrx_word' id='word_1_33' title='bbox 207 2093 611 2171; x_wconf 71' lang='lat' dir='ltr'>factorem</span> <span class='ocrx_word' id='word_1_34' title='bbox 660 2093 874 2171; x_wconf 89' lang='lat' dir='ltr'>caeli</span> <span class='ocrx_word' id='word_1_35' title='bbox 921 2096 1009 2173; x_wconf 85' lang='lat' dir='ltr'>et</span> <span class='ocrx_word' id='word_1_36' title='bbox 1046 2085 1339 2185; x_wconf 87' lang='lat' dir='ltr'>terrae,</span> <span class='ocrx_word' id='word_1_37' title='bbox 1384 2093 1854 2172; x_wconf 82' lang='lat' dir='ltr'>visibilium</span> <span class='ocrx_word' id='word_1_38' title='bbox 1897 2095 2285 2172; x_wconf 89' lang='lat' dir='ltr'>omnium</span> <span class='ocrx_word' id='word_1_39' title='bbox 2322 2097 2412 2173; x_wconf 88' lang='lat' dir='ltr'>et</span> <span class='ocrx_word' id='word_1_40' title='bbox 2448 2092 3040 2171; x_wconf 82' lang='lat' dir='ltr'>invisibilium.</span> <span class='ocrx_word' id='word_1_41' title='bbox 3082 2093 3190 2171; x_wconf 91' lang='lat' dir='ltr'>Et</span> 
     </span>
     <span class='ocr_line' id='line_1_7' title="bbox 203 2235 3195 2337; baseline 0.002 -26"><span class='ocrx_word' id='word_1_42' title='bbox 203 2235 292 2311; x_wconf 92' lang='lat' dir='ltr'>in</span> <span class='ocrx_word' id='word_1_43' title='bbox 320 2256 594 2313; x_wconf 89' lang='lat' dir='ltr'>unum</span> <span class='ocrx_word' id='word_1_44' title='bbox 629 2235 1093 2313; x_wconf 90' lang='lat' dir='ltr'>Dominum</span> <span class='ocrx_word' id='word_1_45' title='bbox 1128 2237 1417 2315; x_wconf 89' lang='lat' dir='ltr'>Iesum</span> <span class='ocrx_word' id='word_1_46' title='bbox 1449 2235 1910 2327; x_wconf 81' lang='lat' dir='ltr'>Christum,</span> <span class='ocrx_word' id='word_1_47' title='bbox 1940 2235 2253 2315; x_wconf 89' lang='lat' dir='ltr'>Filium</span> <span class='ocrx_word' id='word_1_48' title='bbox 2283 2237 2439 2315; x_wconf 89' lang='lat' dir='ltr'>Dei</span> <span class='ocrx_word' id='word_1_49' title='bbox 2473 2237 3053 2337; x_wconf 78' lang='lat' dir='ltr'>Unigenitum.</span> <span class='ocrx_word' id='word_1_50' title='bbox 3085 2236 3195 2317; x_wconf 89' lang='lat' dir='ltr'>Et</span> 
     </span>
     <span class='ocr_line' id='line_1_8' title="bbox 206 2378 3189 2471; baseline 0.001 -15"><span class='ocrx_word' id='word_1_51' title='bbox 206 2399 313 2456; x_wconf 81' lang='lat' dir='ltr'>ex</span> <span class='ocrx_word' id='word_1_52' title='bbox 356 2378 608 2457; x_wconf 91' lang='lat' dir='ltr'>Patre</span> <span class='ocrx_word' id='word_1_53' title='bbox 652 2381 977 2471; x_wconf 92' lang='lat' dir='ltr'>natum,</span> <span class='ocrx_word' id='word_1_54' title='bbox 1032 2382 1230 2458; x_wconf 85' lang='lat' dir='ltr'>ante</span> <span class='ocrx_word' id='word_1_55' title='bbox 1282 2381 1572 2459; x_wconf 89' lang='lat' dir='ltr'>omnia</span> <span class='ocrx_word' id='word_1_56' title='bbox 1614 2379 1976 2465; x_wconf 87' lang='lat' dir='ltr'>saecula.</span> <span class='ocrx_word' id='word_1_57' title='bbox 2027 2380 2301 2458; x_wconf 90' lang='lat' dir='ltr'>Deum</span> <span class='ocrx_word' id='word_1_58' title='bbox 2346 2381 2451 2459; x_wconf 90' lang='lat' dir='ltr'>de</span> <span class='ocrx_word' id='word_1_59' title='bbox 2494 2381 2691 2471; x_wconf 87' lang='lat' dir='ltr'>Dec,</span> <span class='ocrx_word' id='word_1_60' title='bbox 2737 2380 3032 2465; x_wconf 83' lang='lat' dir='ltr'>lumen</span> <span class='ocrx_word' id='word_1_61' title='bbox 3085 2381 3189 2459; x_wconf 93' lang='lat' dir='ltr'>de</span> 
     </span>
     <span class='ocr_line' id='line_1_9' title="bbox 186 2520 3191 2614; baseline 0.002 -18"><span class='ocrx_word' id='word_1_62' title='bbox 186 2521 551 2612; x_wconf 82' lang='lat' dir='ltr'>lumine,</span> <span class='ocrx_word' id='word_1_63' title='bbox 589 2520 864 2600; x_wconf 93' lang='lat' dir='ltr'>Deum</span> <span class='ocrx_word' id='word_1_64' title='bbox 892 2544 1192 2601; x_wconf 89' lang='lat' dir='ltr'>verum</span> <span class='ocrx_word' id='word_1_65' title='bbox 1226 2523 1331 2601; x_wconf 91' lang='lat' dir='ltr'>de</span> <span class='ocrx_word' id='word_1_66' title='bbox 1360 2524 1534 2600; x_wconf 92' lang='lat' dir='ltr'>Deo</span> <span class='ocrx_word' id='word_1_67' title='bbox 1559 2544 1779 2600; x_wconf 89' lang='lat' dir='ltr'>vero.</span> <span class='ocrx_word' id='word_1_68' title='bbox 1812 2521 2222 2600; x_wconf 84' lang='lat' dir='ltr'>Genitum</span> <span class='ocrx_word' id='word_1_69' title='bbox 2251 2544 2423 2601; x_wconf 93' lang='lat' dir='ltr'>non</span> <span class='ocrx_word' id='word_1_70' title='bbox 2453 2522 2801 2614; x_wconf 84' lang='lat' dir='ltr'>factum,</span> <span class='ocrx_word' id='word_1_71' title='bbox 2839 2522 3191 2601; x_wconf 86' lang='lat' dir='ltr'>consub-</span> 
     </span>
     <span class='ocr_line' id='line_1_10' title="bbox 206 2663 3190 2768; baseline 0.001 -27"><span class='ocrx_word' id='word_1_72' title='bbox 206 2663 695 2760; x_wconf 76' lang='lat' dir='ltr'>stantialem</span> <span class='ocrx_word' id='word_1_73' title='bbox 746 2665 1027 2745; x_wconf 90' lang='lat' dir='ltr'>Patri:</span> <span class='ocrx_word' id='word_1_74' title='bbox 1081 2687 1232 2767; x_wconf 88' lang='lat' dir='ltr'>per</span> <span class='ocrx_word' id='word_1_75' title='bbox 1269 2687 1524 2768; x_wconf 91' lang='lat' dir='ltr'>quem</span> <span class='ocrx_word' id='word_1_76' title='bbox 1575 2666 1867 2744; x_wconf 89' lang='lat' dir='ltr'>omnia</span> <span class='ocrx_word' id='word_1_77' title='bbox 1908 2666 2135 2744; x_wconf 84' lang='lat' dir='ltr'>facta</span> <span class='ocrx_word' id='word_1_78' title='bbox 2177 2666 2400 2744; x_wconf 90' lang='lat' dir='ltr'>sunt.</span> <span class='ocrx_word' id='word_1_79' title='bbox 2446 2664 2612 2762; x_wconf 81' lang='lat' dir='ltr'>Qui</span> <span class='ocrx_word' id='word_1_80' title='bbox 2651 2668 2997 2768; x_wconf 91' lang='lat' dir='ltr'>propter</span> <span class='ocrx_word' id='word_1_81' title='bbox 3037 2688 3190 2745; x_wconf 89' lang='lat' dir='ltr'>nos</span> 
     </span>
     <span class='ocr_line' id='line_1_11' title="bbox 211 2806 3190 2915; baseline 0.002 -32"><span class='ocrx_word' id='word_1_82' title='bbox 211 2806 621 2898; x_wconf 63' lang='lat' dir='ltr'>homines,</span> <span class='ocrx_word' id='word_1_83' title='bbox 691 2810 775 2886; x_wconf 92' lang='lat' dir='ltr'>et</span> <span class='ocrx_word' id='word_1_84' title='bbox 828 2811 1174 2910; x_wconf 90' lang='lat' dir='ltr'>propter</span> <span class='ocrx_word' id='word_1_85' title='bbox 1237 2811 1616 2886; x_wconf 90' lang='lat' dir='ltr'>nostram</span> <span class='ocrx_word' id='word_1_86' title='bbox 1672 2808 2039 2887; x_wconf 89' lang='lat' dir='ltr'>salutem</span> <span class='ocrx_word' id='word_1_87' title='bbox 2092 2809 2529 2915; x_wconf 88' lang='lat' dir='ltr'>descendit</span> <span class='ocrx_word' id='word_1_88' title='bbox 2583 2809 2685 2887; x_wconf 93' lang='lat' dir='ltr'>de</span> <span class='ocrx_word' id='word_1_89' title='bbox 2741 2809 3020 2888; x_wconf 89' lang='lat' dir='ltr'>caelis.</span> <span class='ocrx_word' id='word_1_90' title='bbox 3077 2808 3190 2889; x_wconf 93' lang='lat' dir='ltr'>Et</span> 
     </span>
     <span class='ocr_line' id='line_1_12' title="bbox 193 2949 3196 3067; baseline 0.001 -39"><span class='ocrx_word' id='word_1_91' title='bbox 193 2952 690 3030; x_wconf 84' lang='lat' dir='ltr'>incarnatus</span> <span class='ocrx_word' id='word_1_92' title='bbox 710 2954 839 3031; x_wconf 90' lang='lat' dir='ltr'>est</span> <span class='ocrx_word' id='word_1_93' title='bbox 862 2951 963 3030; x_wconf 91' lang='lat' dir='ltr'>de</span> <span class='ocrx_word' id='word_1_94' title='bbox 995 2950 1319 3052; x_wconf 81' lang='lat' dir='ltr'>Spiritu</span> <span class='ocrx_word' id='word_1_95' title='bbox 1346 2949 1654 3031; x_wconf 88' lang='lat' dir='ltr'>Sancto</span> <span class='ocrx_word' id='word_1_96' title='bbox 1679 2975 1782 3030; x_wconf 86' lang='lat' dir='ltr'>ex</span> <span class='ocrx_word' id='word_1_97' title='bbox 1804 2952 2081 3067; x_wconf 87' lang='lat' dir='ltr'>Maria</span> <span class='ocrx_word' id='word_1_98' title='bbox 2097 2952 2469 3053; x_wconf 81' lang='lat' dir='ltr'>Virgine,</span> <span class='ocrx_word' id='word_1_99' title='bbox 2494 2952 2583 3033; x_wconf 38' lang='lat' dir='ltr'>*et</span> <span class='ocrx_word' id='word_1_100' title='bbox 2610 2953 2890 3034; x_wconf 87' lang='lat' dir='ltr'>Homo</span> <span class='ocrx_word' id='word_1_101' title='bbox 2918 2953 3196 3033; x_wconf 84' lang='lat' dir='ltr'>factus</span> 
     </span>
     <span class='ocr_line' id='line_1_13' title="bbox 198 3090 3193 3198; baseline 0.001 -27"><span class='ocrx_word' id='word_1_102' title='bbox 198 3097 357 3172; x_wconf 82' lang='lat' dir='ltr'>est.</span> <span class='ocrx_word' id='word_1_103' title='bbox 419 3090 897 3173; x_wconf 85' lang='lat' dir='ltr'>Crucifixus</span> <span class='ocrx_word' id='word_1_104' title='bbox 945 3096 1204 3173; x_wconf 89' lang='lat' dir='ltr'>etiam</span> <span class='ocrx_word' id='word_1_105' title='bbox 1262 3116 1415 3196; x_wconf 91' lang='lat' dir='ltr'>pro</span> <span class='ocrx_word' id='word_1_106' title='bbox 1463 3096 1728 3184; x_wconf 90' lang='lat' dir='ltr'>nobis,</span> <span class='ocrx_word' id='word_1_107' title='bbox 1778 3096 1938 3174; x_wconf 90' lang='lat' dir='ltr'>sub</span> <span class='ocrx_word' id='word_1_108' title='bbox 1987 3096 2292 3174; x_wconf 89' lang='lat' dir='ltr'>Pontio</span> <span class='ocrx_word' id='word_1_109' title='bbox 2343 3095 2663 3174; x_wconf 80' lang='lat' dir='ltr'>Pilato:</span> <span class='ocrx_word' id='word_1_110' title='bbox 2721 3117 3048 3198; x_wconf 91' lang='lat' dir='ltr'>passus,</span> <span class='ocrx_word' id='word_1_111' title='bbox 3107 3100 3193 3173; x_wconf 91' lang='lat' dir='ltr'>et</span> 
     </span>
     <span class='ocr_line' id='line_1_14' title="bbox 206 3235 3193 3340; baseline 0.001 -26"><span class='ocrx_word' id='word_1_112' title='bbox 206 3235 594 3338; x_wconf 56' lang='lat' dir='ltr'>&amp;pultus</span> <span class='ocrx_word' id='word_1_113' title='bbox 639 3240 787 3315; x_wconf 87' lang='lat' dir='ltr'>est.</span> <span class='ocrx_word' id='word_1_114' title='bbox 836 3237 946 3316; x_wconf 96' lang='lat' dir='ltr'>Et</span> <span class='ocrx_word' id='word_1_115' title='bbox 998 3238 1460 3317; x_wconf 81' lang='lat' dir='ltr'>resurrexit</span> <span class='ocrx_word' id='word_1_116' title='bbox 1502 3238 1756 3317; x_wconf 87' lang='lat' dir='ltr'>tertia</span> <span class='ocrx_word' id='word_1_117' title='bbox 1802 3239 1961 3329; x_wconf 90' lang='lat' dir='ltr'>die,</span> <span class='ocrx_word' id='word_1_118' title='bbox 2012 3238 2483 3317; x_wconf 90' lang='lat' dir='ltr'>secundum</span> <span class='ocrx_word' id='word_1_119' title='bbox 2529 3237 3032 3340; x_wconf 77' lang='lat' dir='ltr'>Scripturas.</span> <span class='ocrx_word' id='word_1_120' title='bbox 3083 3238 3193 3316; x_wconf 91' lang='lat' dir='ltr'>Et</span> 
     </span>
     <span class='ocr_line' id='line_1_15' title="bbox 206 3378 3191 3460; baseline 0.001 -5"><span class='ocrx_word' id='word_1_121' title='bbox 206 3378 592 3456; x_wconf 82' lang='lat' dir='ltr'>ascendit</span> <span class='ocrx_word' id='word_1_122' title='bbox 628 3379 721 3455; x_wconf 89' lang='lat' dir='ltr'>in</span> <span class='ocrx_word' id='word_1_123' title='bbox 754 3378 1129 3456; x_wconf 88' lang='lat' dir='ltr'>caelum:</span> <span class='ocrx_word' id='word_1_124' title='bbox 1180 3379 1414 3458; x_wconf 89' lang='lat' dir='ltr'>sedet</span> <span class='ocrx_word' id='word_1_125' title='bbox 1448 3378 1557 3458; x_wconf 90' lang='lat' dir='ltr'>ad</span> <span class='ocrx_word' id='word_1_126' title='bbox 1588 3382 2026 3460; x_wconf 86' lang='lat' dir='ltr'>dexteram</span> <span class='ocrx_word' id='word_1_127' title='bbox 2062 3379 2372 3460; x_wconf 78' lang='lat' dir='ltr'>Patris.</span> <span class='ocrx_word' id='word_1_128' title='bbox 2406 3378 2513 3458; x_wconf 90' lang='lat' dir='ltr'>Et</span> <span class='ocrx_word' id='word_1_129' title='bbox 2543 3380 2856 3458; x_wconf 89' lang='lat' dir='ltr'>iterum</span> <span class='ocrx_word' id='word_1_130' title='bbox 2894 3384 3191 3459; x_wconf 90' lang='lat' dir='ltr'>ventu-</span> 
     </span>
     <span class='ocr_line' id='line_1_16' title="bbox 207 3520 3190 3624; baseline 0.001 -27"><span class='ocrx_word' id='word_1_131' title='bbox 207 3541 351 3598; x_wconf 90' lang='lat' dir='ltr'>rus</span> <span class='ocrx_word' id='word_1_132' title='bbox 392 3523 521 3598; x_wconf 90' lang='lat' dir='ltr'>est</span> <span class='ocrx_word' id='word_1_133' title='bbox 559 3542 753 3598; x_wconf 90' lang='lat' dir='ltr'>cum</span> <span class='ocrx_word' id='word_1_134' title='bbox 801 3520 1071 3619; x_wconf 87' lang='lat' dir='ltr'>gloria</span> <span class='ocrx_word' id='word_1_135' title='bbox 1117 3522 1494 3600; x_wconf 90' lang='lat' dir='ltr'>iudicare</span> <span class='ocrx_word' id='word_1_136' title='bbox 1534 3523 1799 3613; x_wconf 87' lang='lat' dir='ltr'>vivos,</span> <span class='ocrx_word' id='word_1_137' title='bbox 1840 3523 1932 3601; x_wconf 88' lang='lat' dir='ltr'>et</span> <span class='ocrx_word' id='word_1_138' title='bbox 1971 3525 2391 3600; x_wconf 89' lang='lat' dir='ltr'>mortuos:</span> <span class='ocrx_word' id='word_1_139' title='bbox 2441 3523 2686 3600; x_wconf 91' lang='lat' dir='ltr'>cuius</span> <span class='ocrx_word' id='word_1_140' title='bbox 2729 3523 2965 3624; x_wconf 86' lang='lat' dir='ltr'>regni</span> <span class='ocrx_word' id='word_1_141' title='bbox 3017 3545 3190 3600; x_wconf 91' lang='lat' dir='ltr'>non</span> 
     </span>
     <span class='ocr_line' id='line_1_17' title="bbox 203 3660 3191 3764; baseline 0.001 -25"><span class='ocrx_word' id='word_1_142' title='bbox 203 3663 370 3740; x_wconf 88' lang='lat' dir='ltr'>erit</span> <span class='ocrx_word' id='word_1_143' title='bbox 414 3660 640 3740; x_wconf 84' lang='lat' dir='ltr'>finis.</span> <span class='ocrx_word' id='word_1_144' title='bbox 688 3662 797 3740; x_wconf 91' lang='lat' dir='ltr'>Et</span> <span class='ocrx_word' id='word_1_145' title='bbox 837 3662 929 3744; x_wconf 89' lang='lat' dir='ltr'>in</span> <span class='ocrx_word' id='word_1_146' title='bbox 974 3660 1393 3764; x_wconf 90' lang='lat' dir='ltr'>Spiritum</span> <span class='ocrx_word' id='word_1_147' title='bbox 1434 3662 1871 3755; x_wconf 90' lang='lat' dir='ltr'>Sanctum,</span> <span class='ocrx_word' id='word_1_148' title='bbox 1934 3665 2391 3753; x_wconf 84' lang='lat' dir='ltr'>Dominum</span> <span class='ocrx_word' id='word_1_149' title='bbox 2444 3669 2528 3744; x_wconf 90' lang='lat' dir='ltr'>et</span> <span class='ocrx_word' id='word_1_150' title='bbox 2571 3663 3191 3743; x_wconf 85' lang='lat' dir='ltr'>vivificantem:</span> 
     </span>
     <span class='ocr_line' id='line_1_18' title="bbox 207 3805 3192 3909; baseline 0.001 -25"><span class='ocrx_word' id='word_1_151' title='bbox 207 3809 356 3908; x_wconf 91' lang='lat' dir='ltr'>qui</span> <span class='ocrx_word' id='word_1_152' title='bbox 385 3830 490 3886; x_wconf 85' lang='lat' dir='ltr'>ex</span> <span class='ocrx_word' id='word_1_153' title='bbox 518 3808 772 3885; x_wconf 89' lang='lat' dir='ltr'>Patre</span> <span class='ocrx_word' id='word_1_154' title='bbox 809 3806 1188 3908; x_wconf 90' lang='lat' dir='ltr'>Filioque</span> <span class='ocrx_word' id='word_1_155' title='bbox 1213 3807 1614 3909; x_wconf 85' lang='lat' dir='ltr'>procedit.</span> <span class='ocrx_word' id='word_1_156' title='bbox 1645 3805 1810 3902; x_wconf 79' lang='lat' dir='ltr'>Qui</span> <span class='ocrx_word' id='word_1_157' title='bbox 1838 3829 2036 3886; x_wconf 89' lang='lat' dir='ltr'>cum</span> <span class='ocrx_word' id='word_1_158' title='bbox 2063 3809 2317 3886; x_wconf 90' lang='lat' dir='ltr'>Patre</span> <span class='ocrx_word' id='word_1_159' title='bbox 2344 3811 2430 3887; x_wconf 92' lang='lat' dir='ltr'>et</span> <span class='ocrx_word' id='word_1_160' title='bbox 2457 3807 2669 3884; x_wconf 89' lang='lat' dir='ltr'>Filio</span> <span class='ocrx_word' id='word_1_161' title='bbox 2704 3807 2962 3886; x_wconf 91' lang='lat' dir='ltr'>simul</span> <span class='ocrx_word' id='word_1_162' title='bbox 2999 3807 3192 3887; x_wconf 90' lang='lat' dir='ltr'>ado-</span> 
     </span>
     <span class='ocr_line' id='line_1_19' title="bbox 207 3947 3190 4052; baseline 0 -25"><span class='ocrx_word' id='word_1_163' title='bbox 207 3950 473 4038; x_wconf 88' lang='lat' dir='ltr'>ratur,</span> <span class='ocrx_word' id='word_1_164' title='bbox 506 3953 591 4028; x_wconf 90' lang='lat' dir='ltr'>et</span> <span class='ocrx_word' id='word_1_165' title='bbox 613 3947 1331 4049; x_wconf 85' lang='lat' dir='ltr'>conglorificatur:</span> <span class='ocrx_word' id='word_1_166' title='bbox 1368 3950 1518 4049; x_wconf 91' lang='lat' dir='ltr'>qui</span> <span class='ocrx_word' id='word_1_167' title='bbox 1541 3951 1875 4028; x_wconf 91' lang='lat' dir='ltr'>locutus</span> <span class='ocrx_word' id='word_1_168' title='bbox 1903 3953 2032 4029; x_wconf 94' lang='lat' dir='ltr'>est</span> <span class='ocrx_word' id='word_1_169' title='bbox 2055 3972 2205 4052; x_wconf 89' lang='lat' dir='ltr'>per</span> <span class='ocrx_word' id='word_1_170' title='bbox 2231 3947 2715 4051; x_wconf 87' lang='lat' dir='ltr'>prophetas.</span> <span class='ocrx_word' id='word_1_171' title='bbox 2742 3948 2851 4029; x_wconf 92' lang='lat' dir='ltr'>Et</span> <span class='ocrx_word' id='word_1_172' title='bbox 2879 3951 3190 4038; x_wconf 88' lang='lat' dir='ltr'>Unam,</span> 
     </span>
     <span class='ocr_line' id='line_1_20' title="bbox 206 4089 3197 4195; baseline 0 -26"><span class='ocrx_word' id='word_1_173' title='bbox 206 4089 636 4181; x_wconf 77' lang='lat' dir='ltr'>Sanctam,</span> <span class='ocrx_word' id='word_1_174' title='bbox 669 4091 1198 4171; x_wconf 79' lang='lat' dir='ltr'>catholicam</span> <span class='ocrx_word' id='word_1_175' title='bbox 1230 4100 1314 4172; x_wconf 91' lang='lat' dir='ltr'>et</span> <span class='ocrx_word' id='word_1_176' title='bbox 1343 4094 1918 4195; x_wconf 90' lang='lat' dir='ltr'>Apostolicam</span> <span class='ocrx_word' id='word_1_177' title='bbox 1954 4092 2447 4172; x_wconf 83' lang='lat' dir='ltr'>Ecclesiam.</span> <span class='ocrx_word' id='word_1_178' title='bbox 2475 4091 2899 4171; x_wconf 85' lang='lat' dir='ltr'>Confiteor</span> <span class='ocrx_word' id='word_1_179' title='bbox 2925 4113 3197 4170; x_wconf 93' lang='lat' dir='ltr'>unum</span> 
     </span>
     <span class='ocr_line' id='line_1_21' title="bbox 206 4233 3196 4337; baseline 0.001 -26"><span class='ocrx_word' id='word_1_180' title='bbox 206 4233 652 4335; x_wconf 89' lang='lat' dir='ltr'>Baptisma</span> <span class='ocrx_word' id='word_1_181' title='bbox 690 4235 783 4311; x_wconf 91' lang='lat' dir='ltr'>in</span> <span class='ocrx_word' id='word_1_182' title='bbox 825 4234 1407 4314; x_wconf 88' lang='lat' dir='ltr'>remissionem</span> <span class='ocrx_word' id='word_1_183' title='bbox 1451 4240 2018 4337; x_wconf 89' lang='lat' dir='ltr'>peccatorum.</span> <span class='ocrx_word' id='word_1_184' title='bbox 2079 4237 2187 4315; x_wconf 89' lang='lat' dir='ltr'>Et</span> <span class='ocrx_word' id='word_1_185' title='bbox 2229 4239 2621 4336; x_wconf 86' lang='lat' dir='ltr'>exspecto</span> <span class='ocrx_word' id='word_1_186' title='bbox 2666 4234 3196 4314; x_wconf 79' lang='lat' dir='ltr'>resurrectio-</span> 
     </span>
     <span class='ocr_line' id='line_1_22' title="bbox 203 4381 2538 4465; baseline 0 -9"><span class='ocrx_word' id='word_1_187' title='bbox 203 4401 402 4457; x_wconf 86' lang='lat' dir='ltr'>nem</span> <span class='ocrx_word' id='word_1_188' title='bbox 441 4383 994 4465; x_wconf 89' lang='lat' dir='ltr'>mortuorum.</span> <span class='ocrx_word' id='word_1_189' title='bbox 1032 4381 1145 4459; x_wconf 88' lang='lat' dir='ltr'>Et</span> <span class='ocrx_word' id='word_1_190' title='bbox 1173 4383 1444 4458; x_wconf 85' lang='lat' dir='ltr'>vitam</span> <span class='ocrx_word' id='word_1_191' title='bbox 1476 4384 1817 4459; x_wconf 87' lang='lat' dir='ltr'>venturi</span> <span class='ocrx_word' id='word_1_192' title='bbox 1857 4381 2195 4459; x_wconf 90' lang='lat' dir='ltr'>saeculi.</span> <span class='ocrx_word' id='word_1_193' title='bbox 2240 4382 2538 4459; x_wconf 91' lang='lat' dir='ltr'>Amen.</span> 
     </span>
    </p>

    <p class='ocr_par' dir='ltr' id='par_1_4' title="bbox 200 4521 3196 5481">
     <span class='ocr_line' id='line_1_23' title="bbox 423 4521 3194 4633; baseline 0 -35"><span class='ocrx_word' id='word_1_194' title='bbox 423 4522 957 4622; x_wconf 88' lang='lat' dir='ltr'>Apostolicas</span> <span class='ocrx_word' id='word_1_195' title='bbox 1005 4526 1089 4601; x_wconf 89' lang='lat' dir='ltr'>et</span> <span class='ocrx_word' id='word_1_196' title='bbox 1135 4523 1746 4633; x_wconf 77' lang='lat' dir='ltr'>ecclesiasticas</span> <span class='ocrx_word' id='word_1_197' title='bbox 1796 4523 2322 4611; x_wconf 87' lang='lat' dir='ltr'>traditiones,</span> <span class='ocrx_word' id='word_1_198' title='bbox 2381 4521 2919 4622; x_wconf 88' lang='lat' dir='ltr'>reliquasque</span> <span class='ocrx_word' id='word_1_199' title='bbox 2981 4521 3194 4599; x_wconf 91' lang='lat' dir='ltr'>eius-</span> 
     </span>
     <span class='ocr_line' id='line_1_24' title="bbox 200 4662 3193 4747; baseline -0.001 -3"><span class='ocrx_word' id='word_1_200' title='bbox 200 4668 399 4744; x_wconf 87' lang='lat' dir='ltr'>dem</span> <span class='ocrx_word' id='word_1_201' title='bbox 425 4667 847 4747; x_wconf 86' lang='lat' dir='ltr'>Ecclesiae</span> <span class='ocrx_word' id='word_1_202' title='bbox 872 4666 1504 4746; x_wconf 88' lang='lat' dir='ltr'>observationes</span> <span class='ocrx_word' id='word_1_203' title='bbox 1533 4671 1618 4746; x_wconf 91' lang='lat' dir='ltr'>et</span> <span class='ocrx_word' id='word_1_204' title='bbox 1645 4667 2294 4745; x_wconf 89' lang='lat' dir='ltr'>constitutiones</span> <span class='ocrx_word' id='word_1_205' title='bbox 2323 4665 2802 4743; x_wconf 89' lang='lat' dir='ltr'>firmissime</span> <span class='ocrx_word' id='word_1_206' title='bbox 2831 4662 3193 4742; x_wconf 88' lang='lat' dir='ltr'>admitto</span> 
     </span>
     <span class='ocr_line' id='line_1_25' title="bbox 201 4808 3193 4911; baseline -0.002 -23"><span class='ocrx_word' id='word_1_207' title='bbox 201 4815 289 4888; x_wconf 83' lang='lat' dir='ltr'>et·</span> <span class='ocrx_word' id='word_1_208' title='bbox 318 4808 804 4910; x_wconf 89' lang='lat' dir='ltr'>amplector.</span> <span class='ocrx_word' id='word_1_209' title='bbox 848 4812 1068 4887; x_wconf 86' lang='lat' dir='ltr'>Item</span> <span class='ocrx_word' id='word_1_210' title='bbox 1106 4830 1438 4888; x_wconf 88' lang='lat' dir='ltr'>sacram</span> <span class='ocrx_word' id='word_1_211' title='bbox 1470 4808 1997 4911; x_wconf 88' lang='lat' dir='ltr'>Scripturam</span> <span class='ocrx_word' id='word_1_212' title='bbox 2026 4810 2270 4886; x_wconf 85' lang='lat' dir='ltr'>iuxta</span> <span class='ocrx_word' id='word_1_213' title='bbox 2300 4830 2496 4886; x_wconf 91' lang='lat' dir='ltr'>eum</span> <span class='ocrx_word' id='word_1_214' title='bbox 2536 4828 2903 4899; x_wconf 92' lang='lat' dir='ltr'>sensum,</span> <span class='ocrx_word' id='word_1_215' title='bbox 2939 4828 3193 4908; x_wconf 89' lang='lat' dir='ltr'>quem</span> 
     </span>
     <span class='ocr_line' id='line_1_26' title="bbox 204 4949 3193 5040; baseline -0.001 -11"><span class='ocrx_word' id='word_1_216' title='bbox 204 4953 487 5031; x_wconf 86' lang='lat' dir='ltr'>tenuit</span> <span class='ocrx_word' id='word_1_217' title='bbox 519 4955 604 5030; x_wconf 89' lang='lat' dir='ltr'>et</span> <span class='ocrx_word' id='word_1_218' title='bbox 642 4955 876 5030; x_wconf 91' lang='lat' dir='ltr'>tenet</span> <span class='ocrx_word' id='word_1_219' title='bbox 916 4953 1211 5030; x_wconf 85' lang='lat' dir='ltr'>sancta</span> <span class='ocrx_word' id='word_1_220' title='bbox 1246 4952 1524 5030; x_wconf 90' lang='lat' dir='ltr'>Mater</span> <span class='ocrx_word' id='word_1_221' title='bbox 1555 4950 1953 5040; x_wconf 88' lang='lat' dir='ltr'>Ecclesia,</span> <span class='ocrx_word' id='word_1_222' title='bbox 1993 4950 2236 5028; x_wconf 91' lang='lat' dir='ltr'>cuius</span> <span class='ocrx_word' id='word_1_223' title='bbox 2280 4953 2409 5028; x_wconf 94' lang='lat' dir='ltr'>est</span> <span class='ocrx_word' id='word_1_224' title='bbox 2440 4949 2818 5027; x_wconf 86' lang='lat' dir='ltr'>iudicare</span> <span class='ocrx_word' id='word_1_225' title='bbox 2853 4951 2956 5029; x_wconf 91' lang='lat' dir='ltr'>de</span> <span class='ocrx_word' id='word_1_226' title='bbox 2993 4972 3193 5027; x_wconf 89' lang='lat' dir='ltr'>vero</span> 
     </span>
     <span class='ocr_line' id='line_1_27' title="bbox 200 5092 3196 5195; baseline 0 -24"><span class='ocrx_word' id='word_1_227' title='bbox 200 5115 461 5172; x_wconf 90' lang='lat' dir='ltr'>sensu</span> <span class='ocrx_word' id='word_1_228' title='bbox 517 5097 602 5172; x_wconf 94' lang='lat' dir='ltr'>et</span> <span class='ocrx_word' id='word_1_229' title='bbox 653 5096 1352 5195; x_wconf 87' lang='lat' dir='ltr'>interpretatione</span> <span class='ocrx_word' id='word_1_230' title='bbox 1401 5115 1836 5172; x_wconf 87' lang='lat' dir='ltr'>sacrarum</span> <span class='ocrx_word' id='word_1_231' title='bbox 1886 5092 2542 5194; x_wconf 89' lang='lat' dir='ltr'>Scripturarum,</span> <span class='ocrx_word' id='word_1_232' title='bbox 2591 5093 2989 5184; x_wconf 89' lang='lat' dir='ltr'>admitto;</span> <span class='ocrx_word' id='word_1_233' title='bbox 3039 5115 3196 5171; x_wconf 87' lang='lat' dir='ltr'>nec</span> 
     </span>
     <span class='ocr_line' id='line_1_28' title="bbox 206 5235 3196 5337; baseline 0 -24"><span class='ocrx_word' id='word_1_234' title='bbox 206 5257 403 5314; x_wconf 88' lang='lat' dir='ltr'>eam</span> <span class='ocrx_word' id='word_1_235' title='bbox 449 5256 862 5337; x_wconf 90' lang='lat' dir='ltr'>unquam,</span> <span class='ocrx_word' id='word_1_236' title='bbox 917 5236 1084 5315; x_wconf 89' lang='lat' dir='ltr'>nisi</span> <span class='ocrx_word' id='word_1_237' title='bbox 1133 5237 1377 5315; x_wconf 87' lang='lat' dir='ltr'>iuxta</span> <span class='ocrx_word' id='word_1_238' title='bbox 1434 5235 1932 5314; x_wconf 89' lang='lat' dir='ltr'>unanimem</span> <span class='ocrx_word' id='word_1_239' title='bbox 1979 5258 2485 5314; x_wconf 88' lang='lat' dir='ltr'>consensum</span> <span class='ocrx_word' id='word_1_240' title='bbox 2536 5237 2919 5326; x_wconf 87' lang='lat' dir='ltr'>Patrum,</span> <span class='ocrx_word' id='word_1_241' title='bbox 2985 5236 3196 5315; x_wconf 91' lang='lat' dir='ltr'>acci-</span> 
     </span>
     <span class='ocr_line' id='line_1_29' title="bbox 209 5378 1247 5481; baseline 0.003 -25"><span class='ocrx_word' id='word_1_242' title='bbox 209 5379 449 5481; x_wconf 85' lang='lat' dir='ltr'>piam</span> <span class='ocrx_word' id='word_1_243' title='bbox 482 5383 569 5459; x_wconf 89' lang='lat' dir='ltr'>et</span> <span class='ocrx_word' id='word_1_244' title='bbox 600 5378 1247 5481; x_wconf 86' lang='lat' dir='ltr'>interpretabor.</span> 
     </span>
    </p>
   </div>
  </div>
 </body>
</html>
