3753 5871
1255 337 1432 391 uuu-
1461 335 1765 388 Heosadu
1804 362 1826 376 -
1860 337 1950 388 De
1991 338 2266 389 Ροηοικι
3148 340 3255 400 1oe

442 521 476 604 5
521 520 589 588 2.
639 521 891 591 Etiam
922 524 1004 591 in
1038 524 1571 611 collegialibus,
1607 528 2046 613 praesertim
2079 528 2520 614 insignibus,
2565 529 2879 597 officium
2912 529 3252 653 canonici

269 627 580 713 theologi
614 634 693 699 et
722 631 1279 715 poenitentiarii
1316 634 1678 702 constitui
1719 639 2057 721 potest.
2006 635 2030 672 ²

1561 793 1740 862 om.
1774 794 1930 862 399.

442 913 476 996 5
523 916 590 980 1.
640 913 1060 983 Oanonicus
1101 916 1488 1001 theologus
1532 921 1609 984 et
1661 915 2283 1001 poenitentiarius
2335 916 2711 1002 eligantur
2756 917 2884 1001 qui
2926 915 3254 1001 aptiores

271 1038 398 1104 pro
421 1020 564 1088 loci
591 1022 954 1106 qualitate
977 1023 1073 1091 ad
1099 1025 1407 1109 propria
1437 1040 1744 1092 munera
1771 1024 2246 1109 adimplenda
2275 1024 2765 1109 reperiantur3
2801 1024 2954 1107 sed,
2984 1023 3253 1092 ceteris

269 1128 592 1212 paribus,
630 1129 1153 1213 praeferantur
1181 1130 1521 1199 doctores
1559 1131 1639 1199 in
1681 1149 1895 1199 sacra
1931 1131 2327 1217 theologia,
2363 1133 2430 1199 si
2464 1136 2734 1216 agatur
2774 1132 2866 1200 de
2897 1131 3254 1199 canonico

267 1236 625 1322 theologo,
661 1237 740 1304 in
780 1255 994 1305 sacra
1026 1238 1397 1324 theologia
1424 1239 1543 1307 vel
1572 1239 1735 1306 iure
1763 1239 2145 1323 canonico,
2182 1239 2248 1307 si
2288 1240 2379 1308 de
2413 1238 3008 1324 poenitentiari03
3041 1257 3248 1324 expe·

264 1342 378 1413 dit
415 1349 800 1428 praeterea
849 1350 934 1413 ut
979 1347 1381 1414 canonicus
1439 1347 2061 1432 poenitentiarius
2119 1348 2392 1416 aetatis
2451 1365 2729 1414 annum
2796 1347 3250 1415 tricesimum

261 1450 662 1534 expleverit
701 1451 753 1519 ².

442 1558 484 1640 5
527 1557 594 1624 2.
644 1556 1077 1627 Praebenda
1129 1558 1571 1644 theologalis
1623 1563 1700 1627 et
1752 1559 2335 1645 poenitentiario
2383 1577 2475 1628 ne
2522 1560 3035 1643 conferantur,
3104 1559 3252 1627 nisi

264 1665 474 1749 prius
522 1665 615 1733 de
657 1667 841 1746 vita,
895 1666 1249 1751 moribus,
1291 1667 1636 1736 doctrina
1674 1667 2244 1737 candidatorum
2287 1668 2507 1752 plane
2547 1668 2997 1751 constiterit,
3046 1668 3253 1735 salva

260 1771 417 1857 lege
452 1789 885 1854 concursus,
926 1773 1055 1841 ubi
1085 1773 1186 1843 sit
1215 1774 1630 1843 constituta
1672 1774 1727 1842 ⁸.

444 1879 478 1962 5
523 1879 592 1948 3.
640 1879 1065 1949 Canonicus
1110 1882 1731 1967 poenitentiarius
1777 1880 2214 1968 prohibetur
2270 1881 2479 1950 aliud
2531 1881 2754 1949 simul
2814 1880 3127 1949 officium
3174 1880 3256 1948 in

264 1987 579 2055 dioecesi
602 1989 975 2073 suscipere
996 1993 1133 2056 aut
1153 2005 1513 2074 exercere,
1532 1989 1656 2057 cui
1682 1989 1974 2058 adnexa
1999 1990 2100 2057 sit
2126 1986 2596 2056 iurisdictio
2573 2007 2653 2055 ln
2680 1988 2849 2056 toro
2875 1983 3251 2056 externo·.

1562 2144 1741 2212 om.
1785 2143 1941 2212 499.

436 2269 472 2352 5
518 2272 585 2336 1.
634 2267 995 2337 Oanonici
1023 2267 1348 2353 theologi
1375 2273 1515 2352 est,
1548 2267 1809 2337 diebus
1840 2272 1918 2337 et
1947 2268 2150 2335 horis
2179 2267 2274 2335 ab
2303 2267 2674 2352 Episcopo
2710 2284 2878 2334 cum
2917 2265 3253 2351 Capituli

257 2377 571 2446 consilio
596 2376 1030 2463 designatis,
1060 2376 1355 2462 publice
1380 2376 1802 2451 inssecclesia
1833 2375 2235 2461 explanare
2271 2392 2558 2443 sacram
2598 2374 3087 2461 scripturam
3125 2373 3252 2442 sed

262 2485 701 2570 Episcopus,
746 2484 812 2552 si
853 2484 932 2553 id
984 2484 1250 2553 utilius
1287 2483 1593 2566 iudicet,
1636 2486 1887 2568 potest
1934 2483 2170 2551 eidem
2212 2482 2367 2550 alia
2409 2482 2795 2552 doctrinae
2845 2481 3254 2551 catholicae

258 2596 701 2678 argumenta
730 2592 810 2659 in
840 2591 1149 2659 ecclesia
1181 2589 1621 2676 explicanda
1645 2591 2107 2659 committere
2145 2590 2197 2657 ⁵.

438 2699 474 2782 5
519 2698 587 2764 2.
636 2698 1060 2767 Oanonicus
1102 2698 1490 2785 theologus
1532 2716 1804 2766 munus
1847 2698 2145 2783 expleat
2198 2715 2414 2764 suum
2458 2698 2618 2782 ipse
2673 2716 2806 2782 per
2850 2715 2954 2780 se,
3000 2696 3143 2778 vel,
3194 2695 3259 2763 si

260 2807 468 2874 ultra
501 2826 629 2874 sex
673 2823 959 2875 menses
992 2806 1224 2875 fuerit
1263 2805 1690 2890 impeditus,
1739 2806 2068 2890 propriis
2102 2806 2443 2890 expensis
2481 2824 2615 2890 per
2651 2804 2881 2872 alium
2924 2803 3252 2872 sacerdo·-

258 2917 409 2983 tem
443 2915 539 2983 ab
572 2914 942 2999 Episcopo
980 2913 1489 2999 deputandum
1520 2911 1574 2982 ⁸.

438 3022 473 3105 5
518 3021 587 3090 3.
638 3021 1053 3108 Episcopus
1093 3021 1304 3108 gravi
1346 3021 1440 3089 de
1478 3038 1707 3089 causa
1745 3025 1992 3107 potest
2030 3021 2389 3089 canonico
2425 3020 2765 3105 theologo
2797 3019 3257 3088 committere

259 3133 375 3212 ut,
408 3130 572 3198 loco
601 3129 1000 3198 lectionum
1035 3130 1114 3198 in
1146 3129 1480 3211 ecclesia,
1518 3147 1771 3198 sacras
1804 3129 2244 3214 disciplinas
2269 3129 2358 3206 ⁸in
2395 3128 2810 3197 seminario
2842 3127 3106 3195 doceat
3144 3126 3198 3193 '.

265 3358 398 3410 rius
418 3357 569 3418 XVI,
595 3367 689 3417 ep.
722 3357 940 3418 encycl.
971 3371 1002 3406 α
1024 3356 1195 3408 Inter
1216 3356 1566 3417 praecipuos
1591 3369 1643 3418 ι,
1671 3357 1706 3409 5
1735 3356 1882 3408 maii
1905 3356 2056 3418 1844:
2083 3356 2143 3409 Β.
2170 3355 2236 3409 0.
2273 3354 2362 3416 0.,
2394 3355 2455 3408 8.
2486 3354 2698 3417 Δηοοκ
2724 3355 3258 3417 bombardorum,

262 3446 334 3498 es
366 3456 494 3507 apr.
526 3444 674 3507 ιωος
705 3444 1109 3501 mmm..
1141 3449 1201 3496 οι
1241 3443 1565 3503 omem..
1596 3446 1663 3497 11
1693 3449 1865 3507 sept„
1896 3444 1932 3496 2
1966 3447 2081 3498 oet„
2112 3444 2261 3503 1⁷⁰⁶.
2295 3445 2364 3497 11
2393 3444 2544 3498 tent.
2576 3444 2725 3506 17⁰8,
2758 3427 2918 3507 ιαός
2951 3443 3011 3498 s.
3054 3445 3126 3497 a.
3169 3445 3258 3506 o..

258 3534 565 3590 lunden„
602 3534 669 3585 15
715 3544 848 3584 nov.
889 3532 1037 3585 1993,

451 3621 473 3658 ¹
510 3621 684 3675 Oonc.
717 3622 1006 3683 Trident„
1038 3634 1182 3674 sess.
1214 3621 1286 3682 V,
1317 3623 1389 3673 de
1418 3622 1555 3681 ret„
1592 3633 1642 3673 c.
1675 3625 1725 3683 1;
1763 3621 2119 3675 Benedictus
2147 3621 2314 3682 XIII,
2352 3624 2538 3674 const.
2573 3637 2604 3672 α
2635 3620 2966 3674 Pastorem
2999 3620 3176 3682 officii
3207 3637 3257 3682 ι,

261 3712 333 3765 19
365 3712 509 3763 maii
545 3711 694 3773 1725,
740 3710 769 3772 5
802 3713 854 3772 1,
884 3712 937 3773 5;
970 3710 1289 3772 Gregorius
1323 3711 1475 3770 XVI,
1511 3722 1602 3772 ep.
1637 3711 1856 3773 encycl.
1905 3725 1936 3761 α
1967 3709 2138 3761 later
2178 3710 2528 3770 medum
2572 3726 2622 3772 n,
2659 3710 2694 3763 5
2725 3710 2871 3762 maii
2904 3710 3053 3773 18443
3089 3710 3148 3763 S.
3189 3711 3255 3764 0.

262 3801 375 3862 Ep.
416 3802 480 3853 et
514 3799 679 3863 Bes„
720 3800 1171 3859 conversam„
1209 3800 1274 3851 19
1311 3803 1460 3860 sept.
1509 3799 1655 3862 184&
1703 3799 1761 3852 S.
1800 3798 1867 3852 0.
1917 3798 2006 3860 0.,
2045 3797 2416 3859 naevium,
2457 3799 2523 3851 m
2562 3799 2685 3852 dec.
2718 3799 2865 3851 1749.

438 3890 467 3928 ⁸
510 3889 684 3941 conc.
722 3887 1011 3950 Trident„
1048 3901 1192 3941 sess.
1241 3889 1310 3949 V,
1350 3889 1423 3939 de
1457 3889 1594 3947 ret„
1632 3901 1684 3940 c.
1715 3889 1765 3950 1;
1800 3900 1945 3943 sess.
1983 3888 2183 3949 XXIV,
2232 3889 2304 3939 de
2338 3890 2476 3948 ret..
2519 3900 2570 3939 c.
2601 3887 2653 3951 ὃς
2697 3888 3054 3941 Benedictus
3090 3886 3256 3948 1111,

257 3980 453 4030 const.
482 3993 515 4029 ι
540 3977 872 4044 Portemus
897 3976 1074 4038 officii
1100 3992 1151 4039 ι,
1178 3979 1247 4030 19
1270 3978 1414 4029 maii
1445 3978 1594 4038 1725.
1626 3978 1653 4039 5
1688 3977 1741 4038 2,
1770 3978 1820 4040 5;
1853 3975 1915 4030 Β.
1944 3976 2010 4030 O.
2049 3976 2140 4038 0.,
2179 3975 2510 4037 napum..
2547 3988 2747 4029 mense
2776 3975 2899 4029 dec.
2934 3976 3082 4038 1585;
3115 3975 3250 4027 Leo-

260 4068 446 4128 cien„
472 4079 672 4120 mense
698 4069 800 4120 lul.
834 4068 981 4129 1587:
1009 4066 1268 4126 Nullius,
1300 4066 1366 4119 m
1388 4068 1511 4119 lun.
1542 4068 1690 4129 15⁹4:
1714 4067 1986 4126 Samen„
2019 4066 2084 4119 23
2106 4071 2256 4128 sept.
2287 4065 2436 4126 1595,
2466 4065 2544 4118 ad
2568 4066 2618 4126 3:
2646 4064 2995 4126 Aquileiam,
3024 4066 3089 4117 14
3118 4078 3250 4117 nov.

258 4157 415 4218 lm:
450 4155 840 4214 Pausiam„
878 4156 945 4209 12
979 4168 1113 4208 nov.
1151 4155 1300 4217 1639:
1335 4157 1561 4214 Acten..
1597 4156 1632 4208 3
1670 4155 1821 4208 febr.
1860 4155 2008 4217 104&
2058 4153 2352 4214 Ἡραία..
2393 4153 2459 4207 27
2500 4157 2647 4215 sept.
2688 4154 2836 4217 1681;
2889 4153 3214 4205 Urbinoten
3239 4188 3257 4212 ,

256 4247 298 4298 0
333 4248 485 4306 sept.
523 4243 670 4298 1987.

443 4338 471 4375 ⁸
506 4335 680 4387 conc.
712 4334 1001 4395 Trident..
1035 4347 1179 4387 sess.
1213 4334 1282 4396 V,
1315 4336 1389 4385 de
1416 4335 1551 4394 ret„
1587 4345 1639 4386 c.
1672 4336 1722 4398 13
1758 4332 2115 4387 Benedictus
2142 4332 2310 4392 XIII,
2349 4335 2534 4385 const.
2570 4347 2601 4383 α
2633 4330 2962 4385 Pastorum
2995 4332 3173 4393 officii
3203 4345 3254 4392 ι,

261 4425 333 4478 19
377 4424 521 4475 mall
557 4423 704 4483 1725.
744 4423 773 4485 5
809 4422 861 4484 2.
892 4424 942 4486 5;
980 4421 1040 4476 8.
1081 4424 1147 4477 0.
1189 4424 1296 4485 Ep.
1326 4426 1391 4476 et
1418 4422 1582 4486 neg..
1620 4422 1885 4483 Remu..
1931 4421 1998 4473 22
2031 4434 2166 4483 aug.
2198 4420 2345 4483 15813
2392 4419 2452 4473 S.
2485 4421 2552 4473 0.
2583 4421 2671 4481 0..
2725 4419 3060 4479 Valentino,
3097 4420 3164 4472 1⁶
3197 4423 3262 4474 et

252 4512 330 4565 31
366 4513 485 4564 ian.
513 4512 661 4574 172&
690 4511 1090 4577 salemitano,
1125 4510 1192 4564 23
1218 4513 1363 4573 iun..
1393 4511 1458 4564 21
1488 4512 1613 4572 iul..
1641 4513 1675 4564 1
1704 4514 1852 4573 sept.
1892 4510 2040 4573 1753ς
2066 4510 2335 4571 Pinnem,
2371 4511 2439 4565 a
2462 4511 2637 4572 febr..
2668 4512 2736 4562 11
2761 4512 2826 4563 et
2853 4510 2919 4562 25
2945 4521 3074 4570 apr.
3105 4509 3257 4572 17⁸1:

255 4602 705 4659 Aeo-ommno,
751 4600 818 4652 22
849 4601 1014 4661 mali,
1052 4600 1117 4652 21
1153 4612 1287 4663 aug.
1327 4599 1475 4653 1784.

442 4690 474 4730 ⁴
507 4688 655 4742 Vide
685 4690 869 4742 etiam
913 4700 1043 4740 ean.
1089 4689 1207 4751 m,
1244 4688 1273 4750 ί
1308 4689 1358 4743 3.

438 4782 468 4818 ⁸
508 4779 683 4831 Oonc.
715 4779 1004 4840 Trident„
1037 4791 1182 4832 sess.
1216 4780 1286 4840 V,
1318 4781 1390 4831 de
1417 4778 1554 4839 ret..
1590 4789 1641 4830 c.
1674 4780 1724 4842 13
1760 4770 2117 4832 Benedictus
2145 4777 2314 4835 1111.
2352 4782 2537 4830 const.
2572 4792 2605 4828 ι
2636 4774 2965 4829 Pauorem
2997 4774 3176 4835 officii
3206 4790 3257 4837 ι,

252 4870 330 4923 19
370 4869 516 4920 maii
546 4868 695 4929 1725,
731 4867 760 4929 3
792 4867 842 4929 8:
873 4867 1191 4929 Gregorius
1224 4868 1376 4929 XVI,
1407 4879 1500 4929 ep.
1533 4868 1753 4931 encycl.
1797 4883 1830 4919 ι
1859 4866 2031 4919 Inter
2066 4866 2418 4927 menium
2459 4881 2510 4928 ι.
2544 4867 2578 4918 5
2612 4866 2758 4918 mail
2792 4865 2940 4927 1844:
2974 4864 3032 4917 S.
3068 4864 3134 4918 0.
3167 4865 3256 4925 0..

258 4958 549 5015 ναίω..
579 4957 647 5010 19
674 4959 788 5010 oct.
820 4956 970 5017 1595,
1003 4955 1084 5009 ud
1116 4958 1168 5018 ῦς
1200 4954 1514 5016 Patavina,
1556 4958 1623 5009 15
1664 4957 1767 5009 iul.
1803 4956 1951 5018 1045:
1996 4953 2363 5015 Urvinates..
2396 4956 2463 5008 19
2495 4957 2671 5008 mart.
2712 4954 2860 5016 10⁸8,
2896 4953 2975 5006 ad
3008 4955 3059 5016 9;
3094 4954 3259 5004 Ame-

253 5046 423 5104 rino,
449 5046 517 5098 15
541 5049 717 5100 mart.
748 5046 897 5106 mo,
928 5045 1006 5098 ad
1031 5047 1082 5108 4:
1107 5045 1343 5105 Pam..
1375 5046 1440 5098 24
1465 5058 1624 5108 aug..
1659 5045 1727 5099 a
1754 5048 1904 5106 sept.
1937 5044 2088 5105 1795.
2118 5043 2197 5096 ad
2229 5045 2283 5106 1:
2311 5042 2709 5105 Fumantem,
2739 5044 2774 5096 8
2810 5043 2932 5095 iun.
2971 5042 3121 5095 1784.

440 5139 469 5178 ⁸
507 5135 679 5189 Oonc.
713 5134 1002 5196 Trident„
1035 5147 1179 5188 sess.
1214 5135 1284 5197 V,
1316 5137 1388 5186 ae
1419 5136 1552 5195 ret„
1588 5145 1641 5187 c.
1672 5137 1722 5197 1:
1759 5133 2117 5189 Benedictus
2142 5133 2312 5195 x111‚
2350 5135 2535 5186 const.
2571 5147 2604 5183 ι
2634 5131 2964 5185 Putemus
2996 5131 3176 5192 officii
3205 5146 3256 5193 n,

247 5226 331 5278 ’19
359 5225 506 5276 maii
538 5225 686 5285 1725.
720 5224 749 5286 8
780 5225 831 5288 8:
861 5225 921 5278 Β.
951 5224 1018 5278 0.
1050 5224 1138 5285 0.,
1180 5221 1594 5284 Mediolanum..
1634 5236 1833 5277 mense
1864 5224 1984 5276 ian.
2016 5222 2164 5283 m,
2207 5222 2286 5275 ad
2316 5222 2365 5285 ἣ
2396 5220 2764 5279 Plomma,
2800 5221 2867 5274 15
2906 5223 3081 5274 mart.
3113 5220 3261 5282 1597ς

259 5312 495 5373 uun..
533 5312 601 5365 a
638 5314 761 5366 lun.
792 5313 940 5376 1921ς
978 5312 1309 5373 Bellum„
1350 5313 1416 5367 27
1464 5325 1591 5376 apr.
1622 5314 1772 5375 1939,
1817 5314 1897 5366 ad
1936 5314 1988 5374 ες
2027 5310 2322 5370 conten..
2373 5311 2440 5364 12
2477 5323 2609 5363 nov.
2641 5310 2791 5372 1991,
2843 5309 2911 5363 28
2961 5310 3080 5361 ian.
3111 5308 3261 5371 10⁶2

252 5400 599 5461 Anapum,
630 5402 698 5454 15
724 5403 870 5454 mali
925 5403 1075 5463 1799,
1109 5403 1177 5456 39
1208 5403 1314 5455 lul.
1356 5402 1504 5464 1791;
1545 5401 1839 5460 modion„
1872 5403 1939 5454 11
1979 5404 2128 5462 sept.
2163 5400 2311 5453 1784.

438 5492 467 5529 ¹
510 5488 571 5541 8.
608 5489 676 5543 0.
711 5489 800 5551 0.,
834 5489 1069 5547 Passa„
1106 5491 1172 5542 24
1205 5503 1363 5554 aug..
1408 5490 1476 5545 28
1517 5494 1665 5552 sept.
1701 5490 1851 5551 1795.
1898 5489 1976 5543 ad
2009 5493 2060 5543 1.
