3753 5871
574 261 685 320 450
1717 218 1922 316 σοιιοων
1952 263 2115 315 lans
2163 263 2445 316 σοοιοπιοί

581 463 811 530 usque
861 447 958 515 ad
1008 447 1469 516 definitivam
1532 449 2005 531 sententiam,
2060 449 2208 516 nisi
2258 448 2686 542 constiterit
2740 448 3000 517 Sedem
3053 448 3544 534 Apostolicam

570 569 870 619 causam
920 553 1016 621 ad
1059 573 1137 622 se
1184 554 1579 623 advocasse
1621 557 1671 624 ¹.

1844 698 2024 766 CAN.
2074 698 2270 766 1570.

753 839 788 922 ξ
835 842 901 905 1.
941 840 1293 925 Exceptis
1322 842 1571 908 causis
1600 841 1776 909 Sedi
1798 841 2277 926 Apostolicae
2310 841 2707 909 reservatis
2733 845 2870 910 aut
2895 841 2991 909 ad
3020 841 3340 909 eandem
3368 838 3554 907 advo

575 946 792 1029 catis,
831 951 1120 1016 ceterae
1166 965 1416 1017 omnes
1452 954 2002 1034 cognoscuntur
2040 969 2089 1017 a
2133 950 2447 1018 diversis
2485 949 3015 1033 tribunalibus,
3056 949 3149 1017 de
3188 949 3466 1035 quibus
3497 949 3561 1014 in

572 1072 737 1121 can.
772 1055 946 1122 1572
978 1073 1176 1140 seqq.
1208 1056 1260 1124 ².

753 1162 788 1244 ξ
834 1162 900 1228 2.
950 1162 1349 1242 Quodlibet
1397 1168 1646 1233 tamen
1684 1164 2044 1241 tribunal,
2089 1164 2280 1249 quod
2320 1165 2598 1233 attinet
2635 1165 2734 1233 ad
2773 1165 3103 1250 partium
3141 1168 3222 1233 et
3272 1164 3560 1233 testium

574 1286 878 1338 examen
926 1276 1064 1340 aut
1118 1270 1575 1355 citationem,
1637 1272 2245 1340 documentorum
2290 1273 2407 1341 vel
2461 1272 2570 1340 rei
2614 1275 3133 1342 controversae
3178 1271 3558 1357 inspectio-

576 1395 766 1460 nem,
802 1377 1264 1445 decretorum
1301 1378 1849 1448 intimationem
1881 1380 2176 1465 aliaque
2208 1380 2655 1462 huiusmodi,
2691 1380 2810 1447 ius
2844 1380 3068 1449 habet
3096 1379 3177 1447 in
3210 1378 3562 1447 auxilium

573 1485 885 1553 vocandi
926 1484 1134 1554 aliud
1184 1486 1544 1567 tribunal,
1609 1486 1804 1571 quod
1866 1505 2165 1555 normas
2214 1506 2352 1572 pro
2391 1487 2708 1572 singulis
2772 1487 3066 1555 actibus
3128 1486 3302 1555 iure
3378 1504 3560 1570 prae

574 1591 895 1675 scriptas
936 1610 1230 1686 servare
1271 1593 1487 1662 debet
1517 1593 1571 1661 ³.

1863 1719 2042 1786 CAN.
2090 1719 2286 1786 1571.

751 1860 897 1940 Qui
921 1879 1224 1929 causam
1251 1861 1442 1929 vidit
1476 1861 1553 1927 in
1590 1880 1738 1929 uno
1763 1860 2025 1929 iudicii
2055 1861 2318 1945 gradu,
2351 1861 2609 1946 nequit
2633 1862 2938 1931 eandem
2973 1880 3281 1931 causam
3312 1865 3401 1931 in
3433 1864 3564 1931 alio

576 1966 908 2035 iudicare
951 1971 1002 2036 ⁴.

1886 2218 2146 2285 CAPUT
2193 2218 2257 2286 I.

1202 2359 1315 2427 De
1355 2359 1717 2427 tribunali
1750 2358 2132 2428 ordinario
2175 2359 2457 2445 primae
2500 2360 2931 2427 instantiae.

1666 2569 1835 2634 Aur.
1882 2568 1934 2633 1.
1983 2605 2058 2617 —-
2101 2571 2199 2634 De
2240 2570 2490 2634 Iudice.

1862 2739 2042 2806 CAN,
2093 2739 2289 2805 1572.

757 2881 791 2966 5
838 2883 904 2949 1.
956 2883 1047 2950 In
1105 2900 1547 2967 unaquaque
1589 2881 1906 2950 dioecesi
1952 2884 2030 2950 et
2072 2898 2213 2967 pro
2255 2880 2596 2949 omnibus
2637 2880 2886 2949 causis
2932 2899 2979 2948 a
3023 2881 3188 2949 iure
3235 2898 3565 2967 expresse

579 3010 726 3060 non
752 2992 1103 3076 exceptis,
1138 2992 1359 3060 iudex
1387 2992 1671 3075 primae
1697 2990 2109 3058 instantiae
2133 2994 2248 3059 est
2273 2990 2417 3057 loci
2443 2990 2914 3073 Ordinarius,
2953 2991 3080 3076 qui
3105 2990 3567 3058 iudiciariam

578 3102 1023 3184 potestatem
1068 3117 1403 3167 exercere
1446 3102 1691 3183 potest
1733 3099 1894 3183 ipse
1937 3117 2069 3183 per
2113 3116 2215 3178 se,
2259 3097 2376 3165 vel
2431 3116 2564 3183 per
2604 3097 2818 3180 alios,
2867 3097 3271 3166 secundum
3330 3102 3566 3166 tamen

576 3223 895 3274 canones
933 3206 1061 3290 qui
1095 3209 1509 3290 sequuntur
1545 3206 1598 3274 ⁸.

759 3313 793 3397 ξ
840 3313 907 3379 2.
960 3313 1042 3381 si
1076 3332 1251 3382 vero
1295 3318 1566 3399 agat-ut·
1601 3313 1692 3382 de
1728 3313 2019 3381 iuribus
2057 3316 2193 3382 aut
2229 3313 2440 3381 bonis
2477 3313 3011 3398 temporalibus
3050 3312 3414 3399 Episcopi
3451 3315 3568 3380 aut

580 3440 874 3491 mensae
930 3422 1048 3489 vel
1105 3422 1378 3490 Curiae
1435 3421 1934 3515 dioecesanae,
1983 3422 2488 3489 controversia
2538 3421 2957 3490 dirimenda
3001 3421 3395 3490 deferatur
3439 3427 3564 3502 vel,

581 3531 952 3616 Episcopo
985 3530 1516 3604 consentiente.
1555 3530 1652 3598 ad
1688 3530 2201 3599 dioecesanum
2248 3530 2583 3597 tribunal
2621 3530 3004 3614 collegiale
3044 3530 3238 3615 quod
3285 3532 3567 3599 constat

581 3638 875 3706 officiali
907 3642 985 3707 et
1015 3639 1302 3706 duobus
1353 3638 1724 3705 iudicibus
1777 3638 2257 3725 synodalibus
2308 3638 2883 3723 antiquioribus,
2937 3637 3052 3705 vel
3107 3636 3204 3704 ad
3259 3638 3563 3707 iudicem

581 3745 1004 3815 immediate
1049 3746 1525 3831 superiorem.

767 3987 789 4022 ¹
826 3988 892 4038 O.
924 3987 1097 4047 11-13,
1128 3986 1212 4047 10,
1253 3985 1318 4038 C.
1363 3986 1447 4046 11,
1489 3998 1545 4049 q.
1588 3986 1639 4048 6:
1677 3998 1726 4038 e.
1758 3987 1841 4048 50,
1872 3988 1949 4048 X,
1986 3987 2058 4039 de
2101 3987 2616 4050 appellationibus,
2660 3990 3132 4044 recusationibus
3176 3995 3238 4044 ct
3280 3990 3566 4044 retem

588 4077 715 4136 bus,
744 4076 828 4138 11,
862 4075 945 4138 283
972 4087 1021 4128 c.
1052 4077 1102 4137 1,
1135 4077 1201 4136 X,
1230 4078 1301 4127 de
1328 4075 1769 4137 confirmatione
1794 4076 1935 4128 utili
1960 4078 2053 4128 vel
2082 4078 2306 4137 inutili,
2335 4078 2419 4139 11,
2446 4080 2529 4132 30.

763 4172 791 4209 ²
830 4168 1003 4221 cone.
1045 4167 1333 4228 Trident„
1377 4179 1520 4218 sess.
1563 4168 1762 4227 XXIV,
1807 4170 1879 4218 de
1918 4168 2054 4229 ret„
2104 4181 2153 4221 e.
2196 4169 2277 4232 2ος
2328 4170 2471 4221 Plus
2507 4171 2574 4232 X,
2616 4175 2801 4224 const.
2847 4187 2878 4222 α
2922 4170 3193 4231 Sapienti
3233 4172 3482 4226 oonsilio
3525 4188 3565 4231 ι,

584 4262 650 4314 29
676 4261 798 4312 lun.
827 4259 975 4321 1908,
1007 4259 1034 4321 ς
1072 4258 1155 4318 ΙΙ,
1184 4271 1242 4309 n.
1277 4258 1351 4320 20;
1379 4259 1500 4309 Lex
1528 4259 1766 4318 propria
1798 4258 1855 4311 S.
1897 4259 1966 4310 R.
2000 4259 2188 4313 Rotae
2222 4263 2285 4312 et
2314 4259 2671 4322 signaturae
2702 4263 2833 4322 Ap„
2864 4261 2930 4314 29
2959 4261 3082 4314 lun.
3113 4262 3264 4322 1908,
3295 4275 3435 4316 ean.
3465 4263 3538 4315 15.

760 4352 788 4386 ³
825 4350 890 4403 C.
919 4349 970 4409 8.
996 4351 1064 4411 X,
1090 4352 1161 4401 de
1189 4350 1438 4401 testibus
1464 4354 1522 4400 et
1548 4349 2056 4409 attestationibus,
2085 4350 2166 4410 11,
2195 4350 2276 4413 20;
2303 4363 2353 4403 e.
2381 4352 2432 4412 3,
2461 4352 2528 4412 Χ,
2564 4354 2635 4403 de
2665 4351 3132 4414 fideiussoribus,
3159 4352 3277 4412 111.
3305 4353 3392 4416 223
3430 4354 3489 4407 S.
3511 4352 3564 4404 c.

588 4442 646 4494 Β.
684 4440 823 4502 off..
860 4441 1031 4493 instr.
1078 4440 1180 4500 (ad
1224 4441 1330 4500 Ep.
1368 4440 1615 4492 thuum
1655 4439 1930 4500 Oricum,
1968 4453 2024 4491 a.
2064 4440 2212 4501 1883,
2249 4442 2343 4493 tlt.
2396 4442 2510 4503 111,
2548 4454 2607 4492 n.
2656 4443 2737 4503 15;
2775 4441 2834 4494 Β.
2867 4441 2931 4494 C.
2967 4442 3073 4503 ΕΙ).
3105 4445 3169 4494 et
3197 4442 3365 4504 Reg„
3406 4444 3565 4495 lustr.

584 4533 650 4584 11
679 4533 800 4584 iun.
828 4531 976 4595 1880,
1005 4544 1064 4584 n.
1094 4533 1176 4594 19;
1206 4531 1264 4584 S.
1297 4531 1361 4584 C.
1395 4530 1483 4592 0..
1514 4531 1685 4583 lustr.
1716 4530 1783 4581 22
1810 4543 1945 4593 aug.
1980 4530 2126 4594 184ος
2157 4531 2214 4584 S.
2248 4532 2314 4585 O.
2346 4532 2419 4585 de
2449 4533 2619 4593 Prop.
2661 4533 2823 4593 Fide,
2865 4534 3037 4585 lustr.
3067 4545 3123 4584 a.
3154 4532 3303 4593 1883,
3337 4546 3395 4585 n.
3441 4533 3567 4591 xm

586 4624 759 4674 instr.
789 4635 844 4674 a.
875 4622 1023 4683 1883,
1049 4635 1108 4674 n.
1140 4623 1222 4685 15;
1247 4622 1510 4683 Regulae
1543 4622 1868 4674 servandae
1896 4622 1960 4674 ln
1996 4621 2233 4675 ludlclls
2258 4623 2417 4683 apud
2448 4623 2506 4676 S.
2539 4623 2609 4673 R.
2644 4623 2833 4675 Rotae
2859 4623 3166 4684 Tribunal,
3204 4625 3238 4673 4
3263 4636 3401 4686 aug.
3436 4623 3565 4679 1010.

589 4713 616 4775 Ι
647 4715 730 4773 14,
756 4726 813 4764 n.
841 4714 893 4773 4,
922 4714 974 4772 5.
1003 4714 1030 4776 ς
1063 4714 1180 4773 100,
1207 4726 1263 4765 n.
1296 4714 1348 4775 3,
1382 4713 1409 4775 Ι
1437 4714 1553 4773 110,
1584 4713 1700 4776 143ς
1725 4713 1988 4775 Regulae
2012 4713 2339 4766 servandae
2371 4714 2435 4764 ln
2459 4713 2700 4765 iudiciis
2732 4713 2893 4773 apud
2922 4711 3186 4773 suprem.
3222 4712 3567 4776 signatum

587 4804 694 4864 Ap.
726 4803 1031 4863 Tribunal,
1064 4804 1098 4856 0
1124 4806 1302 4855 mart.
1336 4803 1484 4865 1912,
1517 4806 1632 4855 art.
1673 4803 1756 4856 10.

761 4901 788 4935 ⁴
826 4898 891 4949 Ο.
925 4898 1008 4958 35,
1039 4897 1106 4957 Χ,
1137 4898 1208 4948 de
1244 4894 1761 4956 appellationibus,
1788 4894 2259 4945 recusationibus
2288 4901 2346 4947 et
2374 4893 2784 4953 relationibus,
2816 4894 2901 4955 ΙΙ,
2931 4893 3014 4946 28.

758 4993 783 5027 ⁵
823 4988 888 5039 O.
926 4991 976 5047 1,
1009 4988 1075 5047 Χ.
1108 4989 1179 5038 de
1214 4986 1400 5045 officio
1429 4984 1643 5038 iudicis
1675 4986 1983 5044 ordinarii,
2015 4986 2064 5046 1,
2097 4986 2178 5048 313
2205 4997 2253 5036 c.
2290 4987 2343 5045 1,
2374 4986 2440 5045 Χ,
2474 4987 2544 5037 de
2571 4985 2705 5044 soro
2736 4983 3108 5045 competenti,
3140 4985 3223 5048 ΙΙ,
3255 4985 3305 5046 2:
3333 4997 3384 5037 c.
3425 4986 3479 5046 7,
3506 4984 3563 5034 δι

587 5080 775 5137 officio
808 5077 1116 5136 ordinarii,
1150 5078 1200 5139 Ι,
1240 5077 1323 5139 10,
1359 5078 1421 5128 ln
1450 5078 1577 5140 vl⁰;
1606 5077 1779 5130 Cone.
1814 5076 2103 5137 Trident„
2139 5089 2281 5129 sess.
2317 5076 2516 5136 XXIV,
2551 5078 2623 5127 de
2656 5074 2789 5135 res..
2824 5087 2874 5126 c.
2911 5075 2994 5138 m:
3025 5076 3143 5128 Leo
3182 5077 3230 5127 X
3273 5076 3365 5135 (ln
3403 5077 3562 5129 Cone.

587 5171 938 5222 Latet-aneu.
987 5170 1080 5230 V),
1118 5172 1303 5222 const.
1351 5184 1382 5220 ι
1418 5168 1714 5228 Reoimini
1751 5167 2106 5219 universalis
2143 5181 2193 5228 n,
2232 5169 2264 5218 4
2299 5167 2441 5218 mall
2478 5166 2625 5227 1515,
2667 5166 2694 5228 ς
2732 5166 2782 5229 8;
2819 5165 3175 5218 Benedictus
3204 5166 3359 5228 xlv,
3392 5167 3560 5219 const-

589 5277 620 5312 «
650 5262 739 5311 Aa
769 5259 1086 5310 militantis
1124 5273 1173 5319 n,
1203 5260 1269 5313 30
1302 5263 1478 5312 mart.
1510 5259 1657 5321 1742,
1694 5260 1721 5321 s
1752 5259 1834 5320 423
1861 5261 2046 5310 const.
2083 5273 2113 5308 ι
2147 5259 2474 5309 Causarum
2507 5271 2557 5318 ιι,
2593 5257 2658 5309 10
2687 5270 2820 5310 nov.
2853 5257 3002 5318 17473
3043 5256 3102 5308 S.
3135 5256 3199 5310 G.
3233 5257 3325 5319 0.,
3361 5256 3562 5308 Fam

592 5352 737 5409 tina,
772 5363 969 5402 mense
1009 5354 1121 5402 oet.
1158 5351 1305 5411 15853
1339 5348 1617 5400 Civitatis
1662 5348 2037 5399 castellanae
2079 5352 2139 5399 et
2173 5346 2500 5407 Hor-tanae,
2535 5347 2570 5399 8
2605 5347 2725 5399 lun.
2763 5346 2912 5407 1024,
2948 5347 3025 5398 ad
3063 5347 3131 5411 νς
3165 5344 3489 5398 Turritana
3517 5346 3562 5396 et

589 5443 886 5503 Aiaci-en„
926 5442 991 5493 12
1019 5446 1079 5494 et
1109 5442 1173 5494 20
1202 5442 1351 5493 febr.
1389 5441 1535 5503 1707:
1566 5440 2019 5499 Tolentinaten„
2053 5440 2086 5491 5
2117 5442 2264 5499 sept.
2299 5439 2447 5499 1711,
2480 5437 2559 5490 ad
2592 5439 2640 5488 1.
