3753 5871
443 325 552 384 374
1580 321 1776 372 00600
1815 318 1976 371 lui-ie
2024 317 2305 371 omnint

1712 562 1889 630 CAN.
1940 561 2135 629 1294.

629 709 664 793 ξ
711 712 777 776 1.
829 709 1207 776 Parochus
1253 707 1369 774 vel
1428 706 1667 791 quivis
1711 706 1908 773 alius
1955 705 2213 791 nequit
2259 705 2759 789 processiones
2818 723 3043 772 novas
3089 704 3438 771 inducere

450 821 587 887 aut
619 822 1011 885 consuetas
1053 815 1462 884 transferre
1495 814 1611 882 vel
1643 814 1935 881 abolere
1976 814 2136 881 sine
2171 811 2555 881 Ordinarii
2588 811 2733 880 loci
2767 812 3067 879 licentia
3098 812 3147 879 ².

632 924 666 1006 §
712 924 779 990 2.
830 923 1432 991 Processionibus
1514 922 1833 990 alicuius
1918 921 2267 989 ecclesiae
2342 920 2666 1004 propriis
2741 919 3096 988 interesse
3170 919 3439 988 debent

455 1049 704 1100 omnes
734 1031 987 1099 clerici
1026 1031 1259 1099 eidem
1292 1029 1640 1097 ecclesiae
1673 1029 2035 1114 adscripti
2068 1026 2125 1096 ¹.

1712 1205 1889 1272 OAN.
1940 1205 2135 1271 1295.

645 1347 929 1415 Curent
951 1347 1333 1418 ordinarii
1357 1352 1444 1415 ut
1463 1366 1716 1415 sacrae
1738 1347 2263 1432 processiones,
2289 1344 2747 1428 exstirpatis,
2773 1344 2838 1409 si
2866 1341 2993 1427 qui
3017 1340 3196 1420 sint,
3227 1336 3446 1404 malis

459 1455 738 1538 usibus,
772 1456 1111 1523 ordinate
1144 1456 1547 1541 procedant
1570 1474 1799 1540 eaque
1831 1454 2193 1522 modestia
2219 1473 2307 1521 ac
2344 1452 2754 1521 reverentia
2785 1452 2880 1520 ab
2916 1452 3253 1519 omnibus
3282 1468 3436 1534 per.-

457 1559 832 1644 ficiantur,
872 1581 1057 1647 quae
1093 1563 1239 1647 piis
1281 1581 1367 1629 ac
1408 1562 1773 1647 religiosis
1808 1561 2231 1629 huiusmodi
2265 1562 2555 1628 actibus
2590 1559 2903 1627 maxime
2946 1558 3290 1626 convenit
3312 1557 3366 1624 ⁸.

1563 1881 1990 1950 TITULUS
2039 1881 2319 1948 XVIII.

1441 2024 1554 2093 De
1611 2044 1847 2094 sacra
1906 2026 2466 2112 supellectili.

1738 2214 1915 2282 CAN.
1972 2213 2167 2280 1296.

642 2355 676 2437 ξ
722 2356 789 2420 1.
842 2353 1073 2430 Sacra
1118 2355 1472 2439 supellex,
1527 2355 1965 2440 praesertim
2010 2373 2221 2439 quae,
2264 2356 2360 2423 ad
2406 2373 2738 2423 normam
2783 2355 3026 2441 legum
3068 2356 3446 2441 liturgica·

466 2479 656 2545 rum,
692 2462 1079 2531 benedicta
1109 2468 1244 2531 aut
1271 2468 1699 2530 consecrata
1734 2482 1893 2532 esse
1923 2464 2140 2533 debet
2181 2482 2507 2549 quaeque
2543 2466 2839 2551 publico
2879 2467 2961 2533 in
3001 2467 3212 2535 cultu
3245 2468 3447 2535 adhi-

464 2570 704 2653 betur,
735 2575 954 2639 caute
984 2571 1453 2640 custodiatur
1481 2571 1562 2638 in
1592 2570 1943 2640 ecclesiae
1980 2573 2309 2641 sacrario
2341 2574 2578 2642 aliove
2607 2579 2776 2643 tuto
2813 2594 2900 2643 ae
2938 2577 3228 2647 decenti
3261 2579 3446 2664 loco,

465 2694 597 2746 nec
638 2679 735 2746 ad
781 2696 960 2746 usus
1001 2679 1356 2764 profanos
1400 2677 1842 2746 adhibeatur
1868 2677 1925 2747 ⁴.

471 2924 549 2977 ad
581 2923 632 2987 3,
673 2921 988 2983 Nepesina,
1022 2922 1056 2975 3
1089 2934 1224 2984 aug.
1261 2922 1410 2984 1686,
1448 2922 1526 2975 ad
1569 2924 1619 2985 2,
1655 2923 1966 2982 savonen„
2003 2922 2070 2975 12
2106 2923 2255 2977 tebr.
2302 2923 2449 2987 1689,
2488 2922 2742 2984 Ripana,
2782 2925 2849 2977 16
2884 2928 2947 2978 et
2982 2924 3049 2977 30
3086 2927 3262 2978 mart.
3300 2924 3452 2985 1715,

472 3015 551 3067 ad
583 3015 634 3077 8,
668 3013 726 3067 S.
760 3014 831 3065 R.
864 3014 950 3076 G.,
991 3015 1145 3067 decr.
1183 3025 1313 3074 gen.
1348 3014 1416 3065 28
1450 3016 1599 3074 sept.
1635 3013 1782 3075 1658,
1817 3014 2128 3073 Sauonen„
2173 3016 2240 3067 19
2272 3014 2395 3067 dec.
2433 3015 2583 3076 1671,
2620 3015 2698 3067 ad
2733 3018 2782 3077 1,
2817 3013 3190 3074 Ροεηαπίοπ.,
3236 3016 3302 3067 16
3347 3014 3452 3066 lul.

470 3105 618 3168 1672,
641 3105 1054 3165 Senooallien„
1086 3106 1153 3159 12
1182 3118 1317 3166 aug.
1343 3103 1491 3165 1673.
1519 3105 1598 3157 ad
1620 3106 1670 3166 1,
1694 3104 1940 3162 Fauen..
1965 3105 2030 3158 23
2058 3118 2191 3158 nov.
2219 3103 2368 3167 1675,
2391 3102 2444 3156 N
2449 3117 2688 3162 aecana,
2717 3106 2784 3157 13
2809 3106 2931 3157 iun.
2963 3105 3110 3167 1676,
3141 3104 3454 3163 Theatina,

472 3198 537 3248 14
565 3209 697 3248 nov.
729 3196 876 3258 1676,
911 3195 1222 3247 Tbeleeina
1257 3199 1314 3246 et
1349 3195 1690 3255 Cerretana,
1725 3197 1791 3246 22
1820 3209 1953 3248 nov.
1988 3197 2137 3257 1681,
2180 3197 2257 3248 ad
2288 3197 2338 3258 6,
2369 3195 2607 3255 Baren.,
2639 3198 2705 3248 11
2738 3199 2913 3248 mart.
2946 3196 3095 3257 1690,
3126 3194 3456 3253 Iustinopo-

475 3289 684 3347 litana‚
715 3287 781 3339 24
811 3300 943 3340 nov.
980 3287 1127 3349 1691,
1161 3286 1499 3346 spoletana,
1531 3287 1596 3338 27
1630 3297 1755 3347 apr.
1794 3287 1942 3347 1697,
1977 3285 2058 3338 ad
2096 3289 2145 3349 1;
2176 3286 2523 3343 Abellinen„
2557 3288 2624 3339 31
2656 3298 2790 3347 aug.
2828 3285 2976 3346 1697,
3011 3286 3089 3337 ad
3122 3288 3171 3347 1;
3213 3284 3456 3342 Fanen„

472 3380 505 3430 8
547 3392 674 3441 apr.
717 3380 865 3440 1702,
899 3380 977 3431 ad
1009 3380 1058 3441 4,
1096 3378 1365 3436 Uritano,
1400 3378 1466 3429 22
1495 3381 1673 3430 mart.
1708 3378 1858 3440 1710,
1902 3378 1982 3430 ad
2013 3378 2064 3431 6.

656 3470 679 3506 ²
718 3470 778 3524 Β.
809 3470 876 3523 0.
913 3471 1018 3531 Ep.
1051 3474 1113 3523 et
1142 3470 1306 3531 neg..
1339 3469 1663 3529 spalaten..
1697 3471 1762 3520 14
1792 3472 1968 3521 mart.
2001 3469 2149 3529 1879,
2192 3469 2269 3521 ad
2299 3470 2348 3531 2,
2380 3470 2438 3521 S.
2471 3469 2536 3522 0.
2568 3469 2656 3531 0.,
2689 3468 3044 3526 Auoeimana,
3078 3470 3145 3521 12
3174 3471 3279 3521 lul.
3312 3471 3461 3531 1636,

478 3564 538 3615 S.
585 3563 656 3614 B.
701 3562 790 3622 0.,
828 3561 1140 3612 Theleeina
1175 3565 1234 3612 et
1272 3560 1613 3618 Cerretana,
1651 3561 1716 3610 22
1749 3573 1881 3611 nov.
1919 3560 2068 3621 1681,
2114 3561 2193 3612 ad
2228 3561 2279 3621 2,
2310 3561 2360 3622 8,
2396 3558 2727 3619 Hispalen„
2767 3559 2833 3612 21
2867 3560 2987 3611 ian.
3026 3560 3174 3620 1690,
3214 3560 3291 3611 ad
3330 3560 3363 3610 2
3396 3563 3462 3612 et

475 3655 542 3706 22
571 3656 712 3716 lan„
745 3655 778 3706 3
806 3656 953 3715 sept.
984 3654 1131 3713 1695,
1162 3653 1242 3705 ad
1271 3654 1305 3703 2
1331 3655 1393 3704 et
1422 3653 1486 3703 21
1524 3653 1626 3703 lul.
1657 3652 1804 3714 1696,
1837 3651 2012 3702 Urbis
2041 3655 2099 3703 et
2134 3651 2325 3709 Orbis,
2355 3651 2422 3702 12
2450 3653 2569 3704 ian.
2609 3651 2759 3713 1704,
2799 3652 2878 3704 ad
2906 3652 2988 3703 22.

644 3748 671 3784 ²
718 3744 775 3798 Β.
806 3746 872 3797 0.
907 3745 995 3806 0.,
1024 3744 1328 3802 Narnien„
1356 3743 1422 3794 17
1453 3744 1556 3794 iul.
1585 3743 1821 3805 1597,12
1849 3744 1971 3794 iun.
2004 3742 2150 3802 1677,
2182 3742 2260 3794 ad
2293 3742 2343 3803 2,
2368 3742 2741 3801 Surrentina,
2768 3743 2804 3794 6
2830 3755 2963 3803 aug.
3002 3743 3151 3802 1689,
3183 3743 3260 3795 ad
3287 3745 3338 3804 1,
3369 3743 3420 3794 2.

649 3839 674 3875 ³
717 3835 988 3888 Clemens
1022 3836 1120 3895 lx,
1149 3838 1333 3887 const.
1365 3850 1395 3885 ι
1421 3834 1496 3885 In
1526 3835 1757 3883 excelsa
1783 3849 1833 3893 n,
1862 3834 1928 3886 18
1957 3836 2104 3893 sept.
2136 3833 2284 3894 1669,
2317 3833 2343 3895 1
2379 3833 2428 3895 2,
2457 3833 2516 3886 Β.
2548 3834 2619 3884 R.
2652 3832 2740 3892 0.,
2772 3833 3077 3891 Toletana,
3107 3835 3141 3885 6
3178 3835 3281 3885 lul.
3313 3834 3464 3895 1593,

481 3927 814 3984 vanarien„
844 3928 911 3979 10
939 3928 1081 3977 mall
1121 3928 1269 3987 1594,
1303 3927 1380 3977 ad
1410 3924 1459 3987 2,
1490 3924 1800 3983 conchen„
1841 3925 1907 3978 29
1938 3937 2069 3976 nov.
2104 3926 2252 3986 1595,
2284 3922 2697 3984 Neapolitana,
2730 3925 2763 3975 7
2796 3926 2897 3976 iul.
2936 3925 3084 3987 1612,
3115 3924 3464 3983 Maean-ten„

480 4022 511 4071 4
544 4032 670 4081 apr.
706 4019 854 4080 1626,
897 4020 974 4071 ud
1008 4020 1056 4082 2,
1092 4016 1357 4076 sutrina,
1390 4016 1456 4070 10
1488 4018 1592 4068 iul.
1629 4017 1778 4079 1638,
1810 4015 2062 4076 Nolana,
2096 4019 2163 4070 11
2204 4018 2348 4070 mail
2381 4017 2529 4079 1641,
2562 4015 3000 4076 Hipporeoien„
3036 4017 3101 4067 31
3142 4016 3290 4067 maii
3318 4016 3472 4077 1642,

481 4111 809 4171 Βίεραῑοπ..
837 4110 899 4162 21
931 4111 1048 4162 lan.
1078 4110 1226 4171 1690,
1254 4110 1332 4162 ad
1356 4111 1389 4162 5
1419 4112 1483 4162 et
1506 4110 1574 4161 22
1599 4111 1717 4161 lan.
1750 4110 1898 4170 1695,
1928 4109 2005 4161 ad
2032 4110 2083 4170 5;
2110 4107 2507 4167 Salernitana,
2543 4108 2609 4160 31
2636 4111 2811 4160 mart.
2842 4107 2990 4168 1703,
3023 4107 3465 4159 caeremoniale

482 4203 839 4262 Episcopor„
874 4203 913 4252 1.
950 4201 1032 4261 11,
1073 4212 1123 4251 c.
1159 4201 1386 4260 xxxn,
1420 4213 1478 4252 n.
1510 4200 1561 4262 2,
1595 4212 1644 4251 e.
1688 4200 1950 4259 xxxm,
1986 4212 2044 4250 n.
2081 4200 2132 4259 4,
2168 4198 2250 4260 12;
2281 4198 2524 4250 mtmue
2555 4179 2746 4258 nom,
2783 4198 2879 4250 tat.
2919 4197 3016 4256 1x,
3060 4209 3110 4248 c.
3143 4197 3193 4256 ι,
3231 4198 3302 4247 ae
3337 4207 3467 4256 pro-

481 4294 859 4351 cessionibus,
897 4306 956 4344 n.
992 4294 1097 4352 1-4,
1143 4292 1193 4343 6.

656 4389 684 4425 ⁴
719 4386 785 4438 G.
831 4387 915 4443 39,
947 4387 1028 4445 40,
1062 4385 1143 4444 42,
1181 4386 1252 4435 D.
1293 4386 1341 4445 1,
1381 4385 1451 4435 de
1496 4394 1672 4436 cona:
1703 4395 1753 4434 c.
1791 4395 1914 4442 un„
1952 4383 2016 4442 X,
2058 4383 2128 4430 de
2166 4392 2337 4431 sacra
2373 4381 2666 4439 unctione,
2705 4382 2753 4440 Ι,
2794 4381 2877 4443 15,
2912 4381 3268 4434 Benedictus
3312 4382 3463 4440 XIV,

480 4482 666 4531 const.
699 4494 730 4530 α
760 4478 894 4528 Etsi
931 4476 1247 4536 pastoralis
1279 4491 1328 4536 ι,
1363 4476 1428 4528 26
1453 4476 1600 4526 man
1628 4476 1776 4535 1742,
1813 4475 1840 4535 5
1873 4475 1976 4533 VI,
2008 4487 2066 4525 ιι.
2099 4474 2211 4534 ΧΧ,
2243 4473 2301 4525 S.
2334 4473 2404 4523 Β.
2437 4471 2525 4532 0.,
2566 4472 2836 4530 tanuen„
2867 4471 2934 4523 16
2962 4484 3094 4523 nov.
3126 4472 3275 4532 1649,
3309 4470 3387 4522 ad
3416 4473 3468 4531 5:

484 4572 726 4630 Puden„
753 4570 786 4621 7
819 4572 966 4629 sept.
995 4568 1142 4627 1816,
1172 4567 1249 4619 ad
1283 4567 1366 4623 12.
1398 4568 1479 4628 13,
1505 4566 1711 4617 Sancti
1736 4564 2066 4625 Hippolyti,
2094 4565 2159 4616 31
2187 4576 2320 4625 aug.
2354 4563 2501 4622 1867,
2531 4562 2609 4614 ad
2637 4563 2771 4622 Vn:
2803 4561 3210 4620 Policaetren„
3239 4563 3303 4613 14
3341 4561 3463 4612 lun.

482 4662 630 4722 1873,
657 4662 736 4714 ad
763 4662 812 4722 1,
848 4662 930 4723 ΙΙ,
955 4660 1208 4716 Bleeen„
1237 4660 1303 4710 16
1326 4661 1500 4711 mart.
1529 4658 1675 4718 1876,
1704 4657 1992 4717 Βήοσρη.,
2021 4660 2054 4706 4
2080 4659 2227 4716 sept.
2256 4654 2403 4714 1880,
2432 4654 2510 4705 ad
2545 4653 2627 4712 11,
2662 4653 2776 4714 ΙΙΙ,
2803 4652 3069 4708 lmolen„
3097 4652 3130 4702 2
3162 4652 3284 4704 dee.
3314 4652 3464 4707 1881.

482 4754 560 4805 ad
595 4754 642 4814 Ι,
681 4751 1087 4809 policastren„
1121 4752 1152 4802 1
1186 4750 1309 4801 dec.
1353 4746 1499 4809 1882,
1533 4748 1999 4808 Paetopolitana,
2032 4747 2098 4798 12
2133 4750 2278 4807 sept.
2317 4745 2462 4805 1884,
2500 4744 2743 4796 Missale
2776 4744 2965 4803 Rom„
3001 4744 3096 4795 tlt.
3138 4741 3314 4794 Ritus
3350 4752 3466 4791 ser-

483 4846 713 4896 vandus
757 4847 819 4894 in
855 4843 1245 4894 celebratione
1281 4841 1517 4900 missae,
1554 4852 1603 4891 c.
1640 4841 1687 4901 1,
1731 4841 1801 4890 de
1838 4838 2287 4899 praeparatione
2323 4835 2647 4889 sacerdotis
2687 4835 3060 4894 celebraturi,
3099 4848 3156 4886 ιι.
3196 4837 3248 4893 1,
3286 4834 3335 4894 2,
3369 4834 3464 4885 ut.

485 4940 573 4989 De
619 4938 946 4998 defectibus
983 4937 1046 4985 in
1082 4935 1471 4985 celebratione
1517 4933 1833 4982 missarum
1868 4930 2329 4987 occurrentibus,
2366 4941 2415 4980 c.
2455 4930 2521 4988 X,
2564 4930 2633 4979 de
2674 4926 3002 4985 defectibus
3041 4925 3104 4975 in
3140 4922 3469 4975 ministerio

483 5032 612 5089 ipso
645 5028 1104 5086 occurrentibus,
1142 5040 1200 5079 n.
1237 5031 1287 5089 1,
1323 5026 1666 5078 Pontificale
1700 5024 1889 5082 Rom„
1935 5023 2032 5075 tlt.
2071 5018 2412 5069 Benedictio
2453 5017 2836 5074 tobalearum,
2875 5027 3170 5073 vasorum,
3208 5020 3266 5067 et
3302 5024 3468 5063 orna-

484 5122 813 5172 mentorum
856 5120 1154 5177 ecclesiae,
1198 5123 1257 5170 et
1310 5116 1525 5168 altaris
1569 5117 2058 5170 consecratorum:
2101 5114 2194 5164 tlt.
2254 5108 2594 5161 Benedictio
2639 5106 3029 5165 tobalearum„
3069 5116 3363 5163 vasorum,
3410 5108 3468 5153 et

483 5216 960 5263 ornamentorum
997 5209 1212 5262 altaris
1250 5208 1596 5264 consecrati·
1631 5208 1726 5259 tlt.
1768 5205 1855 5255 De
1896 5206 2146 5265 patenae
2193 5207 2251 5254 et
2300 5200 2503 5252 calicis
2541 5197 2994 5256 consecratione:
3041 5199 3135 5249 tit.
3180 5197 3267 5248 De
3307 5194 3470 5244 bene·

483 5304 739 5354 dictione
775 5301 1229 5351 sacerdotalium
1263 5299 1737 5348 indumentorum
1779 5297 1842 5346 in
1874 5304 2104 5355 venere:
2138 5295 2232 5346 ut.
2271 5289 2612 5342 Benedictio
2650 5288 2924 5347 specialis
2959 5284 3273 5337 cuiuslibet
3304 5283 3469 5333 indu-

483 5397 686 5455 menti:
717 5397 813 5448 tit.
859 5394 946 5443 De
983 5390 1379 5443 benedictione
1413 5400 1761 5450 mapparum
1803 5400 1909 5440 seu
1942 5386 2353 5436 linteaminum
2387 5381 2620 5441 altario:
2655 5381 2750 5434 tlt.
2789 5378 2877 5430 De
2914 5376 3312 5429 benedictione
3351 5384 3469 5429 corr

484 5491 795 5553 paralium:
833 5489 929 5542 tlt.
977 5489 1064 5538 De
1108 5484 1506 5537 benedictione
1558 5492 1860 5533 sacrorum
1901 5489 2179 5529 vasorum
2221 5483 2281 5527 et
2327 5475 2579 5526 aliorum
2621 5473 3097 5524 ornamentorum
3139 5468 3203 5517 in
3246 5475 3474 5528 uenere·
3566 5520 3583 5537 ·
