<?xml version="1.0" encoding="UTF-8"?>
<!DOCTYPE html PUBLIC "-//W3C//DTD XHTML 1.0 Transitional//EN"
    "http://www.w3.org/TR/xhtml1/DTD/xhtml1-transitional.dtd">
<html xmlns="http://www.w3.org/1999/xhtml" xml:lang="en" lang="en">
 <head>
  <title>
</title>
<meta http-equiv="Content-Type" content="text/html;charset=utf-8" />
  <meta name='ocr-system' content='tesseract 3.04.00' />
  <meta name='ocr-capabilities' content='ocr_page ocr_carea ocr_par ocr_line ocrx_word'/>
</head>
<body>
  <div class='ocr_page' id='page_1' title='image "./codexiuriscanon00xgoog_0122.png"; bbox 0 0 3753 5871; ppageno 0'>
   <div class='ocr_carea' id='block_1_1' title="bbox 574 317 2436 377">
    <p class='ocr_par' dir='ltr' id='par_1_1' title="bbox 574 317 2436 377">
     <span class='ocr_line' id='line_1_1' title="bbox 574 317 2436 377; baseline -0.001 -3"><span class='ocrx_word' id='word_1_1' title='bbox 574 317 647 377; x_wconf 85' lang='lat'>70</span> <span class='ocrx_word' id='word_1_2' title='bbox 1710 320 1908 373; x_wconf 74' lang='lat' dir='ltr'>Onaso</span> <span class='ocrx_word' id='word_1_3' title='bbox 1953 321 2114 373; x_wconf 69' lang='lat' dir='ltr'>luo-12</span> <span class='ocrx_word' id='word_1_4' title='bbox 2154 323 2436 373; x_wconf 69' lang='lat' dir='ltr'>canonio(</span> 
     </span>
    </p>
   </div>
   <div class='ocr_carea' id='block_1_2' title="bbox 585 501 3590 1481">
    <p class='ocr_par' dir='ltr' id='par_1_2' title="bbox 585 501 3590 1371">
     <span class='ocr_line' id='line_1_2' title="bbox 591 501 3583 599; baseline 0.004 -26"><span class='ocrx_word' id='word_1_5' title='bbox 591 526 752 574; x_wconf 91' lang='lat' dir='ltr'>nem</span> <span class='ocrx_word' id='word_1_6' title='bbox 788 512 865 575; x_wconf 91' lang='lat' dir='ltr'>et</span> <span class='ocrx_word' id='word_1_7' title='bbox 896 507 1150 576; x_wconf 88' lang='lat' dir='ltr'>studia</span> <span class='ocrx_word' id='word_1_8' title='bbox 1190 501 1772 576; x_wconf 79' lang='lat' dir='ltr'>Seminariorum</span> <span class='ocrx_word' id='word_1_9' title='bbox 1813 510 2215 594; x_wconf 85' lang='lat' dir='ltr'>pertinent,</span> <span class='ocrx_word' id='word_1_10' title='bbox 2251 511 2604 579; x_wconf 90' lang='lat' dir='ltr'>incolumi</span> <span class='ocrx_word' id='word_1_11' title='bbox 2638 512 2800 579; x_wconf 90' lang='lat' dir='ltr'>iure</span> <span class='ocrx_word' id='word_1_12' title='bbox 2833 513 3447 599; x_wconf 87' lang='lat' dir='ltr'>congregationis</span> <span class='ocrx_word' id='word_1_13' title='bbox 3487 517 3583 585; x_wconf 90' lang='lat' dir='ltr'>de</span> 
     </span>
     <span class='ocr_line' id='line_1_3' title="bbox 590 616 3579 708; baseline 0.003 -25"><span class='ocrx_word' id='word_1_14' title='bbox 590 616 813 702; x_wconf 90' lang='lat' dir='ltr'>Prop.</span> <span class='ocrx_word' id='word_1_15' title='bbox 862 618 1070 686; x_wconf 84' lang='lat' dir='ltr'><strong>Fide.</strong></span> <span class='ocrx_word' id='word_1_16' title='bbox 1110 619 1371 687; x_wconf 83' lang='lat' dir='ltr'>Eidem</span> <span class='ocrx_word' id='word_1_17' title='bbox 1407 618 1692 704; x_wconf 87' lang='lat' dir='ltr'>pariter</span> <span class='ocrx_word' id='word_1_18' title='bbox 1726 621 2119 688; x_wconf 87' lang='lat' dir='ltr'>commissa</span> <span class='ocrx_word' id='word_1_19' title='bbox 2155 626 2270 691; x_wconf 84' lang='lat' dir='ltr'>est</span> <span class='ocrx_word' id='word_1_20' title='bbox 2305 622 2717 691; x_wconf 80' lang='lat' dir='ltr'><strong>moderatio</strong></span> <span class='ocrx_word' id='word_1_21' title='bbox 2753 623 3131 708; x_wconf 90' lang='lat' dir='ltr'>regiminis</span> <span class='ocrx_word' id='word_1_22' title='bbox 3166 642 3254 691; x_wconf 89' lang='lat' dir='ltr'>ac</span> <span class='ocrx_word' id='word_1_23' title='bbox 3300 624 3579 692; x_wconf 91' lang='lat' dir='ltr'>studio·</span> 
     </span>
     <span class='ocr_line' id='line_1_4' title="bbox 592 729 3585 818; baseline 0.005 -24"><span class='ocrx_word' id='word_1_24' title='bbox 592 747 782 812; x_wconf 86' lang='lat' dir='ltr'>rum,</span> <span class='ocrx_word' id='word_1_25' title='bbox 811 729 890 796; x_wconf 92' lang='lat' dir='ltr'>in</span> <span class='ocrx_word' id='word_1_26' title='bbox 920 730 1187 814; x_wconf 89' lang='lat' dir='ltr'>quibus</span> <span class='ocrx_word' id='word_1_27' title='bbox 1210 731 1495 798; x_wconf 84' lang='lat' dir='ltr'>versari</span> <span class='ocrx_word' id='word_1_28' title='bbox 1527 732 1795 800; x_wconf 91' lang='lat' dir='ltr'>debent</span> <span class='ocrx_word' id='word_1_29' title='bbox 1827 733 2194 802; x_wconf 86' lang='lat' dir='ltr'>athenaea</span> <span class='ocrx_word' id='word_1_30' title='bbox 2219 752 2347 801; x_wconf 87' lang='lat' dir='ltr'>seu</span> <span class='ocrx_word' id='word_1_31' title='bbox 2381 752 2564 818; x_wconf 88' lang='lat' dir='ltr'>quas</span> <span class='ocrx_word' id='word_1_32' title='bbox 2597 741 2866 804; x_wconf 83' lang='lat' dir='ltr'>vocant</span> <span class='ocrx_word' id='word_1_33' title='bbox 2895 737 3438 806; x_wconf 82' lang='lat' dir='ltr'>Universitates</span> <span class='ocrx_word' id='word_1_34' title='bbox 3462 740 3585 808; x_wconf 82' lang='lat' dir='ltr'>vel</span> 
     </span>
     <span class='ocr_line' id='line_1_5' title="bbox 585 840 3587 933; baseline 0.003 -27"><span class='ocrx_word' id='word_1_35' title='bbox 585 841 1017 908; x_wconf 77' lang='lat' dir='ltr'><strong>Facultates</strong></span> <span class='ocrx_word' id='word_1_36' title='bbox 1042 858 1228 925; x_wconf 88' lang='lat' dir='ltr'>quae</span> <span class='ocrx_word' id='word_1_37' title='bbox 1247 841 1341 908; x_wconf 88' lang='lat' dir='ltr'>ab</span> <span class='ocrx_word' id='word_1_38' title='bbox 1370 840 1744 910; x_wconf 80' lang='lat' dir='ltr'>Ecclesiae</span> <span class='ocrx_word' id='word_1_39' title='bbox 1770 843 2222 912; x_wconf 88' lang='lat' dir='ltr'>auctoritate</span> <span class='ocrx_word' id='word_1_40' title='bbox 2242 845 2683 930; x_wconf 85' lang='lat' dir='ltr'>dependent,</span> <span class='ocrx_word' id='word_1_41' title='bbox 2709 847 3254 930; x_wconf 86' lang='lat' dir='ltr'>comprehensis</span> <span class='ocrx_word' id='word_1_42' title='bbox 3278 849 3373 916; x_wconf 86' lang='lat' dir='ltr'>iis</span> <span class='ocrx_word' id='word_1_43' title='bbox 3396 867 3587 933; x_wconf 89' lang='lat' dir='ltr'>quae</span> 
     </span>
     <span class='ocr_line' id='line_1_6' title="bbox 589 951 3586 1039; baseline 0.003 -22"><span class='ocrx_word' id='word_1_44' title='bbox 589 969 638 1017; x_wconf 86' lang='lat' dir='ltr'>a</span> <span class='ocrx_word' id='word_1_45' title='bbox 687 951 1073 1034; x_wconf 77' lang='lat' dir='ltr'>religiosae</span> <span class='ocrx_word' id='word_1_46' title='bbox 1113 952 1433 1019; x_wconf 85' lang='lat' dir='ltr'>alicuius</span> <span class='ocrx_word' id='word_1_47' title='bbox 1471 953 1804 1021; x_wconf 74' lang='lat' dir='ltr'>familiae</span> <span class='ocrx_word' id='word_1_48' title='bbox 1853 953 2231 1022; x_wconf 80' lang='lat' dir='ltr'>sodalibus</span> <span class='ocrx_word' id='word_1_49' title='bbox 2278 955 2732 1039; x_wconf 87' lang='lat' dir='ltr'>diriguntur.</span> <span class='ocrx_word' id='word_1_50' title='bbox 2780 957 3028 1024; x_wconf 81' lang='lat' dir='ltr'>Novas</span> <span class='ocrx_word' id='word_1_51' title='bbox 3068 958 3586 1026; x_wconf 76' lang='lat' dir='ltr'>institutiones</span> 
     </span>
     <span class='ocr_line' id='line_1_7' title="bbox 594 1063 3579 1152; baseline 0.003 -24"><span class='ocrx_word' id='word_1_52' title='bbox 594 1063 987 1146; x_wconf 86' lang='lat' dir='ltr'>perpendit</span> <span class='ocrx_word' id='word_1_53' title='bbox 1034 1063 1564 1148; x_wconf 82' lang='lat' dir='ltr'>approbatque3</span> <span class='ocrx_word' id='word_1_54' title='bbox 1615 1064 2054 1132; x_wconf 74' lang='lat' dir='ltr'>facultatem</span> <span class='ocrx_word' id='word_1_55' title='bbox 2103 1066 2441 1134; x_wconf 92' lang='lat' dir='ltr'>concedit</span> <span class='ocrx_word' id='word_1_56' title='bbox 2502 1066 2959 1134; x_wconf 90' lang='lat' dir='ltr'>academicos</span> <span class='ocrx_word' id='word_1_57' title='bbox 3008 1068 3285 1152; x_wconf 91' lang='lat' dir='ltr'>gradus</span> <span class='ocrx_word' id='word_1_58' title='bbox 3332 1069 3579 1137; x_wconf 68' lang='lat' dir='ltr'>conse·</span> 
     </span>
     <span class='ocr_line' id='line_1_8' title="bbox 593 1173 3590 1262; baseline 0.003 -24"><span class='ocrx_word' id='word_1_59' title='bbox 593 1173 805 1240; x_wconf 91' lang='lat' dir='ltr'>rendi</span> <span class='ocrx_word' id='word_1_60' title='bbox 837 1191 1275 1259; x_wconf 88' lang='lat' dir='ltr'>normasque</span> <span class='ocrx_word' id='word_1_61' title='bbox 1310 1174 1545 1242; x_wconf 80' lang='lat' dir='ltr'>tradit</span> <span class='ocrx_word' id='word_1_62' title='bbox 1580 1175 1846 1259; x_wconf 90' lang='lat' dir='ltr'>quibus</span> <span class='ocrx_word' id='word_1_63' title='bbox 1875 1175 1935 1242; x_wconf 86' lang='lat' dir='ltr'>ii</span> <span class='ocrx_word' id='word_1_64' title='bbox 1964 1176 2288 1244; x_wconf 77' lang='lat' dir='ltr'>conferri</span> <span class='ocrx_word' id='word_1_65' title='bbox 2328 1176 2667 1260; x_wconf 87' lang='lat' dir='ltr'>debcant,</span> <span class='ocrx_word' id='word_1_66' title='bbox 2710 1181 2810 1256; x_wconf 85' lang='lat' dir='ltr'>et,</span> <span class='ocrx_word' id='word_1_67' title='bbox 2848 1177 2972 1244; x_wconf 91' lang='lat' dir='ltr'>ubi</span> <span class='ocrx_word' id='word_1_68' title='bbox 3008 1178 3261 1262; x_wconf 89' lang='lat' dir='ltr'>agitur</span> <span class='ocrx_word' id='word_1_69' title='bbox 3298 1178 3391 1246; x_wconf 92' lang='lat' dir='ltr'>de</span> <span class='ocrx_word' id='word_1_70' title='bbox 3420 1179 3590 1246; x_wconf 85' lang='lat' dir='ltr'>viro</span> 
     </span>
     <span class='ocr_line' id='line_1_9' title="bbox 592 1283 3039 1371; baseline 0.001 -21"><span class='ocrx_word' id='word_1_71' title='bbox 592 1283 957 1369; x_wconf 82' lang='lat' dir='ltr'>singulari</span> <span class='ocrx_word' id='word_1_72' title='bbox 993 1284 1337 1352; x_wconf 82' lang='lat' dir='ltr'>doctrina</span> <span class='ocrx_word' id='word_1_73' title='bbox 1381 1286 1917 1368; x_wconf 88' lang='lat' dir='ltr'>commendato,</span> <span class='ocrx_word' id='word_1_74' title='bbox 1959 1290 2206 1369; x_wconf 89' lang='lat' dir='ltr'>potest</span> <span class='ocrx_word' id='word_1_75' title='bbox 2243 1305 2366 1354; x_wconf 90' lang='lat' dir='ltr'>eos</span> <span class='ocrx_word' id='word_1_76' title='bbox 2403 1288 2564 1371; x_wconf 85' lang='lat' dir='ltr'>ipsa</span> <span class='ocrx_word' id='word_1_77' title='bbox 2603 1288 2943 1355; x_wconf 78' lang='lat' dir='ltr'>conferre</span> <span class='ocrx_word' id='word_1_78' title='bbox 2990 1284 3039 1353; x_wconf 87' lang='lat'>¹.</span> 
     </span>
    </p>

    <p class='ocr_par' dir='ltr' id='par_1_3' title="bbox 771 1394 3584 1481">
     <span class='ocr_line' id='line_1_10' title="bbox 771 1394 3584 1481; baseline 0.002 -21"><span class='ocrx_word' id='word_1_79' title='bbox 771 1395 804 1477; x_wconf 68' lang='grc' dir='ltr'><strong>ξ</strong></span> <span class='ocrx_word' id='word_1_80' title='bbox 851 1395 917 1460; x_wconf 97' lang='grc'>2.</span> <span class='ocrx_word' id='word_1_81' title='bbox 969 1394 1060 1462; x_wconf 92' lang='lat' dir='ltr'>In</span> <span class='ocrx_word' id='word_1_82' title='bbox 1100 1395 1238 1463; x_wconf 88' lang='lat' dir='ltr'>hac</span> <span class='ocrx_word' id='word_1_83' title='bbox 1287 1396 1516 1464; x_wconf 82' lang='lat' dir='ltr'>Sacra</span> <span class='ocrx_word' id='word_1_84' title='bbox 1563 1395 2153 1481; x_wconf 77' lang='lat' dir='ltr'>congregatione</span> <span class='ocrx_word' id='word_1_85' title='bbox 2189 1402 2819 1465; x_wconf 82' lang='lat' dir='ltr'>connumerantur</span> <span class='ocrx_word' id='word_1_86' title='bbox 2856 1399 3055 1465; x_wconf 88' lang='lat' dir='ltr'>inter</span> <span class='ocrx_word' id='word_1_87' title='bbox 3094 1399 3284 1466; x_wconf 85' lang='lat' dir='ltr'>alios</span> <span class='ocrx_word' id='word_1_88' title='bbox 3324 1397 3584 1465; x_wconf 88' lang='lat' dir='ltr'>cardi·</span> 
     </span>
    </p>
   </div>
   <div class='ocr_carea' id='block_1_3' title="bbox 592 1489 3586 1703">
    <p class='ocr_par' dir='ltr' id='par_1_4' title="bbox 592 1489 3586 1703">
     <span class='ocr_line' id='line_1_11' title="bbox 592 1489 3586 1591; baseline 0.001 -20"><span class='ocrx_word' id='word_1_89' title='bbox 592 1505 798 1573; x_wconf 89' lang='lat' dir='ltr'>nales</span> <span class='ocrx_word' id='word_1_90' title='bbox 834 1489 1303 1574; x_wconf 70' lang='lat' dir='ltr'>Secretarius</span> <span class='ocrx_word' id='word_1_91' title='bbox 1338 1507 1954 1591; x_wconf 88' lang='lat' dir='ltr'>congregationis</span> <span class='ocrx_word' id='word_1_92' title='bbox 1996 1508 2556 1576; x_wconf 74' lang='lat' dir='ltr'>consistorialis</span> <span class='ocrx_word' id='word_1_93' title='bbox 2589 1514 2666 1577; x_wconf 87' lang='lat' dir='ltr'>et</span> <span class='ocrx_word' id='word_1_94' title='bbox 2698 1508 2897 1576; x_wconf 91' lang='lat' dir='ltr'>inter</span> <span class='ocrx_word' id='word_1_95' title='bbox 2933 1508 3415 1577; x_wconf 76' lang='lat' dir='ltr'>consultores</span> <span class='ocrx_word' id='word_1_96' title='bbox 3448 1509 3586 1574; x_wconf 81' lang='lat' dir='ltr'>As·</span> 
     </span>
     <span class='ocr_line' id='line_1_12' title="bbox 593 1616 1872 1703; baseline 0.001 -19"><span class='ocrx_word' id='word_1_97' title='bbox 593 1634 832 1684; x_wconf 83' lang='lat' dir='ltr'>sessor</span> <span class='ocrx_word' id='word_1_98' title='bbox 874 1616 1200 1686; x_wconf 88' lang='lat' dir='ltr'>eiusdem</span> <span class='ocrx_word' id='word_1_99' title='bbox 1233 1617 1872 1703; x_wconf 88' lang='lat' dir='ltr'>congregationis.</span> 
     </span>
    </p>
   </div>
   <div class='ocr_carea' id='block_1_4' title="bbox 1904 1796 2272 1864">
    <p class='ocr_par' dir='ltr' id='par_1_5' title="bbox 1904 1796 2272 1864">
     <span class='ocr_line' id='line_1_13' title="bbox 1904 1796 2272 1864; baseline 0.003 -1"><span class='ocrx_word' id='word_1_100' title='bbox 1904 1796 2083 1863; x_wconf 69' lang='lat' dir='ltr'>cm.</span> <span class='ocrx_word' id='word_1_101' title='bbox 2119 1797 2272 1864; x_wconf 78' lang='lat'><strong>257.</strong></span> 
     </span>
    </p>
   </div>
   <div class='ocr_carea' id='block_1_5' title="bbox 595 1933 3601 3250">
    <p class='ocr_par' dir='ltr' id='par_1_6' title="bbox 595 1933 3594 2468">
     <span class='ocr_line' id='line_1_14' title="bbox 770 1933 3590 2028; baseline 0.006 -30"><span class='ocrx_word' id='word_1_102' title='bbox 770 1933 805 2016; x_wconf 59' lang='grc' dir='ltr'>ἃ</span> <span class='ocrx_word' id='word_1_103' title='bbox 853 1936 917 1999; x_wconf 92' lang='grc'>1.</span> <span class='ocrx_word' id='word_1_104' title='bbox 966 1934 1543 2021; x_wconf 87' lang='lat' dir='ltr'>congregationi</span> <span class='ocrx_word' id='word_1_105' title='bbox 1569 1956 1705 2021; x_wconf 89' lang='lat' dir='ltr'>pro</span> <span class='ocrx_word' id='word_1_106' title='bbox 1731 1937 2069 2006; x_wconf 85' lang='lat' dir='ltr'>Ecclesia</span> <span class='ocrx_word' id='word_1_107' title='bbox 2094 1940 2465 2008; x_wconf 86' lang='lat' dir='ltr'>Orientali</span> <span class='ocrx_word' id='word_1_108' title='bbox 2490 1948 2784 2025; x_wconf 86' lang='lat' dir='ltr'>praeest</span> <span class='ocrx_word' id='word_1_109' title='bbox 2806 1944 2965 2028; x_wconf 90' lang='lat' dir='ltr'>ipse</span> <span class='ocrx_word' id='word_1_110' title='bbox 2989 1945 3367 2016; x_wconf 88' lang='lat' dir='ltr'>Romanus</span> <span class='ocrx_word' id='word_1_111' title='bbox 3399 1949 3590 2016; x_wconf 90' lang='lat' dir='ltr'>Pon·</span> 
     </span>
     <span class='ocr_line' id='line_1_15' title="bbox 595 2044 3594 2149; baseline 0.006 -39"><span class='ocrx_word' id='word_1_112' title='bbox 595 2044 805 2112; x_wconf 75' lang='lat' dir='ltr'>tifex.</span> <span class='ocrx_word' id='word_1_113' title='bbox 857 2044 1057 2112; x_wconf 85' lang='lat' dir='ltr'>Huic</span> <span class='ocrx_word' id='word_1_114' title='bbox 1105 2045 1704 2149; x_wconf 70' lang='lat' dir='ltr'>congregationi</span> <span class='ocrx_word' id='word_1_115' title='bbox 1729 2053 2205 2117; x_wconf 84' lang='lat' dir='ltr'>reserva-ntur</span> <span class='ocrx_word' id='word_1_116' title='bbox 2251 2052 2500 2119; x_wconf 89' lang='lat' dir='ltr'>omnia</span> <span class='ocrx_word' id='word_1_117' title='bbox 2549 2054 2906 2139; x_wconf 89' lang='lat' dir='ltr'>cuiusque</span> <span class='ocrx_word' id='word_1_118' title='bbox 2952 2058 3243 2140; x_wconf 84' lang='lat' dir='ltr'>generis</span> <span class='ocrx_word' id='word_1_119' title='bbox 3291 2059 3594 2143; x_wconf 82' lang='lat' dir='ltr'>negotia</span> 
     </span>
     <span class='ocr_line' id='line_1_16' title="bbox 597 2155 3590 2247; baseline 0.004 -25"><span class='ocrx_word' id='word_1_120' title='bbox 597 2173 785 2240; x_wconf 85' lang='lat' dir='ltr'>quae</span> <span class='ocrx_word' id='word_1_121' title='bbox 836 2155 990 2224; x_wconf 83' lang='lat' dir='ltr'>sive</span> <span class='ocrx_word' id='word_1_122' title='bbox 1033 2157 1129 2223; x_wconf 91' lang='lat' dir='ltr'>ad</span> <span class='ocrx_word' id='word_1_123' title='bbox 1183 2175 1562 2242; x_wconf 88' lang='lat' dir='ltr'>personas,</span> <span class='ocrx_word' id='word_1_124' title='bbox 1608 2159 1761 2227; x_wconf 85' lang='lat' dir='ltr'>sive</span> <span class='ocrx_word' id='word_1_125' title='bbox 1813 2160 1910 2228; x_wconf 92' lang='lat' dir='ltr'>ad</span> <span class='ocrx_word' id='word_1_126' title='bbox 1954 2160 2452 2247; x_wconf 87' lang='lat' dir='ltr'>disciplinam,</span> <span class='ocrx_word' id='word_1_127' title='bbox 2500 2164 2651 2230; x_wconf 85' lang='lat' dir='ltr'>sive</span> <span class='ocrx_word' id='word_1_128' title='bbox 2695 2164 2790 2231; x_wconf 91' lang='lat' dir='ltr'>ad</span> <span class='ocrx_word' id='word_1_129' title='bbox 2836 2166 3032 2233; x_wconf 90' lang='lat' dir='ltr'>ritus</span> <span class='ocrx_word' id='word_1_130' title='bbox 3085 2166 3590 2235; x_wconf 86' lang='lat' dir='ltr'>Ecclesiarum</span> 
     </span>
     <span class='ocr_line' id='line_1_17' title="bbox 596 2267 3589 2362; baseline 0.004 -29"><span class='ocrx_word' id='word_1_131' title='bbox 596 2267 1072 2335; x_wconf 91' lang='lat' dir='ltr'>orientalium</span> <span class='ocrx_word' id='word_1_132' title='bbox 1103 2269 1556 2352; x_wconf 75' lang='lat' dir='ltr'>referuntur,</span> <span class='ocrx_word' id='word_1_133' title='bbox 1588 2270 1883 2338; x_wconf 89' lang='lat' dir='ltr'>etiamsi</span> <span class='ocrx_word' id='word_1_134' title='bbox 1915 2272 2070 2340; x_wconf 89' lang='lat' dir='ltr'>sint</span> <span class='ocrx_word' id='word_1_135' title='bbox 2098 2273 2359 2352; x_wconf 85' lang='lat' dir='ltr'>mixta,</span> <span class='ocrx_word' id='word_1_136' title='bbox 2392 2292 2578 2358; x_wconf 89' lang='lat' dir='ltr'>quae</span> <span class='ocrx_word' id='word_1_137' title='bbox 2607 2274 2891 2343; x_wconf 88' lang='lat' dir='ltr'>scilicet</span> <span class='ocrx_word' id='word_1_138' title='bbox 2919 2276 3071 2344; x_wconf 84' lang='lat' dir='ltr'>sive</span> <span class='ocrx_word' id='word_1_139' title='bbox 3108 2277 3216 2344; x_wconf 84' lang='lat' dir='ltr'>rei</span> <span class='ocrx_word' id='word_1_140' title='bbox 3246 2277 3399 2345; x_wconf 84' lang='lat' dir='ltr'>sive</span> <span class='ocrx_word' id='word_1_141' title='bbox 3429 2296 3589 2362; x_wconf 90' lang='lat' dir='ltr'>per·</span> 
     </span>
     <span class='ocr_line' id='line_1_18' title="bbox 597 2380 2431 2468; baseline 0.003 -23"><span class='ocrx_word' id='word_1_142' title='bbox 597 2396 947 2446; x_wconf 91' lang='lat' dir='ltr'>sonarum</span> <span class='ocrx_word' id='word_1_143' title='bbox 988 2381 1277 2448; x_wconf 91' lang='lat' dir='ltr'>ratione</span> <span class='ocrx_word' id='word_1_144' title='bbox 1315 2380 1592 2449; x_wconf 87' lang='lat' dir='ltr'>latinos</span> <span class='ocrx_word' id='word_1_145' title='bbox 1641 2400 1926 2467; x_wconf 90' lang='lat' dir='ltr'>quoque</span> <span class='ocrx_word' id='word_1_146' title='bbox 1964 2384 2348 2468; x_wconf 88' lang='lat' dir='ltr'>attingant</span> <span class='ocrx_word' id='word_1_147' title='bbox 2380 2382 2431 2451; x_wconf 85' lang='lat'>².</span> 
     </span>
    </p>

    <p class='ocr_par' dir='ltr' id='par_1_7' title="bbox 597 2489 3597 2892">
     <span class='ocr_line' id='line_1_19' title="bbox 776 2489 3597 2580; baseline 0.004 -25"><span class='ocrx_word' id='word_1_148' title='bbox 776 2489 811 2572; x_wconf 66' lang='grc' dir='ltr'><strong>ξ</strong></span> <span class='ocrx_word' id='word_1_149' title='bbox 856 2490 923 2556; x_wconf 97' lang='grc'>2.</span> <span class='ocrx_word' id='word_1_150' title='bbox 973 2489 1220 2570; x_wconf 85' lang='lat' dir='ltr'>Quare</span> <span class='ocrx_word' id='word_1_151' title='bbox 1259 2509 1395 2575; x_wconf 87' lang='lat' dir='ltr'>pro</span> <span class='ocrx_word' id='word_1_152' title='bbox 1443 2491 1798 2560; x_wconf 82' lang='lat' dir='ltr'>Ecclesiis</span> <span class='ocrx_word' id='word_1_153' title='bbox 1836 2493 2031 2562; x_wconf 90' lang='lat' dir='ltr'>ritus</span> <span class='ocrx_word' id='word_1_154' title='bbox 2070 2494 2458 2562; x_wconf 89' lang='lat' dir='ltr'>orientalis</span> <span class='ocrx_word' id='word_1_155' title='bbox 2496 2494 2674 2563; x_wconf 88' lang='lat' dir='ltr'>haec</span> <span class='ocrx_word' id='word_1_156' title='bbox 2714 2495 3211 2580; x_wconf 82' lang='lat' dir='ltr'>congrega-tio</span> <span class='ocrx_word' id='word_1_157' title='bbox 3251 2498 3597 2565; x_wconf 88' lang='lat' dir='ltr'>omnibus</span> 
     </span>
     <span class='ocr_line' id='line_1_20' title="bbox 597 2602 3595 2690; baseline 0.001 -23"><span class='ocrx_word' id='word_1_158' title='bbox 597 2602 1088 2669; x_wconf 74' lang='lat' dir='ltr'>facultatibus</span> <span class='ocrx_word' id='word_1_159' title='bbox 1120 2603 1433 2687; x_wconf 89' lang='lat' dir='ltr'>potitur,</span> <span class='ocrx_word' id='word_1_160' title='bbox 1469 2621 1654 2689; x_wconf 87' lang='lat' dir='ltr'>quas</span> <span class='ocrx_word' id='word_1_161' title='bbox 1684 2603 1880 2673; x_wconf 83' lang='lat' dir='ltr'>aliae</span> <span class='ocrx_word' id='word_1_162' title='bbox 1918 2605 2542 2689; x_wconf 88' lang='lat' dir='ltr'>congregationes</span> <span class='ocrx_word' id='word_1_163' title='bbox 2576 2624 2715 2690; x_wconf 89' lang='lat' dir='ltr'>pro</span> <span class='ocrx_word' id='word_1_164' title='bbox 2754 2606 3105 2674; x_wconf 86' lang='lat' dir='ltr'>Ecclesiis</span> <span class='ocrx_word' id='word_1_165' title='bbox 3138 2609 3330 2672; x_wconf 91' lang='lat' dir='ltr'>ritus</span> <span class='ocrx_word' id='word_1_166' title='bbox 3370 2603 3595 2671; x_wconf 90' lang='lat' dir='ltr'>latini</span> 
     </span>
     <span class='ocr_line' id='line_1_21' title="bbox 599 2712 3594 2801; baseline 0.001 -22"><span class='ocrx_word' id='word_1_167' title='bbox 599 2712 961 2796; x_wconf 88' lang='lat' dir='ltr'>obtinent,</span> <span class='ocrx_word' id='word_1_168' title='bbox 1028 2713 1382 2781; x_wconf 84' lang='lat' dir='ltr'>incolumi</span> <span class='ocrx_word' id='word_1_169' title='bbox 1441 2719 1688 2784; x_wconf 88' lang='lat' dir='ltr'>tamen</span> <span class='ocrx_word' id='word_1_170' title='bbox 1756 2716 1919 2783; x_wconf 90' lang='lat' dir='ltr'>iure</span> <span class='ocrx_word' id='word_1_171' title='bbox 1983 2716 2597 2801; x_wconf 87' lang='lat' dir='ltr'>congregationis</span> <span class='ocrx_word' id='word_1_172' title='bbox 2663 2716 2740 2785; x_wconf 80' lang='lat' dir='ltr'>S.</span> <span class='ocrx_word' id='word_1_173' title='bbox 2789 2716 3026 2784; x_wconf 81' lang='lat' dir='ltr'>Officii</span> <span class='ocrx_word' id='word_1_174' title='bbox 3087 2714 3181 2781; x_wconf 92' lang='lat' dir='ltr'>ad</span> <span class='ocrx_word' id='word_1_175' title='bbox 3257 2732 3594 2781; x_wconf 86' lang='lat' dir='ltr'>normam</span> 
     </span>
     <span class='ocr_line' id='line_1_22' title="bbox 597 2823 968 2892; baseline 0.003 -1"><span class='ocrx_word' id='word_1_176' title='bbox 597 2842 763 2891; x_wconf 87' lang='lat' dir='ltr'>can.</span> <span class='ocrx_word' id='word_1_177' title='bbox 812 2823 968 2892; x_wconf 85' lang='grc'><strong>247.</strong></span> 
     </span>
    </p>

    <p class='ocr_par' dir='ltr' id='par_1_8' title="bbox 599 2938 3601 3250">
     <span class='ocr_line' id='line_1_23' title="bbox 777 2938 3601 3026; baseline -0.001 -18"><span class='ocrx_word' id='word_1_178' title='bbox 777 2940 812 3023; x_wconf 80' lang='lat'><strong>§</strong></span> <span class='ocrx_word' id='word_1_179' title='bbox 856 2941 924 3008; x_wconf 89' lang='lat'>3.</span> <span class='ocrx_word' id='word_1_180' title='bbox 976 2941 1181 3009; x_wconf 81' lang='lat' dir='ltr'>Haec</span> <span class='ocrx_word' id='word_1_181' title='bbox 1230 2942 1723 3026; x_wconf 86' lang='lat' dir='ltr'>congregatio</span> <span class='ocrx_word' id='word_1_182' title='bbox 1768 2943 2310 3009; x_wconf 86' lang='lat' dir='ltr'>controversias</span> <span class='ocrx_word' id='word_1_183' title='bbox 2367 2940 2655 3007; x_wconf 89' lang='lat' dir='ltr'>dirimit</span> <span class='ocrx_word' id='word_1_184' title='bbox 2702 2940 2823 3006; x_wconf 84' lang='lat' dir='ltr'>via</span> <span class='ocrx_word' id='word_1_185' title='bbox 2869 2938 3357 3022; x_wconf 59' lang='lat' dir='ltr'>disciplinam</span> <span class='ocrx_word' id='word_1_186' title='bbox 3410 2956 3601 3023; x_wconf 89' lang='lat' dir='ltr'>quas</span> 
     </span>
     <span class='ocr_line' id='line_1_24' title="bbox 599 3048 3599 3133; baseline -0.001 -14"><span class='ocrx_word' id='word_1_187' title='bbox 599 3071 774 3119; x_wconf 81' lang='lat' dir='ltr'>vero</span> <span class='ocrx_word' id='word_1_188' title='bbox 810 3053 1070 3121; x_wconf 89' lang='lat' dir='ltr'>ordine</span> <span class='ocrx_word' id='word_1_189' title='bbox 1103 3052 1498 3121; x_wconf 88' lang='lat' dir='ltr'>iudiciario</span> <span class='ocrx_word' id='word_1_190' title='bbox 1530 3053 1985 3122; x_wconf 87' lang='lat' dir='ltr'>dirimendas</span> <span class='ocrx_word' id='word_1_191' title='bbox 2019 3051 2484 3132; x_wconf 85' lang='lat' dir='ltr'>iudicaverit,</span> <span class='ocrx_word' id='word_1_192' title='bbox 2521 3051 2615 3118; x_wconf 90' lang='lat' dir='ltr'>ad</span> <span class='ocrx_word' id='word_1_193' title='bbox 2663 3050 2994 3118; x_wconf 85' lang='lat' dir='ltr'>tribunal</span> <span class='ocrx_word' id='word_1_194' title='bbox 3033 3048 3363 3117; x_wconf 88' lang='lat' dir='ltr'>remittet</span> <span class='ocrx_word' id='word_1_195' title='bbox 3400 3048 3599 3133; x_wconf 90' lang='lat' dir='ltr'>quod</span> 
     </span>
     <span class='ocr_line' id='line_1_25' title="bbox 602 3162 1897 3250; baseline 0.001 -21"><span class='ocrx_word' id='word_1_196' title='bbox 602 3163 769 3247; x_wconf 90' lang='lat' dir='ltr'>ipsa</span> <span class='ocrx_word' id='word_1_197' title='bbox 800 3162 1295 3248; x_wconf 86' lang='lat' dir='ltr'>congrega-tio</span> <span class='ocrx_word' id='word_1_198' title='bbox 1328 3163 1827 3250; x_wconf 84' lang='lat' dir='ltr'>designa-verit</span> <span class='ocrx_word' id='word_1_199' title='bbox 1851 3171 1897 3229; x_wconf 79' lang='lat'>⁸.</span> 
     </span>
    </p>
   </div>
   <div class='ocr_carea' id='block_1_6' title="bbox 1222 3442 3009 3537">
    <p class='ocr_par' dir='ltr' id='par_1_9' title="bbox 1222 3442 3009 3537">
     <span class='ocr_line' id='line_1_26' title="bbox 1222 3442 3009 3537; baseline -0.001 -30"><span class='ocrx_word' id='word_1_200' title='bbox 1222 3444 1391 3537; x_wconf 56' lang='lat' dir='ltr'>Ama</span> <span class='ocrx_word' id='word_1_201' title='bbox 1441 3444 1519 3508; x_wconf 91' lang='lat'>11.</span> <span class='ocrx_word' id='word_1_202' title='bbox 1562 3479 1641 3488; x_wconf 94' lang='lat'>—</span> <span class='ocrx_word' id='word_1_203' title='bbox 1684 3446 1780 3508; x_wconf 79' lang='lat' dir='ltr'>De</span> <span class='ocrx_word' id='word_1_204' title='bbox 1835 3443 2312 3508; x_wconf 56' lang='lat' dir='ltr'>Tamalibm</span> <span class='ocrx_word' id='word_1_205' title='bbox 2357 3442 2604 3506; x_wconf 74' lang='lat' dir='ltr'>Curiae</span> <span class='ocrx_word' id='word_1_206' title='bbox 2645 3444 3009 3506; x_wconf 74' lang='lat' dir='ltr'>Romanae.</span> 
     </span>
    </p>
   </div>
   <div class='ocr_carea' id='block_1_7' title="bbox 1903 3613 2280 3681">
    <p class='ocr_par' dir='ltr' id='par_1_10' title="bbox 1903 3613 2280 3681">
     <span class='ocr_line' id='line_1_27' title="bbox 1903 3613 2280 3681; baseline -0.003 0"><span class='ocrx_word' id='word_1_207' title='bbox 1903 3613 2081 3681; x_wconf 69' lang='lat' dir='ltr'>cm.</span> <span class='ocrx_word' id='word_1_208' title='bbox 2126 3614 2280 3681; x_wconf 85' lang='lat'><strong>258.</strong></span> 
     </span>
    </p>
   </div>
   <div class='ocr_carea' id='block_1_8' title="bbox 603 3752 3608 4619">
    <p class='ocr_par' dir='ltr' id='par_1_11' title="bbox 603 3752 3608 4399">
     <span class='ocr_line' id='line_1_28' title="bbox 782 3752 3603 3839; baseline -0.001 -18"><span class='ocrx_word' id='word_1_209' title='bbox 782 3758 815 3837; x_wconf 65' lang='lat' dir='ltr'>g</span> <span class='ocrx_word' id='word_1_210' title='bbox 863 3758 928 3821; x_wconf 90' lang='lat'>1.</span> <span class='ocrx_word' id='word_1_211' title='bbox 981 3754 1253 3823; x_wconf 82' lang='lat' dir='ltr'>Sacrae</span> <span class='ocrx_word' id='word_1_212' title='bbox 1315 3753 1945 3822; x_wconf 78' lang='lat' dir='ltr'>Poenitentiariae</span> <span class='ocrx_word' id='word_1_213' title='bbox 2001 3752 2431 3839; x_wconf 88' lang='lat' dir='ltr'>praeficitur</span> <span class='ocrx_word' id='word_1_214' title='bbox 2484 3753 2908 3821; x_wconf 88' lang='lat' dir='ltr'>cardinalis</span> <span class='ocrx_word' id='word_1_215' title='bbox 2965 3753 3603 3820; x_wconf 86' lang='lat' dir='ltr'>Poenitentiarius</span> 
     </span>
     <span class='ocr_line' id='line_1_29' title="bbox 610 3863 3597 3948; baseline 0 -17"><span class='ocrx_word' id='word_1_216' title='bbox 610 3866 872 3933; x_wconf 86' lang='lat' dir='ltr'>Maior.</span> <span class='ocrx_word' id='word_1_217' title='bbox 916 3867 1165 3933; x_wconf 89' lang='lat' dir='ltr'>Huius</span> <span class='ocrx_word' id='word_1_218' title='bbox 1203 3865 1604 3933; x_wconf 86' lang='lat' dir='ltr'>tribunalis</span> <span class='ocrx_word' id='word_1_219' title='bbox 1652 3866 2075 3933; x_wconf 89' lang='lat' dir='ltr'>iurisdictio</span> <span class='ocrx_word' id='word_1_220' title='bbox 2114 3870 2542 3933; x_wconf 87' lang='lat' dir='ltr'>coarctatur</span> <span class='ocrx_word' id='word_1_221' title='bbox 2581 3863 2678 3931; x_wconf 90' lang='lat' dir='ltr'>ad</span> <span class='ocrx_word' id='word_1_222' title='bbox 2727 3882 2816 3930; x_wconf 91' lang='lat' dir='ltr'>ea</span> <span class='ocrx_word' id='word_1_223' title='bbox 2855 3880 3042 3948; x_wconf 85' lang='lat' dir='ltr'>quae</span> <span class='ocrx_word' id='word_1_224' title='bbox 3079 3864 3323 3930; x_wconf 81' lang='lat' dir='ltr'>forum</span> <span class='ocrx_word' id='word_1_225' title='bbox 3367 3864 3597 3932; x_wconf 88' lang='lat' dir='ltr'>inter·</span> 
     </span>
     <span class='ocr_line' id='line_1_30' title="bbox 607 3974 3606 4061; baseline 0 -19"><span class='ocrx_word' id='word_1_226' title='bbox 607 3995 809 4060; x_wconf 89' lang='lat' dir='ltr'>num,</span> <span class='ocrx_word' id='word_1_227' title='bbox 858 3978 1084 4045; x_wconf 90' lang='lat' dir='ltr'>etiam</span> <span class='ocrx_word' id='word_1_228' title='bbox 1129 3996 1275 4044; x_wconf 92' lang='lat' dir='ltr'>non</span> <span class='ocrx_word' id='word_1_229' title='bbox 1329 3978 1890 4059; x_wconf 87' lang='lat' dir='ltr'>sacramentale,</span> <span class='ocrx_word' id='word_1_230' title='bbox 1939 3976 2367 4061; x_wconf 82' lang='lat' dir='ltr'>respiciunt3</span> <span class='ocrx_word' id='word_1_231' title='bbox 2414 3994 2640 4061; x_wconf 91' lang='lat' dir='ltr'>quare</span> <span class='ocrx_word' id='word_1_232' title='bbox 2686 3975 2821 4041; x_wconf 91' lang='lat' dir='ltr'>hoc</span> <span class='ocrx_word' id='word_1_233' title='bbox 2877 3974 3210 4041; x_wconf 90' lang='lat' dir='ltr'>tribunal</span> <span class='ocrx_word' id='word_1_234' title='bbox 3255 3992 3391 4057; x_wconf 90' lang='lat' dir='ltr'>pro</span> <span class='ocrx_word' id='word_1_235' title='bbox 3435 3975 3606 4042; x_wconf 89' lang='lat' dir='ltr'>solo</span> 
     </span>
     <span class='ocr_line' id='line_1_31' title="bbox 603 4086 3600 4173; baseline -0.001 -18"><span class='ocrx_word' id='word_1_236' title='bbox 603 4090 771 4156; x_wconf 74' lang='lat' dir='ltr'>foro</span> <span class='ocrx_word' id='word_1_237' title='bbox 806 4089 1104 4156; x_wconf 86' lang='lat' dir='ltr'>interno</span> <span class='ocrx_word' id='word_1_238' title='bbox 1146 4088 1430 4172; x_wconf 82' lang='lat' dir='ltr'>gratias</span> <span class='ocrx_word' id='word_1_239' title='bbox 1467 4089 1813 4173; x_wconf 83' lang='lat' dir='ltr'>largitur,</span> <span class='ocrx_word' id='word_1_240' title='bbox 1857 4089 2381 4168; x_wconf 86' lang='lat' dir='ltr'>absolutiones,</span> <span class='ocrx_word' id='word_1_241' title='bbox 2433 4088 3046 4171; x_wconf 86' lang='lat' dir='ltr'>dispensationes,</span> <span class='ocrx_word' id='word_1_242' title='bbox 3085 4086 3600 4153; x_wconf 89' lang='lat' dir='ltr'>commutatio-</span> 
     </span>
     <span class='ocr_line' id='line_1_32' title="bbox 608 4194 3608 4284; baseline -0 -18"><span class='ocrx_word' id='word_1_243' title='bbox 608 4219 760 4282; x_wconf 90' lang='lat' dir='ltr'>nes,</span> <span class='ocrx_word' id='word_1_244' title='bbox 789 4199 1239 4280; x_wconf 84' lang='lat' dir='ltr'>sanationes,</span> <span class='ocrx_word' id='word_1_245' title='bbox 1266 4200 1861 4284; x_wconf 84' lang='lat' dir='ltr'>condonationes3</span> <span class='ocrx_word' id='word_1_246' title='bbox 1889 4200 2171 4267; x_wconf 81' lang='lat' dir='ltr'>excutit</span> <span class='ocrx_word' id='word_1_247' title='bbox 2203 4201 2585 4283; x_wconf 90' lang='lat' dir='ltr'>praeterea</span> <span class='ocrx_word' id='word_1_248' title='bbox 2614 4198 3079 4281; x_wconf 86' lang='lat' dir='ltr'>quaestiones</span> <span class='ocrx_word' id='word_1_249' title='bbox 3103 4194 3608 4265; x_wconf 80' lang='lat' dir='ltr'>conscientiae</span> 
     </span>
     <span class='ocr_line' id='line_1_33' title="bbox 606 4310 2670 4399; baseline -0.004 -21"><span class='ocrx_word' id='word_1_250' title='bbox 606 4330 872 4397; x_wconf 87' lang='lat' dir='ltr'>easque</span> <span class='ocrx_word' id='word_1_251' title='bbox 909 4310 1198 4377; x_wconf 91' lang='lat' dir='ltr'>dirimit</span> <span class='ocrx_word' id='word_1_252' title='bbox 1239 4312 1287 4375; x_wconf 78' lang='lat'>⁴.</span> <span class='ocrx_word' id='word_1_253' title='bbox 2667 4394 2670 4399; x_wconf 16' lang='grc' dir='ltr'>ι</span> 
     </span>
    </p>

    <p class='ocr_par' dir='ltr' id='par_1_12' title="bbox 609 4419 3606 4619">
     <span class='ocr_line' id='line_1_34' title="bbox 785 4419 3605 4509; baseline -0.001 -18"><span class='ocrx_word' id='word_1_254' title='bbox 785 4427 818 4509; x_wconf 69' lang='grc' dir='ltr'><strong>ξ</strong></span> <span class='ocrx_word' id='word_1_255' title='bbox 865 4426 931 4491; x_wconf 88' lang='grc'>2.</span> <span class='ocrx_word' id='word_1_256' title='bbox 982 4424 1332 4493; x_wconf 88' lang='lat' dir='ltr'>Eiusdem</span> <span class='ocrx_word' id='word_1_257' title='bbox 1374 4425 1679 4508; x_wconf 85' lang='lat' dir='ltr'>insuper</span> <span class='ocrx_word' id='word_1_258' title='bbox 1716 4430 1830 4491; x_wconf 90' lang='lat' dir='ltr'>est</span> <span class='ocrx_word' id='word_1_259' title='bbox 1869 4424 1961 4491; x_wconf 90' lang='lat' dir='ltr'>de</span> <span class='ocrx_word' id='word_1_260' title='bbox 2009 4424 2103 4490; x_wconf 89' lang='lat' dir='ltr'>iis</span> <span class='ocrx_word' id='word_1_261' title='bbox 2142 4422 2479 4488; x_wconf 88' lang='lat' dir='ltr'>omnibus</span> <span class='ocrx_word' id='word_1_262' title='bbox 2517 4421 2849 4489; x_wconf 88' lang='lat' dir='ltr'>iudicare</span> <span class='ocrx_word' id='word_1_263' title='bbox 2890 4438 3077 4505; x_wconf 88' lang='lat' dir='ltr'>quae</span> <span class='ocrx_word' id='word_1_264' title='bbox 3118 4422 3463 4502; x_wconf 86' lang='lat' dir='ltr'>spectant</span> <span class='ocrx_word' id='word_1_265' title='bbox 3505 4419 3605 4487; x_wconf 86' lang='lat' dir='ltr'>ad</span> 
     </span>
     <span class='ocr_line' id='line_1_35' title="bbox 609 4527 3606 4619; baseline -0.003 -13"><span class='ocrx_word' id='word_1_266' title='bbox 609 4558 821 4607; x_wconf 92' lang='lat' dir='ltr'>usum</span> <span class='ocrx_word' id='word_1_267' title='bbox 865 4543 941 4606; x_wconf 90' lang='lat' dir='ltr'>et</span> <span class='ocrx_word' id='word_1_268' title='bbox 992 4538 1533 4605; x_wconf 90' lang='lat' dir='ltr'>concessionem</span> <span class='ocrx_word' id='word_1_269' title='bbox 1575 4532 2232 4619; x_wconf 87' lang='lat' dir='ltr'>indulgentiarum,</span> <span class='ocrx_word' id='word_1_270' title='bbox 2280 4533 2485 4599; x_wconf 81' lang='lat' dir='ltr'>salvo</span> <span class='ocrx_word' id='word_1_271' title='bbox 2529 4533 2691 4600; x_wconf 90' lang='lat' dir='ltr'>iure</span> <span class='ocrx_word' id='word_1_272' title='bbox 2748 4532 2824 4599; x_wconf 84' lang='lat' dir='ltr'>S.</span> <span class='ocrx_word' id='word_1_273' title='bbox 2874 4530 3113 4597; x_wconf 84' lang='lat' dir='ltr'>Officii</span> <span class='ocrx_word' id='word_1_274' title='bbox 3167 4527 3467 4595; x_wconf 81' lang='lat' dir='ltr'>videndi</span> <span class='ocrx_word' id='word_1_275' title='bbox 3514 4546 3606 4596; x_wconf 85' lang='lat' dir='ltr'>ea</span> 
     </span>
    </p>
   </div>
   <div class='ocr_carea' id='block_1_9' title="bbox 596 4775 3600 5719">
    <p class='ocr_par' dir='ltr' id='par_1_13' title="bbox 608 4775 3600 5112">
     <span class='ocr_line' id='line_1_36' title="bbox 777 4775 3598 4846; baseline -0.003 -10"><span class='ocrx_word' id='word_1_276' title='bbox 777 4785 797 4820; x_wconf 81' lang='lat'>1</span> <span class='ocrx_word' id='word_1_277' title='bbox 836 4785 979 4836; x_wconf 82' lang='lat' dir='ltr'>Plus</span> <span class='ocrx_word' id='word_1_278' title='bbox 1016 4786 1082 4846; x_wconf 83' lang='grc' dir='ltr'>Χ,</span> <span class='ocrx_word' id='word_1_279' title='bbox 1114 4788 1299 4836; x_wconf 86' lang='lat' dir='ltr'>const.</span> <span class='ocrx_word' id='word_1_280' title='bbox 1335 4800 1365 4834; x_wconf 70' lang='grc' dir='ltr'>ι</span> <span class='ocrx_word' id='word_1_281' title='bbox 1396 4782 1664 4843; x_wconf 66' lang='lat' dir='ltr'>sapienti</span> <span class='ocrx_word' id='word_1_282' title='bbox 1701 4778 1944 4833; x_wconf 71' lang='lat' dir='ltr'>consilio</span> <span class='ocrx_word' id='word_1_283' title='bbox 1976 4795 2024 4838; x_wconf 68' lang='grc' dir='ltr'>ι,</span> <span class='ocrx_word' id='word_1_284' title='bbox 2065 4779 2132 4831; x_wconf 85' lang='grc'>29</span> <span class='ocrx_word' id='word_1_285' title='bbox 2168 4780 2284 4829; x_wconf 86' lang='lat' dir='ltr'>Iun.</span> <span class='ocrx_word' id='word_1_286' title='bbox 2327 4778 2475 4841; x_wconf 83' lang='lat'>1908,</span> <span class='ocrx_word' id='word_1_287' title='bbox 2512 4779 2538 4840; x_wconf 64' lang='lat'>3</span> <span class='ocrx_word' id='word_1_288' title='bbox 2576 4780 2624 4841; x_wconf 84' lang='lat'>1,</span> <span class='ocrx_word' id='word_1_289' title='bbox 2656 4791 2715 4829; x_wconf 88' lang='lat' dir='ltr'>n.</span> <span class='ocrx_word' id='word_1_290' title='bbox 2748 4778 2854 4837; x_wconf 76' lang='lat'><strong>110:</strong></span> <span class='ocrx_word' id='word_1_291' title='bbox 2890 4775 3244 4827; x_wconf 79' lang='lat' dir='ltr'>Benedictus</span> <span class='ocrx_word' id='word_1_292' title='bbox 3276 4775 3396 4835; x_wconf 80' lang='lat' dir='ltr'>XV,</span> <span class='ocrx_word' id='word_1_293' title='bbox 3430 4780 3598 4828; x_wconf 86' lang='lat' dir='ltr'>motu</span> 
     </span>
     <span class='ocr_line' id='line_1_37' title="bbox 610 4862 3600 4934; baseline -0.002 -12"><span class='ocrx_word' id='word_1_294' title='bbox 610 4877 802 4934; x_wconf 83' lang='lat' dir='ltr'>propr.</span> <span class='ocrx_word' id='word_1_295' title='bbox 832 4890 863 4925; x_wconf 74' lang='grc' dir='ltr'>α</span> <span class='ocrx_word' id='word_1_296' title='bbox 895 4875 1226 4925; x_wconf 66' lang='lat' dir='ltr'>seminaria</span> <span class='ocrx_word' id='word_1_297' title='bbox 1254 4888 1303 4933; x_wconf 65' lang='lat' dir='ltr'>n,</span> <span class='ocrx_word' id='word_1_298' title='bbox 1329 4874 1362 4923; x_wconf 79' lang='lat'>4</span> <span class='ocrx_word' id='word_1_299' title='bbox 1391 4885 1523 4925; x_wconf 82' lang='lat' dir='ltr'>nov.</span> <span class='ocrx_word' id='word_1_300' title='bbox 1551 4871 1697 4931; x_wconf 77' lang='lat'>1915,</span> <span class='ocrx_word' id='word_1_301' title='bbox 1726 4883 1784 4922; x_wconf 89' lang='lat' dir='ltr'>n.</span> <span class='ocrx_word' id='word_1_302' title='bbox 1814 4870 1864 4931; x_wconf 85' lang='lat'>1,</span> <span class='ocrx_word' id='word_1_303' title='bbox 1896 4868 1978 4929; x_wconf 87' lang='lat'>11,</span> <span class='ocrx_word' id='word_1_304' title='bbox 2009 4869 2112 4929; x_wconf 76' lang='lat' dir='ltr'>VI:</span> <span class='ocrx_word' id='word_1_305' title='bbox 2136 4868 2294 4921; x_wconf 87' lang='lat' dir='ltr'>Ordo</span> <span class='ocrx_word' id='word_1_306' title='bbox 2318 4868 2644 4920; x_wconf 83' lang='lat' dir='ltr'>servandus</span> <span class='ocrx_word' id='word_1_307' title='bbox 2677 4866 2740 4916; x_wconf 80' lang='lat' dir='ltr'>ln</span> <span class='ocrx_word' id='word_1_308' title='bbox 2767 4865 2825 4917; x_wconf 79' lang='lat' dir='ltr'>S.</span> <span class='ocrx_word' id='word_1_309' title='bbox 2855 4862 3440 4925; x_wconf 76' lang='lat' dir='ltr'>congregationlbus.</span> <span class='ocrx_word' id='word_1_310' title='bbox 3468 4865 3600 4915; x_wconf 77' lang='lat' dir='ltr'>Tri-</span> 
     </span>
     <span class='ocr_line' id='line_1_38' title="bbox 608 4953 3596 5024; baseline -0.003 -12"><span class='ocrx_word' id='word_1_311' title='bbox 608 4963 941 5024; x_wconf 85' lang='lat' dir='ltr'>bunallbus,</span> <span class='ocrx_word' id='word_1_312' title='bbox 974 4963 1191 5017; x_wconf 82' lang='lat' dir='ltr'>Officiis</span> <span class='ocrx_word' id='word_1_313' title='bbox 1223 4961 1524 5013; x_wconf 82' lang='lat' dir='ltr'>Romanae</span> <span class='ocrx_word' id='word_1_314' title='bbox 1552 4958 1787 5020; x_wconf 76' lang='lat' dir='ltr'>curiae,</span> <span class='ocrx_word' id='word_1_315' title='bbox 1830 4958 1896 5010; x_wconf 79' lang='lat'>29</span> <span class='ocrx_word' id='word_1_316' title='bbox 1935 4961 2082 5018; x_wconf 82' lang='lat' dir='ltr'>sept.</span> <span class='ocrx_word' id='word_1_317' title='bbox 2118 4957 2263 5019; x_wconf 84' lang='grc'><strong>1908,</strong></span> <span class='ocrx_word' id='word_1_318' title='bbox 2309 4958 2458 5010; x_wconf 85' lang='lat' dir='ltr'>Pars</span> <span class='ocrx_word' id='word_1_319' title='bbox 2493 4956 2576 5017; x_wconf 88' lang='lat'>11,</span> <span class='ocrx_word' id='word_1_320' title='bbox 2621 4954 2872 5005; x_wconf 87' lang='lat' dir='ltr'>Normae</span> <span class='ocrx_word' id='word_1_321' title='bbox 2908 4953 3252 5013; x_wconf 76' lang='lat' dir='ltr'>peculiares,</span> <span class='ocrx_word' id='word_1_322' title='bbox 3290 4964 3419 5013; x_wconf 84' lang='lat' dir='ltr'>cap.</span> <span class='ocrx_word' id='word_1_323' title='bbox 3457 4954 3596 5013; x_wconf 83' lang='lat' dir='ltr'>vn,</span> 
     </span>
     <span class='ocr_line' id='line_1_39' title="bbox 611 5051 1062 5112; baseline 0.002 -11"><span class='ocrx_word' id='word_1_324' title='bbox 611 5055 725 5102; x_wconf 89' lang='lat' dir='ltr'>art.</span> <span class='ocrx_word' id='word_1_325' title='bbox 764 5052 862 5112; x_wconf 85' lang='lat' dir='ltr'>XI,</span> <span class='ocrx_word' id='word_1_326' title='bbox 896 5064 954 5102; x_wconf 90' lang='lat' dir='ltr'>n.</span> <span class='ocrx_word' id='word_1_327' title='bbox 988 5051 1062 5103; x_wconf 76' lang='lat'>2⁰.</span> 
     </span>
    </p>

    <p class='ocr_par' dir='ltr' id='par_1_14' title="bbox 597 5131 3587 5451">
     <span class='ocr_line' id='line_1_40' title="bbox 770 5131 3587 5199; baseline -0.004 -11"><span class='ocrx_word' id='word_1_328' title='bbox 770 5143 797 5179; x_wconf 81' lang='lat'>2</span> <span class='ocrx_word' id='word_1_329' title='bbox 838 5141 976 5188; x_wconf 77' lang='lat' dir='ltr'>Plus</span> <span class='ocrx_word' id='word_1_330' title='bbox 1026 5139 1120 5199; x_wconf 83' lang='lat' dir='ltr'>IX,</span> <span class='ocrx_word' id='word_1_331' title='bbox 1165 5138 1344 5188; x_wconf 75' lang='lat' dir='ltr'>const.</span> <span class='ocrx_word' id='word_1_332' title='bbox 1389 5136 1693 5189; x_wconf 76' lang='lat' dir='ltr'>&lt;Romani</span> <span class='ocrx_word' id='word_1_333' title='bbox 1736 5135 2048 5192; x_wconf 70' lang='lat' dir='ltr'>Pontifices</span> <span class='ocrx_word' id='word_1_334' title='bbox 2070 5155 2117 5189; x_wconf 78' lang='lat'>›.</span> <span class='ocrx_word' id='word_1_335' title='bbox 2164 5135 2192 5184; x_wconf 87' lang='grc'>6</span> <span class='ocrx_word' id='word_1_336' title='bbox 2240 5136 2354 5184; x_wconf 80' lang='lat' dir='ltr'>lan.</span> <span class='ocrx_word' id='word_1_337' title='bbox 2402 5133 2562 5188; x_wconf 78' lang='lat'>1862:</span> <span class='ocrx_word' id='word_1_338' title='bbox 2621 5132 2973 5182; x_wconf 78' lang='lat' dir='ltr'>Benedictus</span> <span class='ocrx_word' id='word_1_339' title='bbox 3017 5131 3138 5187; x_wconf 82' lang='lat' dir='ltr'>XV,</span> <span class='ocrx_word' id='word_1_340' title='bbox 3183 5133 3344 5178; x_wconf 89' lang='lat' dir='ltr'>motu</span> <span class='ocrx_word' id='word_1_341' title='bbox 3391 5142 3587 5188; x_wconf 85' lang='lat' dir='ltr'>propr.</span> 
     </span>
     <span class='ocr_line' id='line_1_41' title="bbox 597 5222 1964 5282; baseline -0.004 -5"><span class='ocrx_word' id='word_1_342' title='bbox 597 5230 756 5282; x_wconf 71' lang='lat' dir='ltr'>«Dei</span> <span class='ocrx_word' id='word_1_343' title='bbox 799 5228 1170 5276; x_wconf 76' lang='lat' dir='ltr'>Providentw</span> <span class='ocrx_word' id='word_1_344' title='bbox 1191 5243 1239 5277; x_wconf 78' lang='lat'>›.</span> <span class='ocrx_word' id='word_1_345' title='bbox 1283 5225 1307 5271; x_wconf 89' lang='lat' dir='ltr'>l</span> <span class='ocrx_word' id='word_1_346' title='bbox 1355 5223 1495 5272; x_wconf 83' lang='lat' dir='ltr'>mali</span> <span class='ocrx_word' id='word_1_347' title='bbox 1543 5224 1693 5277; x_wconf 84' lang='grc'><strong>1917.</strong></span> <span class='ocrx_word' id='word_1_348' title='bbox 1740 5222 1813 5275; x_wconf 88' lang='grc' dir='ltr'>ΙΙ.</span> <span class='ocrx_word' id='word_1_349' title='bbox 1858 5222 1964 5271; x_wconf 91' lang='lat'>111.</span> 
     </span>
     <span class='ocr_line' id='line_1_42' title="bbox 608 5289 3586 5370; baseline -0.002 -8"><span class='ocrx_word' id='word_1_350' title='bbox 608 5289 613 5294; x_wconf 31' lang='lat'>³</span> <span class='ocrx_word' id='word_1_351' title='bbox 768 5316 806 5352; x_wconf 79' lang='grc'>3·</span> <span class='ocrx_word' id='word_1_352' title='bbox 836 5311 1186 5361; x_wconf 81' lang='lat' dir='ltr'>Benedictus</span> <span class='ocrx_word' id='word_1_353' title='bbox 1216 5309 1336 5370; x_wconf 83' lang='lat' dir='ltr'>XV,</span> <span class='ocrx_word' id='word_1_354' title='bbox 1368 5312 1529 5358; x_wconf 83' lang='lat' dir='ltr'>motu</span> <span class='ocrx_word' id='word_1_355' title='bbox 1560 5321 1752 5368; x_wconf 87' lang='lat' dir='ltr'>propr.</span> <span class='ocrx_word' id='word_1_356' title='bbox 1787 5329 1816 5362; x_wconf 67' lang='grc' dir='ltr'><em>ς</em></span> <span class='ocrx_word' id='word_1_357' title='bbox 1839 5310 1946 5358; x_wconf 73' lang='lat' dir='ltr'>Dei</span> <span class='ocrx_word' id='word_1_358' title='bbox 1982 5308 2356 5358; x_wconf 72' lang='lat' dir='ltr'>Providentia</span> <span class='ocrx_word' id='word_1_359' title='bbox 2381 5327 2426 5361; x_wconf 74' lang='lat'>».</span> <span class='ocrx_word' id='word_1_360' title='bbox 2463 5310 2486 5357; x_wconf 93' lang='lat'>1</span> <span class='ocrx_word' id='word_1_361' title='bbox 2523 5307 2665 5355; x_wconf 80' lang='lat' dir='ltr'>mali</span> <span class='ocrx_word' id='word_1_362' title='bbox 2703 5308 2854 5363; x_wconf 81' lang='lat'><strong>1917.</strong></span> <span class='ocrx_word' id='word_1_363' title='bbox 2889 5305 2982 5361; x_wconf 86' lang='lat' dir='ltr'>IV.</span> <span class='ocrx_word' id='word_1_364' title='bbox 3017 5306 3087 5362; x_wconf 84' lang='lat' dir='ltr'>V:</span> <span class='ocrx_word' id='word_1_365' title='bbox 3129 5304 3185 5354; x_wconf 88' lang='lat' dir='ltr'>S.</span> <span class='ocrx_word' id='word_1_366' title='bbox 3217 5304 3278 5354; x_wconf 88' lang='lat' dir='ltr'>C.</span> <span class='ocrx_word' id='word_1_367' title='bbox 3309 5302 3586 5362; x_wconf 72' lang='lat' dir='ltr'>consist.</span> 
     </span>
     <span class='ocr_line' id='line_1_43' title="bbox 598 5397 1275 5451; baseline -0.006 -2"><span class='ocrx_word' id='word_1_368' title='bbox 598 5403 658 5449; x_wconf 82' lang='lat'>12</span> <span class='ocrx_word' id='word_1_369' title='bbox 701 5411 829 5448; x_wconf 79' lang='lat' dir='ltr'>nov,</span> <span class='ocrx_word' id='word_1_370' title='bbox 875 5398 1025 5451; x_wconf 85' lang='lat'><strong>1908.</strong></span> <span class='ocrx_word' id='word_1_371' title='bbox 1065 5398 1135 5447; x_wconf 82' lang='lat' dir='ltr'>ad</span> <span class='ocrx_word' id='word_1_372' title='bbox 1179 5397 1275 5446; x_wconf 88' lang='lat' dir='ltr'>VI.</span> 
     </span>
    </p>

    <p class='ocr_par' dir='ltr' id='par_1_15' title="bbox 596 5478 3587 5719">
     <span class='ocr_line' id='line_1_44' title="bbox 766 5478 3584 5551; baseline -0.004 -17"><span class='ocrx_word' id='word_1_373' title='bbox 766 5490 791 5527; x_wconf 80' lang='lat'>4</span> <span class='ocrx_word' id='word_1_374' title='bbox 836 5486 975 5534; x_wconf 82' lang='lat' dir='ltr'>Pius</span> <span class='ocrx_word' id='word_1_375' title='bbox 1015 5486 1083 5534; x_wconf 86' lang='lat' dir='ltr'>X.</span> <span class='ocrx_word' id='word_1_376' title='bbox 1127 5488 1309 5534; x_wconf 89' lang='lat' dir='ltr'>const.</span> <span class='ocrx_word' id='word_1_377' title='bbox 1351 5485 1671 5541; x_wconf 69' lang='lat' dir='ltr'>&lt;sapienti</span> <span class='ocrx_word' id='word_1_378' title='bbox 1712 5484 1959 5533; x_wconf 75' lang='lat' dir='ltr'>consilio</span> <span class='ocrx_word' id='word_1_379' title='bbox 1982 5504 2029 5538; x_wconf 82' lang='lat'>›.</span> <span class='ocrx_word' id='word_1_380' title='bbox 2071 5483 2134 5532; x_wconf 87' lang='grc'>29</span> <span class='ocrx_word' id='word_1_381' title='bbox 2179 5483 2295 5532; x_wconf 83' lang='lat' dir='ltr'>Iun.</span> <span class='ocrx_word' id='word_1_382' title='bbox 2339 5481 2492 5535; x_wconf 82' lang='lat'>1908,</span> <span class='ocrx_word' id='word_1_383' title='bbox 2536 5483 2564 5551; x_wconf 65' lang='grc' dir='ltr'><em>ξ</em></span> <span class='ocrx_word' id='word_1_384' title='bbox 2611 5482 2681 5533; x_wconf 90' lang='lat' dir='ltr'>II.</span> <span class='ocrx_word' id='word_1_385' title='bbox 2724 5494 2776 5531; x_wconf 93' lang='lat' dir='ltr'>n.</span> <span class='ocrx_word' id='word_1_386' title='bbox 2823 5482 2908 5535; x_wconf 76' lang='lat'>1⁰:</span> <span class='ocrx_word' id='word_1_387' title='bbox 2960 5478 3113 5531; x_wconf 84' lang='lat' dir='ltr'>Ordo</span> <span class='ocrx_word' id='word_1_388' title='bbox 3152 5480 3488 5530; x_wconf 85' lang='lat' dir='ltr'>servandus</span> <span class='ocrx_word' id='word_1_389' title='bbox 3528 5478 3584 5526; x_wconf 87' lang='lat' dir='ltr'>in</span> 
     </span>
     <span class='ocr_line' id='line_1_45' title="bbox 596 5566 3587 5632; baseline -0.002 -13"><span class='ocrx_word' id='word_1_390' title='bbox 596 5576 648 5629; x_wconf 82' lang='lat' dir='ltr'>S.</span> <span class='ocrx_word' id='word_1_391' title='bbox 689 5572 1274 5632; x_wconf 79' lang='lat' dir='ltr'>congregationibus,</span> <span class='ocrx_word' id='word_1_392' title='bbox 1313 5568 1749 5628; x_wconf 73' lang='lat' dir='ltr'>Tribunallbus,</span> <span class='ocrx_word' id='word_1_393' title='bbox 1792 5569 2008 5621; x_wconf 77' lang='lat' dir='ltr'>Officiis</span> <span class='ocrx_word' id='word_1_394' title='bbox 2050 5569 2346 5619; x_wconf 85' lang='lat' dir='ltr'>Romanae</span> <span class='ocrx_word' id='word_1_395' title='bbox 2383 5569 2616 5628; x_wconf 83' lang='lat' dir='ltr'>Curiae,</span> <span class='ocrx_word' id='word_1_396' title='bbox 2658 5569 2721 5618; x_wconf 73' lang='lat'>29</span> <span class='ocrx_word' id='word_1_397' title='bbox 2762 5572 2906 5626; x_wconf 75' lang='lat' dir='ltr'>sept.</span> <span class='ocrx_word' id='word_1_398' title='bbox 2952 5567 3100 5629; x_wconf 85' lang='grc'><strong>1908,</strong></span> <span class='ocrx_word' id='word_1_399' title='bbox 3143 5566 3288 5617; x_wconf 78' lang='lat' dir='ltr'>Pars</span> <span class='ocrx_word' id='word_1_400' title='bbox 3335 5567 3411 5623; x_wconf 82' lang='lat' dir='ltr'>u,</span> <span class='ocrx_word' id='word_1_401' title='bbox 3455 5568 3587 5617; x_wconf 84' lang='lat' dir='ltr'>Nor·</span> 
     </span>
     <span class='ocr_line' id='line_1_46' title="bbox 596 5659 1693 5719; baseline -0.002 -10"><span class='ocrx_word' id='word_1_402' title='bbox 596 5674 722 5712; x_wconf 86' lang='lat' dir='ltr'>mae</span> <span class='ocrx_word' id='word_1_403' title='bbox 764 5659 1108 5717; x_wconf 76' lang='lat' dir='ltr'>pecunares.</span> <span class='ocrx_word' id='word_1_404' title='bbox 1151 5673 1273 5719; x_wconf 88' lang='lat' dir='ltr'>cap.</span> <span class='ocrx_word' id='word_1_405' title='bbox 1317 5659 1475 5715; x_wconf 84' lang='lat' dir='ltr'>VIII,</span> <span class='ocrx_word' id='word_1_406' title='bbox 1519 5670 1571 5707; x_wconf 90' lang='lat' dir='ltr'>n.</span> <span class='ocrx_word' id='word_1_407' title='bbox 1616 5660 1693 5707; x_wconf 83' lang='lat'>1⁰.</span> 
     </span>
    </p>
   </div>
  </div>
 </body>
</html>
