3753 5871
473 303 584 361 540
1614 305 1811 358 0060oe
1849 304 2012 357 loiris
2060 303 2342 358 Um

1792 544 1972 612 CAN.
2015 544 2212 613 1936.

650 682 1144 754 Denuntiatio
1183 686 1486 771 scriptis
1535 706 1586 754 a
1633 688 2124 757 denuntiante
2187 688 2644 773 subsignatis
2704 690 2822 758 vel
2895 695 3240 762 oretenus
3313 693 3467 763 fieri

471 787 689 857 debet
724 790 870 859 loci
905 792 1330 875 Ordinario‚
1370 794 1488 862 vel
1524 796 1975 865 cancellario
2019 797 2290 867 Ouriae
2326 799 2444 866 vel
2479 799 2783 869 vicariis
2820 800 3150 870 foraneis
3187 802 3310 870 vel
3346 821 3463 887 pa·

468 898 735 983 rochis,
768 918 817 967 a
846 902 1112 986 quibus
1141 907 1414 987 tamen,
1449 904 1514 971 si
1542 903 1712 971 viva
1739 923 1915 973 voce
1941 904 2146 973 facta
2174 905 2433 990 fuerit,
2468 907 2772 994 scriptis
2805 912 2920 977 est
2952 909 3463 996 consignanda

467 1013 543 1075 et
583 1009 841 1077 statim
875 1010 970 1077 ad
1013 1010 1495 1079 Ordinarium
1535 1013 1937 1081 deferenda
1984 1011 2035 1077 ¹.

1797 1211 1974 1278 CAN.
2019 1210 2215 1278 1937.

642 1347 789 1428 Qui
826 1347 1180 1418 delictum
1216 1350 1616 1419 denuntiat
1659 1351 1875 1419 debet
1913 1351 2322 1437 promotori
2361 1351 2697 1420 iustitiae
2734 1350 3169 1419 adiumenta
3203 1366 3466 1433 suppe-

467 1457 712 1525 ditare
736 1458 832 1525 ad
862 1458 1188 1526 eiusdem
1215 1458 1472 1527 delicti
1500 1459 2012 1543 probationem
2045 1459 2099 1525 ³.

1750 1654 1929 1723 OAN'.
1964 1654 2160 1722 1938.

647 1792 682 1876 ξ
728 1794 795 1860 1.
847 1793 940 1861 Ιιι
978 1813 1207 1862 causa
1254 1795 1702 1863 iniuriarum
1745 1801 1880 1864 aut
1918 1794 2480 1879 diffamationis,
2526 1800 2614 1863 ut
2661 1796 2860 1863 actio
2901 1793 3318 1861 criminalis
3357 1794 3467 1859 in·

466 1903 859 1987 stituatur,
901 1904 1312 1990 requiritur
1356 1906 1659 1990 praevia
1703 1904 2177 1973 denuntiatio
2213 1907 2351 1972 aut
2388 1904 2686 1990 querela
2732 1902 2974 1988 partis
3019 1901 3287 1969 laesae.

644 2010 677 2094 ξ
724 2013 791 2079 2.
845 2012 988 2082 Sed
1022 2013 1087 2080 si
1117 2018 1391 2098 agatur
1418 2014 1510 2082 de
1540 2013 1822 2080 iniuria
1852 2017 1990 2082 aut
2017 2012 2530 2081 diffamatione
2556 2012 2793 2098 gravi,
2834 2010 3106 2078 clerico
3138 2009 3256 2076 vel
3290 2009 3461 2077 reli·

468 2119 698 2205 gioso,
744 2122 1180 2205 praesertim
1233 2121 1314 2187 in
1354 2120 1723 2206 dignitate
1764 2121 2201 2202 constituto,
2249 2120 2489 2203 illata,
2545 2124 2681 2187 aut
2726 2137 2945 2204 quam
2988 2118 3306 2186 clericus
3347 2119 3470 2186 vel

467 2230 857 2316 religiosus
885 2231 1019 2299 alii
1048 2231 1417 2314 intulerit,
1449 2231 1648 2300 actio
1674 2230 2089 2299 criminalis
2117 2230 2419 2299 institui
2448 2233 2694 2314 potest
2719 2229 2946 2297 etiam
2983 2246 3071 2295 ex
3107 2225 3372 2295 officio.

1753 2549 2014 2618 OAPm·
2046 2549 2153 2616 ΙΙ.

1627 2691 1739 2759 De
1781 2691 2288 2778 inquisitione.

1748 2915 1928 3002 CAN.
1963 2914 2160 2984 1939.

641 3031 787 3134 §NL
841 3053 924 3121 Si
953 3055 1306 3124 delictum
1339 3074 1472 3125 nec
1503 3059 1874 3125 notorium
1908 3058 2010 3126 sit
2043 3075 2176 3126 nec
2207 3057 2506 3126 omnino
2532 3060 2844 3140 certum,
2879 3056 3008 3124 sed
3037 3052 3464 3122 innotuerit

464 3160 618 3228 sive
664 3180 754 3230 ex
802 3182 1096 3232 rumore
1133 3169 1210 3233 et
1257 3166 1557 3250 publica
1601 3165 1830 3249 fama,
1874 3166 2027 3234 sive
2066 3184 2156 3234 ex
2192 3165 2783 3249 denuntiatione,
2827 3163 2981 3232 sive
3020 3182 3112 3232 ex
3154 3163 3462 3248 querela

461 3269 740 3355 damni,
780 3271 933 3340 sive
966 3291 1054 3341 ex
1091 3273 1573 3359 inquisitione
1606 3275 1937 3359 generali
1972 3275 2066 3341 ab
2103 3274 2508 3343 Ordinatio
2535 3274 2767 3357 facta,
2806 3273 2959 3341 sive
2993 3273 3151 3339 alia
3194 3272 3459 3356 quavis

463 3380 778 3464 ratione,
829 3385 1224 3467 antequam
1271 3383 1437 3469 quis
1483 3385 1761 3453 citetur
1808 3385 1907 3453 ad
1959 3383 2546 3469 respondendum
2588 3382 2680 3450 de
2720 3380 3019 3464 delicto,
3061 3379 3462 3465 inquisitio

463 3488 809 3573 specialis
856 3497 970 3560 est
1018 3493 1562 3575 praemittenda
1612 3498 1698 3562 ut
1742 3497 2034 3562 constet
2080 3511 2180 3560 an
2226 3497 2304 3560 et
2348 3510 2492 3577 quo
2538 3490 3025 3559 fundamento
3071 3489 3459 3557 innitatur

462 3596 862 3683 imputatio
911 3595 963 3661 ³.

641 3706 674 3790 ξ
722 3707 789 3773 2.
839 3707 1040 3775 Huic
1076 3709 1374 3793 regulae
1409 3710 1615 3777 locus
1649 3715 1764 3778 est
1800 3710 1954 3778 sive
1986 3714 2258 3794 agatur
2292 3709 2385 3777 de
2415 3706 2820 3792 irroganda
2852 3722 3092 3790 poena
3123 3703 3455 3771 vindica-

461 3815 618 3884 tiva
659 3817 777 3883 vel
811 3834 1150 3900 censura,
1198 3817 1352 3885 sive
1394 3818 1486 3886 de
1528 3818 1835 3887 ferenda
1882 3817 2254 3886 sententia
2288 3815 2784 3886 declaratoria
2820 3831 3099 3898 poenae
3131 3811 3250 3879 vel
3284 3828 3455 3878 cen·

464 3943 683 3992 surae
720 3925 798 3991 in
840 3944 1055 4010 quam
1098 3927 1264 4011 quis
1299 3927 1671 3995 inciderit.

464 4206 688 4256 tentiae
718 4219 767 4265 ιο,
799 4206 833 4258 1
861 4205 983 4256 iun.
1017 4204 1166 4266 1⁷41,
1210 4203 1237 4266 ⁸
1276 4204 1326 4267 2;
1353 4207 1540 4257 const.
1575 4219 1606 4255 ι
1635 4204 1960 4265 Apostolici
1989 4207 2250 4258 muneris
2282 4220 2333 4267 ιι,
2373 4205 2408 4258 8
2440 4207 2589 4258 tebr.
2624 4208 2771 4268 1745,
2809 4209 2836 4269 ς
2873 4208 2924 4270 2;
2956 4209 3101 4261 Pius
3129 4208 3229 4269 ΙΧ,
3264 4213 3461 4261 const.

463 4310 494 4346 ι
524 4294 895 4354 Apostolioae
923 4294 1095 4346 Sedis
1128 4308 1177 4354 ιο,
1207 4293 1273 4347 12
1298 4298 1412 4347 oct.
1445 4294 1594 4354 1869,
1634 4293 1661 4356 ss
1692 4295 1793 4356 IV,
1822 4309 1882 4347 ιι.
1915 4297 1965 4358 4;
1993 4294 2052 4348 S.
2086 4296 2150 4348 G.
2186 4295 2243 4348 S.
2278 4295 2418 4358 oft„
2450 4297 2514 4347 22
2542 4297 2661 4348 lan.
2700 4298 2847 4360 1727;
2882 4299 2915 4351 6
2944 4301 3121 4355 mart.
3152 4297 3302 4361 1839;
3331 4300 3460 4351 litt.

461 4386 528 4438 20
553 4385 698 4436 man
723 4385 872 4447 1842;
897 4385 1068 4438 instr.
1099 4385 1166 4437 20
1200 4385 1348 4437 febr.
1386 4384 1533 4445 1866:
1560 4387 1730 4438 instr.
1772 4385 1874 4445 (ad
1902 4387 2026 4439 Vlc.
2057 4388 2165 4447 Ap.
2198 4387 2600 4449 nysam-iem),
2636 4389 2669 4439 1
2701 4388 2852 4441 febr.
2883 4388 3031 4449 1870,
3062 4401 3121 4440 ιι.
3153 4388 3203 4450 3;
3229 4388 3298 4440 19
3324 4399 3463 4449 apr.

461 4476 610 4536 1893,
637 4476 717 4528 ad
741 4474 789 4537 2;
812 4475 878 4527 15
908 4475 1054 4526 maii
1081 4475 1228 4537 1901:
1256 4474 1314 4528 S.
1343 4475 1410 4528 O.
1438 4474 1513 4528 de
1541 4476 1711 4538 Prop.
1742 4475 1907 4538 Fide,
1938 4477 2109 4530 instr.
2155 4476 2258 4538 (ad
2292 4477 2417 4529 Vic.
2446 4479 2554 4538 Ap.
2586 4477 3011 4540 (melimelum),
3039 4478 3106 4531 26
3134 4490 3273 4540 aug.
3303 4479 3463 4531 1775.

640 4565 662 4601 ¹
697 4565 763 4618 C.
806 4566 858 4626 6,
895 4567 969 4618 D.
1008 4565 1253 4628 Lxxxl;
1284 4578 1335 4618 c.
1384 4567 1468 4627 16,
1498 4567 1565 4623 Χ.
1617 4568 1687 4618 de
1726 4567 2222 4627 accusationibus,
2261 4567 2744 4628 inquisitionibus
2782 4571 2842 4618 et
2881 4567 3461 4626 denunciationibus,

460 4654 531 4715 V,
569 4656 618 4714 1:
655 4654 712 4705 S.
746 4654 810 4706 G.
845 4654 905 4708 S.
938 4655 1077 4717 Otr..
1116 4655 1183 4708 15
1225 4655 1371 4707 maii
1404 4656 1552 4709 1901.

639 4753 665 4787 ²
706 4746 966 4807 Regulae
993 4747 1320 4799 servandae
1352 4747 1417 4799 in
1449 4747 1687 4800 iudiciis
1711 4750 1870 4809 apud
1900 4748 1959 4802 S.
1992 4748 2062 4800 R.
2097 4747 2287 4801 Rotae
2310 4748 2615 4810 Tribunal,
2650 4750 2683 4799 4
2706 4761 2841 4811 aug.
2871 4749 3020 4809 1910,
3053 4749 3080 4809 ς
3108 4749 3192 4809 41,
3219 4760 3279 4799 n.
3317 4749 3366 4798 1.

638 4840 665 4877 ³
701 4835 766 4887 Ο.
803 4835 886 4896 13,
931 4836 995 4888 C.
1031 4837 1113 4899 11,
1153 4850 1208 4898 q.
1241 4838 1290 4899 1:
1321 4850 1372 4890 c.
1404 4838 1487 4899 46,
1525 4839 1590 4891 O.
1625 4839 1708 4898 11,
1745 4852 1800 4901 q.
1833 4839 1882 4902 ’ἴς
1915 4851 1965 4890 c.
1999 4852 2121 4898 un„
2158 4839 2226 4899 X,
2265 4841 2332 4888 ut
2366 4838 2769 4889 ecclesiastica
2812 4838 3088 4899 beneficia
3123 4836 3250 4889 sine
3288 4836 3466 4885 dinti-

461 4924 706 4975 nutione
741 4926 1140 4987 conserantur,
1188 4929 1304 4991 111,
1350 4927 1432 4991 12:
1466 4941 1516 4981 c.
1549 4930 1633 4990 19,
1665 4929 1748 4991 21,
1780 4929 1862 4989 24,
1895 4930 1978 4990 26,
2009 4930 2094 4991 27,
2124 4929 2191 4990 Χ,
2231 4929 2303 4979 da
2338 4928 2834 4988 accusationibus,
2875 4925 3360 4988 inquisitionibus
3399 4930 3467 4977 ct

462 5014 1034 5077 denunciatioaibus,
1070 5019 1140 5079 V,
1178 5021 1228 5082 1;
1259 5032 1310 5072 c.
1342 5020 1425 5082 81,
1457 5021 1524 5082 Χ,
1562 5022 1633 5071 de
1669 5019 1942 5079 simonia,
1979 5025 2040 5072 et
2077 5032 2149 5070 ne
2194 5018 2422 5080 aliquid
2457 5032 2562 5080 pro
2598 5019 3011 5080 spiritualibus
3050 5018 3332 5079 emautur
3363 5019 3468 5069 vei

462 5105 866 5166 promittatur,
902 5106 971 5168 V,
1005 5107 1055 5186 33
1087 5120 1137 5160 c.
1170 5110 1254 5171 10,
1284 5110 1350 5171 Χ,
1387 5112 1458 5162 de
1493 5110 1842 5170 puroatione
1878 5110 2179 5170 canonica,
2224 5111 2293 5172 V,
2324 5111 2407 5173 343
2437 5122 2487 5162 e.
2520 5112 2572 5170 1,
2613 5112 2685 5161 de
2722 5109 3011 5169 conubiis,
3047 5107 3469 5159 coactionibus

461 5200 522 5247 et
551 5195 1082 5257 procurationibus,
1116 5199 1232 5261 111,
1265 5200 1348 5261 20,
1383 5199 1446 5252 in
1477 5201 1604 5264 V1⁰;
1632 5212 1682 5252 c.
1719 5203 1770 5263 1,
1814 5203 1886 5252 de
1916 5200 2411 5260 accusationibus,
2446 5199 2928 5259 inquisitionibus
2963 5204 3023 5252 et
3056 5197 3467 5249 denunciatio-

462 5285 656 5345 nibus,
693 5287 762 5346 V,
809 5287 859 5346 1,
907 5288 969 5337 in
1005 5288 1131 5350 V1⁰;
1169 5290 1227 5341 S.
1264 5290 1329 5342 C.
1365 5291 1424 5344 S.
1458 5290 1598 5353 Off„
1641 5292 1811 5345 instr.
1850 5293 1884 5345 6
1918 5305 2053 5353 aug.
2101 5291 2250 5352 1897,
2293 5304 2349 5342 ιι.
2382 5292 2433 5352 1,
2465 5291 2518 5351 3,
2548 5290 2599 5352 5;
2637 5289 2695 5342 S.
2727 5289 2793 5342 O.
2828 5290 2934 5351 Dp.
2974 5292 3039 5342 et
3073 5289 3240 5352 neg..
3280 5289 3463 5343 lustr.

461 5376 528 5427 11
559 5377 680 5427 iun.
714 5376 861 5437 1880,
894 5389 953 5428 ιι.
987 5378 1039 5436 5,
1070 5379 1151 5439 11;
1186 5378 1244 5431 8.
1276 5380 1340 5432 C.
1375 5380 1449 5433 de
1484 5382 1655 5443 Prop.
1701 5382 1863 5443 Fide,
1900 5384 2071 5436 instr.
2116 5382 2218 5441 (ad
2255 5383 2378 5433 Vic.
2415 5382 2522 5442 Ap.
2559 5377 2987 5441 commotum),
3022 5379 3089 5432 26
3128 5392 3264 5443 aug.
3311 5381 3469 5458 1275:

463 5466 635 5518 lustr.
668 5477 724 5517 a.
765 5465 911 5529 1883,
950 5479 1010 5518 n.
1045 5468 1114 5529 V,
1146 5468 1245 5521 ΧῙ.
