3753 5871
592 130 704 188 660
1730 131 1929 184 θοόοσ
1964 131 2130 184 Ioeru
2176 132 2460 185 omui

596 335 871 399 omnes,
892 317 1047 386 sive
1062 317 1476 386 Antistitae
1508 317 1661 387 sive
1692 320 2058 406 subditae,
2100 340 2289 408 quae
2322 341 2453 408 per
2483 342 2562 392 se
2589 323 2707 391 vel
2745 342 2878 409 per
2915 323 3128 408 alios,
3159 324 3441 393 directe
3465 325 3572 393 vel

596 433 980 519 indirecte,
1023 434 1407 518 religiosas
1443 432 1876 501 induxerint
1926 436 2012 500 ut
2048 431 2552 517 interrogatae
2589 450 2640 499 a
2676 433 3088 501 Visitatore
3127 438 3429 502 taceant
3466 433 3572 501 vel

592 543 982 611 veritatem
1009 561 1301 628 quoquo
1326 543 1542 610 modo
1569 540 2044 610 dissimulent
2067 545 2202 608 aut
2228 558 2375 608 non
2402 541 2685 608 sincere
2708 545 3108 625 exponant,
3133 542 3248 609 vel
3277 541 3571 622 eisdem,

595 650 688 717 ob
729 668 1083 734 responsa
1120 669 1306 735 quae
1352 649 1752 717 visitatori
1788 648 2155 731 dederint,
2199 648 2636 732 molestiam,
2679 649 2818 716 sub
2860 649 3118 733 quovis
3157 652 3569 735 praetextu,

593 757 1016 840 attulerint,
1051 757 1416 825 inhabiles
1449 758 1544 826 ad
1578 757 1814 826 officia
1847 756 2329 842 assequenda,
2375 774 2562 841 quae
2597 756 2917 824 aliarum
2952 757 3273 840 regimen
3310 774 3573 825 secum·

592 864 874 947 ferunt,
905 884 956 933 a
983 865 1394 933 visitatore
1418 864 1893 933 decla-rentur
1926 869 2006 933 et
2038 865 2450 932 Antistitae
2477 863 2736 946 officio,
2772 883 2919 950 quo
2951 865 3405 950 funguntur,
3438 866 3570 949 pri·

591 975 885 1040 ventur.

771 1078 805 1161 ξ
852 1078 919 1146 2.
968 1079 1176 1160 Quae
1204 1082 1284 1147 in
1326 1080 1705 1164 superiore
1737 1081 2208 1166 paragrapho
2242 1080 2704 1165 praescripta
2747 1085 2948 1163 sunt,
2986 1080 3210 1148 etiam
3250 1080 3573 1148 virorum

593 1186 1073 1272 religionibus
1114 1188 1587 1273 applicentur
1628 1188 1679 1257 ¹.

1851 1330 2031 1399 om.
2077 1329 2275 1397 2414.

762 1473 1136 1542 Antistita
1163 1492 1350 1559 quae
1378 1478 1640 1542 contra
1666 1474 2210 1559 praescriptum
2234 1492 2400 1541 can.
2437 1472 2591 1557 521,
2624 1473 2658 1556 ξ
2684 1473 2753 1552 3,
2789 1472 2944 1555 522,
2980 1473 3108 1541 523
3136 1492 3215 1541 se
3240 1472 3569 1558 gesserit,

592 1599 640 1647 a
679 1580 821 1648 loci
863 1581 1265 1649 Ordinatio
1306 1587 1714 1667 moneatur3
1757 1583 1824 1650 si
1861 1582 2134 1651 iterum
2173 1581 2596 1667 deliquerit,
2650 1582 2745 1649 ab
2785 1579 3034 1649 eodem
3076 1580 3301 1648 offleii
3345 1580 3567 1666 priva-

594 1687 794 1755 tione
842 1689 1227 1772 puniatur,
1278 1689 1485 1758 illico
1521 1694 1768 1758 tamen
1805 1690 2123 1758 certiore
2162 1690 2369 1757 taeta
2419 1688 2648 1756 Sacra
2688 1688 3283 1773 congregatione
3321 1688 3419 1756 de
3454 1686 3568 1754 Be-

591 1793 877 1880 ligioeis
913 1794 969 1865 ².

780 2060 800 2094 ¹
837 2059 903 2113 Ο.
942 2062 992 2120 4,
1025 2063 1097 2112 ae
1126 2062 1313 2122 emoto
1348 2063 1657 2121 ordinarii,
1689 2063 1739 2124 1,
1771 2064 1853 2124 16,
1889 2065 1950 2115 ln
1981 2064 2108 2115 V10.

769 2152 794 2186 ²
846 2148 903 2202 S.
943 2150 1008 2202 C.
1039 2149 1114 2203 de
1142 2150 1477 2213 neugmate,
1509 2152 1664 2204 decr.
1696 2153 1730 2206 8
1757 2154 1907 2206 sehr.
1940 2154 2089 2214 1913,
2125 2166 2184 2204 n.
2221 2155 2304 2206 11.

1769 2699 1874 2775 A.
1928 2697 2046 2775 M.
2100 2697 2202 2774 D.
2258 2696 2354 2776 G.

1940 3717 2186 3784 ans.
