3753 5871
527 0 629 32 Ιω
784 10 787 12 ·
1658 0 1853 24 νυνι-νιν
1900 0 2060 23 aur·-
2102 0 2384 23 υυπνπυυσ

523 172 676 218 rum
725 156 1082 219 Oanonum
1130 154 1548 233 singularem
1607 154 1962 233 iniuriam,
2013 154 2250 216 dicant
2297 155 2552 217 malum
2606 155 2881 231 bowum,
2937 154 3185 216 bomem
3232 155 3522 231 mlum,

524 268 855 343 ponentes
894 264 1211 326 tenebrae
1251 264 1496 339 lucem,
1543 267 1612 325 et
1651 264 1870 324 lucem
1910 263 2249 325 tenebrae.

710 370 787 432 Si
826 386 984 434 vero
1021 370 1365 449 Episcopo
1401 368 1620 432 fuerit
1664 372 1987 448 suspecta
2023 370 2192 433 fides
2228 370 2506 449 iudicis,
2545 370 2638 434 ad
2677 387 2873 450 quem
2919 369 3353 449 appellatum
3390 376 3520 446 est,

523 496 646 542 nec
705 478 923 541 eidem
974 477 1342 540 revelanda
1386 477 1734 541 censuerit
1779 477 2172 540 huiusmodi
2232 479 2506 541 occulta
2556 478 2904 541 rationum
2952 483 3343 542 momenta:
3397 478 3521 541 ills

526 585 869 665 significet
898 585 1181 648 secretis
1208 584 1469 648 litteris
1510 584 1581 647 S.
1617 585 1699 648 R.
1733 586 1817 649 E.
1851 584 2212 648 Oardinali
2246 586 2606 650 Praefecto
2638 602 2768 665 pro
2803 589 3108 664 tempore
3137 584 3520 665 Congrege-

527 692 741 755 tionis
779 691 1097 771 Concilii,
1140 692 1258 771 qui
1309 709 1434 755 nec
1472 692 1786 769 consilio,
1827 709 1951 755 nec
1993 693 2417 757 auctoritate
2466 694 2710 771 deerit,
2753 710 2886 772 quo
2935 694 3168 755 minus
3206 711 3254 755 a
3298 694 3525 757 iudice

523 798 1013 879 appellationis
1055 799 1328 863 debitus
1367 800 1680 863 iustitiae
1721 799 1912 863 locus
1960 800 2339 864 tribuatur.

712 908 744 984 ξ
791 907 893 970 17.
940 908 1309 971 Praeterea
1339 908 1501 986 quia
1536 908 1875 986 aequitati
1903 908 2113 974 etiam
2149 907 2492 984 convenit,
2525 924 2773 971 causas
2800 907 3324 987 appellationis,
3356 927 3527 987 quae

524 1032 774 1094 magno
819 1013 1249 1094 litigantium
1289 1016 1672 1094 dispendio,
1712 1020 1786 1080 et
1825 1015 2175 1080 Ecclesiae
2236 1015 2560 1095 pernicie,
2622 1016 3046 1079 immortales
3115 1016 3525 1094 quandoque

523 1123 859 1202 existunt,
899 1126 1163 1202 quanta
1198 1124 1348 1187 fieri
1388 1127 1617 1201 potest
1652 1124 1991 1187 brevitate
2027 1123 2428 1188 terminari:
2475 1123 2735 1186 idcirco
2782 1123 2898 1185 ubi
2934 1141 2979 1186 a
3023 1123 3257 1186 iudice
3297 1124 3521 1202 appel—

529 1229 813 1292 lationis
850 1230 998 1292 lata
1035 1230 1132 1293 sit
1169 1229 1537 1308 sententia,
1579 1246 1754 1308 quae
1794 1229 2281 1309 praeelectioni
2328 1231 2557 1293 tactae
2594 1231 2682 1293 ab
2722 1229 3062 1309 Episcopo
3109 1230 3401 1293 omnino
3438 1230 3524 1292 sit

524 1338 922 1417 conformis,
972 1338 1209 1401 nullus
1250 1341 1492 1416 pateat
1528 1355 1742 1402 novae
1779 1337 2234 1416 appellationi
2273 1339 2533 1416 aditus,
2577 1338 2693 1401 sed
2736 1339 3159 1401 auctoritate
3197 1338 3307 1401 rei
3358 1338 3522 1401 iudi·

525 1449 723 1508 eatae
751 1446 1258 1509 controversiae
1292 1445 1454 1507 finis
1480 1445 1902 1524 imponatur.
1939 1445 2062 1508 Sin
2096 1463 2255 1510 vero
2282 1446 2490 1509 iudex
2518 1444 3010 1524 appellationis
3045 1445 3289 1523 aliter,
3331 1462 3523 1523 quam

527 1552 964 1632 ordinarius,
1006 1551 1587 1631 pronunciaverit3
1625 1551 1835 1617 liceat
1871 1554 2254 1632 praeelecto
2293 1554 2381 1616 ab
2420 1553 2788 1632 Episcopo,
2827 1553 2945 1631 qui
2986 1570 3202 1615 causa
3251 1553 3522 1617 cecidit.

525 1661 616 1723 ad
646 1659 861 1722 alium
898 1659 1191 1723 iudicem
1223 1660 1599 1739 appellare,
1632 1660 1927 1723 firmiter
1954 1660 2233 1724 interim
2266 1664 2538 1723 retenta
2567 1657 2988 1738 parochialis
3015 1657 3361 1723 ecclesiae
3391 1677 3521 1738 pos·

528 1767 849 1830 sessione.
888 1768 1187 1830 Tandem
1215 1769 1577 1845 postquam
1604 1766 1859 1830 tertius
1888 1783 2154 1846 quoque
2178 1767 2385 1830 iudex
2411 1766 2824 1829 sententiam
2859 1765 3141 1843 dixerit,
3179 1782 3273 1829 ne
3302 1771 3525 1844 partes

530 1875 719 1936 ultra
746 1873 1020 1937 modum
1048 1878 1425 1953 graventur
1451 1872 1828 1952 laboribus,
1859 1878 1933 1938 et
1958 1874 2299 1953 expensis,
2333 1873 2740 1951 praesertim
2777 1872 2942 1951 quia
2971 1871 3212 1950 agitur
3242 1872 3339 1935 de
3377 1888 3521 1936 cun

526 1982 938 2059 animarum,
994 1981 1108 2044 cui
1153 1982 1555 2044 damnosum
1601 1985 1732 2059 est,
1780 1982 1955 2045 certi
1999 1980 2317 2045 Pastoris
2359 1980 2650 2044 destitui
2706 1978 2980 2055 solatio;
3031 1980 3096 2041 is
3142 1977 3523 2058 legitimum

528 2089 863 2168 regendae
904 2087 1228 2152 ecclesiae
1261 2088 1373 2150 ius
1409 2088 1743 2166 obtineat,
1781 2088 1894 2150 cui
1937 2089 2116 2152 duae
2147 2089 2530 2151 conformes
2565 2086 2911 2150 assistunt
2944 2087 3373 2166 sententiae,
3419 2103 3522 2149 nec

528 2197 747 2259 ullum
789 2213 1003 2259 novae
1044 2194 1536 2274 appellationis
1570 2195 1942 2258 remedium
1977 2194 2444 2258 succumbenti
2482 2194 2925 2272 suffragetur.
3649 2244 3650 2266 ἢ

716 2304 747 2379 5
795 2304 897 2367 18.
945 2303 1080 2366 His
1126 2320 1289 2366 sane
1328 2302 1608 2383 regulis,
1649 2303 1961 2382 quamvis
1996 2302 2375 2381 appellatio
2415 2301 2691 2365 sublata
2729 2318 2867 2364 non
2907 2302 3025 2379 sit,
3070 2302 3256 2364 satis
3308 2306 3523 2365 tamen
3649 2348 3650 2354 κ

528 2411 859 2490 praesidii
894 2416 1366 2489 comparatum
1401 2428 1548 2475 esse
1583 2410 2009 2473 arbitramur
2046 2408 2552 2473 ecclesiasticae
2585 2408 3017 2488 disciplinae,
3056 2426 3139 2471 ac
3188 2413 3393 2472 recto
3432 2427 3523 2488 ge

529 2520 896 2582 rendamm
938 2536 1164 2582 rerum
1199 2518 1451 2581 ordini.
1485 2518 1715 2581 Unum
1749 2522 2086 2597 superest,
2122 2522 2206 2581 ut
2234 2517 2592 2597 proposita
2624 2516 2957 2579 hactenus
2987 2516 3218 2579 media
3262 2516 3527 2580 debitae
3649 2568 3650 2587 ,

527 2626 913 2690 executioni
946 2626 1379 2701 mandentur;
1411 2626 1723 2704 Eumque
1745 2626 1819 2687 in
1844 2642 2122 2704 scopum
2154 2625 2457 2689 locorum
2485 2623 2841 2687 Ordinarii
2867 2623 3314 2703 vigilantiam
3346 2640 3524 2686 suam
3649 2680 3650 2687 ,

528 2733 905 2797 desiderari
951 2751 1087 2797 non
1125 2734 1509 2811 patiantur.
1549 2733 1934 2796 Ferendum
1970 2734 2223 2812 quippe
2257 2751 2394 2795 non
2430 2736 2634 2811 esset,
2671 2732 2762 2794 ad
2799 2731 3023 2793 nostri
3069 2732 3528 2810 Apostolatus

527 2843 845 2905 auditum
882 2859 1094 2904 novas
1128 2842 1199 2902 in
1239 2841 1418 2905 diem
1458 2841 1714 2904 deferri
1750 2840 2087 2919 querelas,
2126 2858 2208 2904 ac
2255 2839 2731 2903 submovendis
2776 2838 3107 2903 abusibus
3154 2856 3383 2903 novas
3418 2841 3525 2901 im·
3649 2880 3650 2891 η

529 2951 791 3029 plorari
826 2951 1031 3029 leges,
1069 2950 1155 3012 ab
1191 2950 1304 3028 iis,
1342 2951 1456 3027 qui
1494 2950 1633 3011 iam
1670 2951 2128 3028 praestitutas
2172 2947 2529 3028 negligunt
2568 2952 2640 3011 et
2681 2951 3153 3010 contemnunt.

716 3059 747 3134 ξ
793 3059 895 3120 19.
943 3058 1230 3120 Demum
1276 3074 1430 3119 cum
1469 3074 1603 3118 non
1644 3073 1802 3119 raro
1842 3056 2226 3135 contingat,
2266 3055 2591 3118 ecclesias
2627 3054 3077 3133 parochiales„
3120 3055 3526 3133 dignitates.
3649 3101 3650 3111 ,

527 3167 1000 3243 canonicatus,
1049 3164 1320 3243 aliaque
1368 3165 1693 3227 beneficia
1732 3181 1969 3226 curam
2015 3163 2403 3225 animarum
2440 3161 2788 3238 habentia,
2830 3179 2872 3224 a
2912 3161 3086 3225 Sede
3122 3162 3528 3241 Apostolic-
3649 3153 3650 3174 ¹

529 3291 674 3337 esse
712 3273 1146 3347 conferenda;
1186 3272 1284 3335 vel
1330 3273 1491 3350 quia
1531 3270 1926 3334 vacaverint
1965 3271 2040 3332 in
2083 3271 2430 3334 mensibus
2469 3270 2861 3347 reservatis,
2904 3268 3009 3333 vel
3059 3269 3225 3347 quia
3265 3287 3357 3332 ex
3395 3269 3529 3331 alio
3649 3309 3650 3316 κ

529 3381 757 3458 capite
803 3380 1029 3443 dictae
1077 3379 1236 3442 Sedi
1296 3383 1646 3442 reservata
1695 3380 1857 3455 sint;
1908 3379 2052 3441 Nos
2098 3378 2702 3440 Praedecessorum
2753 3376 3165 3439 Nostrorum
3216 3377 3530 3455 vestigiis
3649 3377 3650 3388 ¹

530 3488 987 3564 inhaerentes,
1051 3487 1532 3566 praecipimus,
1581 3490 1652 3549 et
1699 3486 2126 3562 mandamus,
2176 3488 2258 3547 ut
2314 3501 2453 3546 uno
2501 3485 2605 3548 vel
2655 3483 2877 3547 altero
2921 3482 3279 3546 eveniente
3339 3498 3527 3556 can,

529 3612 901 3659 concursus
941 3597 1028 3658 ab
1070 3595 1412 3673 Episcopo
1458 3593 1606 3655 sine
1655 3592 1800 3655 ullo
1841 3592 2237 3656 discrimine
2286 3591 2663 3669 indicatur,
2705 3589 2903 3653 nulla
2941 3591 3031 3653 ad
3073 3590 3256 3652 hunc
3298 3594 3524 3654 actum

530 3706 751 3784 petita
792 3704 1014 3782 venia,
1054 3702 1159 3765 vel
1201 3702 1508 3777 licentia,
1553 3717 1756 3778 quam
1795 3700 2073 3763 Nostris
2112 3699 2298 3762 hisce
2347 3698 2608 3761 litteris
2647 3697 2778 3759 sibi
2819 3697 3156 3759 tributam
3200 3698 3523 3775 Episcopi

528 3810 949 3890 intelligant.

718 3920 747 3996 ξ
795 3919 897 3981 20.
946 3919 1282 3981 Absoluto
1329 3933 1692 3992 concursu,
1744 3916 1803 3977 si
1850 3932 1959 3978 res
2015 3914 2109 3977 sit
2154 3914 2237 3977 de
2294 3912 2640 3976 beneflciis
2682 3911 2971 3991 curatiS‚
3019 3926 3197 3986 quae
3255 3914 3524 3969 tantm

530 4030 800 4090 ratione
831 4026 1165 4087 mensium
1196 4027 1545 4085 reservata
1576 4023 1747 4099 sint,
1788 4022 2171 4100 Episcopus
2210 4021 2397 4083 inter
2428 4020 2847 4097 approbatos
2886 4017 3101 4096 eligat
3131 4019 3367 4098 magis
3393 4019 3524 4080 ida

531 4153 755 4212 neum,
793 4141 865 4198 et
898 4132 1232 4196 Datariae
1268 4130 1631 4210 significet,
1671 4146 1791 4192 nec
1835 4133 1993 4191 acta
2029 4143 2403 4190 concursus
2438 4126 2901 4201 transmittat,
2940 4124 3078 4185 nisi
3121 4141 3167 4186 a
3205 4121 3524 4195 nataris,

530 4261 684 4308 cum
717 4245 790 4306 id
819 4243 1279 4321 opportunum
1314 4238 1615 4315 duxerit,
1653 4236 2117 4314 requirantur.
2150 4235 2274 4297 Sin
2302 4251 2459 4297 vero
2489 4232 2677 4296 dicta
2702 4233 3055 4310 beneficia,
3083 4232 3344 4309 quibus
3369 4249 3524 4295 cura

532 4352 843 4415 imminet
882 4350 1294 4424 animarum,
1339 4363 1422 4408 em
1470 4345 1610 4407 alio
1677 4343 1915 4420 quovis
1978 4341 2230 4420 capite,
2298 4355 2500 4418 quam
2563 4339 2898 4402 mensium
2943 4338 3527 4416 Apostolicorum,

535 4462 831 4524 Sanctae
869 4457 1027 4521 Sedi
1076 4458 1424 4519 reservata
1461 4454 1624 4528 sint;
1671 4469 1751 4515 eo
1787 4467 1953 4514 sane
1989 4467 2180 4527 casu,
2224 4448 2437 4512 veteri
2475 4465 2612 4511 non
2659 4447 3027 4510 immutato
3065 4463 3285 4525 more,
3324 4446 3523 4511 absti-

532 4573 695 4630 neat
732 4568 1117 4645 Episcopus
1150 4582 1194 4627 a
1229 4563 1510 4626 ferendo
1552 4559 1890 4639 dignioris
1924 4557 2206 4633 iudicio,
2244 4560 2316 4620 et
2351 4559 2509 4619 acta
2546 4572 2920 4618 concursus
2965 4553 3154 4616 ultro
3196 4554 3527 4618 Datariae

531 4677 870 4740 exhibeat.

721 4784 751 4859 ξ
799 4784 900 4845 21.
949 4781 1211 4845 Licebit
1270 4782 1499 4842 tamen
1551 4774 1968 4850 Ordinariis,
2021 4789 2150 4853 pro
2197 4764 2321 4834 suo
2369 4769 2689 4847 arbitrio,
2752 4769 3228 4833 familiaribus
3275 4769 3525 4834 litoem

537 4890 829 4956 Datario
872 4889 1177 4966 scriptis,
1226 4886 1442 4950 eidem
1481 4882 1903 4948 denunciare
1946 4895 2331 4960 personam,
2376 4894 2580 4957 quam
2624 4881 2905 4940 censent
2949 4877 3294 4956 regendae
3334 4874 3522 4942 eccie-

536 5002 678 5064 siae
730 4997 950 5076 magis
998 4996 1337 5070 idoneam,
1382 4991 1820 5068 eumdemque
1870 5003 2316 5064 commonere,
2359 5002 2451 5049 an
2494 4985 2767 5049 occulta
2808 4983 3071 5063 aliqua,
3115 4989 3193 5050 et
3242 4986 3321 5048 in
3357 4982 3526 5047 κᾶε

534 5110 717 5172 iuste
757 5105 1033 5169 reticita
1073 5102 1295 5166 subsit
1331 5118 1541 5165 causa
1604 5115 1778 5179 quae
1816 5097 2117 5176 cuipiam
2159 5097 2386 5160 obstet
2421 5093 2512 5158 ad
2551 5092 2951 5157 beneficium
2998 5096 3327 5155 curatum
3364 5089 3521 5155 obti-
