3753 5871
441 296 551 355 940
1589 302 1785 353 0οάεο
1830 303 1994 353 Ιυνίε
2033 303 2314 355 Commio!

633 487 667 569 ξ
712 486 781 553 3.
833 486 1082 555 Etiam
1125 488 1477 573 religiosi,
1511 490 1686 558 licet
1718 490 2066 574 exempti,
2098 490 2301 557 circa
2341 491 2608 574 stipem
2643 493 3060 561 manualem
3094 500 3295 565 stare
3328 498 3444 566 de·

454 593 629 663 bent
662 593 960 663 decreto
1004 596 1386 664 Ordinarii
1423 596 1566 664 loci
1607 605 1744 667 aut
1777 598 2134 666 dioecesis
2165 599 2686 667 consuetudini
2715 597 2764 664 ¹.

1753 777 1931 844 CAN.
1975 777 2128 845 832.

633 898 1018 966 Sacerdoti
1051 900 1172 966 fas
1202 904 1318 968 est
1347 900 1671 967 oblatam
1705 902 1907 970 ultro
1947 903 2297 970 maiorem
2333 902 2599 986 stipem
2641 918 2778 985 pro
2813 902 3085 969 Missae
3124 901 3445 985 applica-

455 1004 656 1074 tione
681 1008 1033 1091 accipere;
1062 1013 1161 1089 et,
1193 1008 1340 1075 nisi
1374 1009 1518 1076 loci
1550 1009 1997 1077 Ordinarius
2024 1010 2511 1095 prohibuerit,
2552 1010 2776 1077 etiam
2807 1010 3163 1076 minorem
3186 1007 3240 1075 ².

1748 1184 1927 1251 CAN.
1968 1185 2121 1252 833.

633 1305 1148 1373 Praesumitur
1219 1306 1624 1375 oblatorem
1706 1309 2010 1392 petiisse
2078 1309 2312 1376 solam
2387 1310 2659 1377 Missae
2737 1309 3335 1393 applicationem:
3385 1310 3450 1376 si

459 1417 705 1480 tamen
767 1415 1058 1481 oblator
1118 1433 1457 1499 expresse
1508 1416 1801 1501 aliquas
1846 1417 2454 1485 circumstantias
2503 1419 2582 1484 in
2639 1419 2912 1486 Missae
2958 1418 3452 1486 celebratione

458 1522 859 1588 servandas
898 1521 1526 1603 determinaverit,
1565 1524 1931 1603 sacerdos,
1969 1524 2500 1610 eleemosynam
2544 1531 2964 1610 acceptans,
3005 1526 3166 1593 eius
3197 1526 3447 1593 volun·

454 1628 598 1694 tati
639 1633 840 1695 stare
871 1628 1087 1696 debet
1116 1628 1169 1696 ³.

1751 1739 1928 1805 CAN.
1973 1738 2125 1807 834.

631 1860 663 1942 ξ
713 1863 777 1925 1.
830 1860 1102 1928 Missae
1125 1878 1263 1945 pro
1295 1860 1561 1946 quibus
1585 1861 2047 1930 celebrandis
2074 1868 2366 1948 tempus
2391 1864 2485 1930 ab
2508 1865 2840 1933 oblatore
2866 1885 3206 1951 expresse
3239 1886 3442 1953 prae·

452 1967 812 2052 scriptum
845 1973 981 2050 est,
1016 1989 1101 2037 eo
1140 1968 1440 2036 omnino
1471 1974 1798 2053 tempore
1830 1977 2007 2039 sunt
2045 1971 2526 2039 celebrandae
2555 1973 2608 2039 ⁴.

633 2074 667 2157 ξ
713 2075 780 2140 2.
834 2075 916 2143 Si
962 2077 1252 2144 oblator
1297 2077 1586 2143 nullum
1636 2082 1929 2163 tempus
1979 2097 2118 2164 pro
2175 2080 2574 2147 Missarum
2621 2083 3079 2152 manualium
3127 2084 3440 2153 celebra·

452 2181 653 2250 tione
691 2200 1032 2267 expresse
1065 2183 1673 2269 praescripserit:

716 2293 815 2356 1.⁰
861 2289 1133 2358 Missae
1177 2310 1312 2376 pro
1355 2294 1651 2376 urgenti
1702 2313 1929 2362 causa
1977 2297 2269 2365 oblatae
2314 2298 2856 2383 quamprimum
2902 2302 3230 2384 tempore
3276 2300 3444 2368 utili

454 2403 631 2466 sunt
659 2396 1162 2482 celebrandam

711 2505 808 2571 2.⁰
853 2505 945 2572 In
971 2507 1146 2573 aliis
1170 2508 1465 2577 casibus
1492 2508 1769 2578 Missae
1799 2518 1978 2580 sunt
2010 2512 2490 2580 celebrandae
2516 2513 2722 2581 intra-
2751 2514 3117 2581 modicum
3155 2518 3448 2600 tempus

451 2628 589 2695 pro
624 2612 903 2680 maiore
945 2614 1062 2680 vel
1097 2614 1381 2682 minore
1418 2616 1816 2684 Missarum
1864 2636 2170 2687 numero
2205 2620 2257 2687 ⁵.

630 2719 663 2801 §
709 2719 802 2787 3.-
827 2719 1040 2799 Quod
1065 2723 1129 2788 si
1160 2720 1450 2790 oblator
1475 2724 1793 2792 arbitrio
1816 2727 2223 2794 sacerdotis
2246 2731 2538 2812 tempus
2559 2728 3080 2797 celebrationis
3104 2748 3446 2815 expresse

453 2827 863 2912 reliquerit,
928 2829 1270 2896 sacerdos
1317 2830 1594 2915 poterit
1641 2834 1971 2916 tempore
2032 2853 2176 2919 quo
2225 2835 2366 2902 sibi
2415 2835 2651 2919 magis
2712 2837 3103 2922 placuerit,
3158 2856 3285 2905 eas
3331 2856 3438 2906 ce·

448 2933 760 3018 lebrare‚
800 2933 1016 3004 firmo
1049 2937 1510 3022 praescripto
1542 2956 1706 3006 can.
1744 2940 1876 3008 835
1903 2942 1954 3008 ⁸.

1742 3113 1920 3180 CAN.
1961 3113 2114 3181 835.

620 3231 919 3300 Nemini
950 3233 1124 3301 licet
1156 3237 1273 3300 tot
1308 3233 1705 3300 Missarum
1742 3254 1969 3303 onera
2009 3255 2141 3321 per
2173 3257 2250 3304 se
2281 3238 2888 3306 celebrandarum
2928 3242 3251 3326 recipere
3286 3243 3438 3327 qui·

446 3337 583 3405 bus
625 3340 830 3407 intra
860 3359 1138 3407 annum
1175 3342 1608 3410 satisfacere
1652 3344 2039 3427 nequeat⁷.

1752 3525 1929 3590 CAN.
1971 3525 2124 3592 836.

622 3648 713 3713 In
754 3647 1083 3715 ecclesiis
1123 3647 1200 3714 in
1240 3647 1507 3731 quibus
1554 3648 1645 3714 o‘b
1688 3646 2015 3716 fidelium
2057 3650 2500 3734 peculiarem
2541 3649 3001 3717 devotionem
3044 3648 3442 3714 Missarum

449 3754 947 3841 eleemosynae
986 3755 1098 3822 ita
1132 3754 1467 3835 affluunt,
1513 3762 1599 3824 ut
1636 3773 1887 3823 omnes
1936 3757 2209 3825 Missae
2247 3758 2605 3826 celebrari
2646 3757 2916 3825 ibidem
2964 3756 3215 3825 debito
3263 3758 3438 3823 tem·

628 3961 649 3997 ¹
689 3960 747 4012 S.
780 3961 845 4013 0.
877 3961 965 4020 0.,
1008 3961 1291 4017 Romana,
1340 3962 1405 4013 15
1439 3961 1558 4012 ian.
1598 3961 1746 4017 1639.
1784 3961 1864 4013 ad
1901 3961 1950 4022 2:
1987 3960 2046 4013 S.
2090 3961 2377 4020 Severini,
2424 3962 2492 4013 16
2526 3962 2630 4014 iul.
2670 3962 2818 4025 1⁰89:
2866 3962 3105 4016 oramen
3143 3961 3440 4013 Minorem

448 4047 956 4107 conventualium.
995 4050 1028 4102 8
1064 4050 1207 4101 maii
1249 4050 1399 4102 1905.

624 4143 650 4178 ²
685 4140 1065 4193 Innocentius
1107 4141 1240 4200 ΧΠ,
1276 4143 1461 4192 const.
1500 4156 1531 4191 ι
1565 4139 1769 4200 Nuper
1802 4154 1851 4199 ι,
1892 4140 1957 4192 23
1990 4138 2113 4191 dec.
2152 4140 2299 4199 1697,
2347 4140 2375 4201 5
2410 4139 2493 4201 15,
2537 4140 2618 4192 ad
2651 4141 2703 4201 3,
2741 4141 2769 4202 5
2805 4141 2888 4201 3ος
2926 4139 2984 4193 S.
3022 4139 3087 4193 0.
3124 4140 3213 4200 0.,
3251 4139 3440 4189 Pisto·

447 4229 618 4287 nen„
652 4229 719 4282 16
754 4230 872 4281 lan.
914 4230 1063 4289 1649,
1099 4229 1175 4281 ad
1210 4229 1258 4288 2:
1299 4229 1359 4279 S.
1396 4227 1684 4287 Severini,
1717 4227 1784 4280 16
1826 4229 1930 4279 lul.
1968 4228 2116 4288 1689,
2160 4228 2240 4280 ad
2271 4231 2322 4287 13
2352 4228 2509 4280 decr.
2545 4229 2611 4281 23
2644 4240 2776 4281 nov.
2813 4230 2962 4290 1697,
3000 4229 3080 4280 ad
3113 4230 3163 4290 3;
3200 4228 3440 4280 Ordinis

446 4318 742 4368 umorum
780 4318 1289 4377 conventualium,
1326 4318 1360 4369 8
1391 4318 1536 4369 maii
1570 4319 1716 4379 1905;
1750 4319 1815 4369 15
1847 4320 1962 4369 oct.
1998 4317 2147 4377 1915,
2193 4317 2271 4369 ad
2307 4317 2389 4368 11.

622 4410 648 4446 ³
701 4408 758 4459 S.
796 4408 862 4459 0.
906 4407 964 4460 S.
1005 4408 1120 4460 off.
1168 4408 1348 4466 (Sect.
1389 4408 1463 4484 qe
1502 4408 1779 4468 Indulg.),
1827 4407 1984 4459 decr.
2025 4406 2091 4458 20
2127 4407 2276 4459 febr.
2314 4407 2461 4468 1913:
2507 4407 2568 4459 S.
2606 4407 2672 4459 0.
2712 4407 2800 4468 0.,
2840 4407 3159 4466 Patavina,
3206 4407 3273 4459 13
3311 4407 3435 4457 iun.

445 4498 592 4559 16533
625 4496 913 4555 Romana,
950 4498 982 4547 4
1019 4498 1140 4549 iun.
1171 4497 1326 4556 1689,
1367 4498 1445 4549 ad
1483 4498 1534 4558 1,
1570 4497 1619 4558 2:
1652 4496 1941 4554 Romana,
1988 4495 2055 4548 18
2090 4497 2254 4556 maii,
2302 4497 2335 4547 1
2370 4496 2492 4547 iun.
2533 4496 2682 4556 1715,
2729 4497 2811 4548 ad
2847 4497 2897 4558 5;
2933 4495 3221 4552 Romana,
3256 4494 3290 4545 2
3319 4498 3436 4546 oet.

445 4586 592 4648 17213
626 4584 990 4645 Ber-comen„
1018 4588 1083 4639 19
1111 4587 1254 4646 iun.,
1284 4587 1350 4638 10
1386 4587 1488 4639 iul.
1521 4586 1668 4648 1728,
1697 4586 1776 4637 ad
1812 4585 1861 4648 2;
1889 4587 1955 4637 19
1988 4586 2112 4637 dec.
2143 4586 2291 4645 1904,
2324 4585 2404 4637 ad
2434 4585 2485 4647 2,
2520 4585 2569 4639 8:
2598 4584 2658 4638 Β.
2694 4584 2760 4638 0.
2797 4584 2872 4636 de
2906 4585 3079 4646 Prop.
3118 4583 3284 4642 Fide,
3316 4583 3437 4635 litt.

457 4675 560 4734 (ad
594 4675 719 4726 vic.
757 4675 954 4736 Capit.
1004 4676 1444 4737 oya-acmen),
1482 4676 1516 4727 8
1553 4676 1673 4728 iun.
1712 4676 1859 4736 1844:
1907 4674 1965 4726 S.
2004 4673 2076 4726 R.
2115 4675 2202 4735 0.,
2242 4674 2398 4726 decr.
2445 4676 2480 4726 5
2514 4687 2650 4737 aug.
2692 4674 2839 4736 1662;
2873 4673 3030 4725 decr.
3071 4685 3201 4734 gen.
3243 4674 3276 4725 1
3310 4672 3436 4723 dee.

444 4766 591 4825 1666:
617 4764 772 4816 decr.
801 4777 930 4827 gen.
959 4766 1026 4817 13
1058 4778 1190 4827 aug.
1226 4747 1373 4826 soem
1406 4765 1580 4816 orma
1606 4768 1666 4817 et
1703 4763 1897 4822 Orbis,
1926 4764 1993 4817 as
2025 4768 2174 4824 sept.
2204 4763 2352 4825 me
2382 4763 2629 4824 aquen„
2658 4763 2693 4816 s
2718 4765 2896 4815 mart.
2925 4761 3075 4822 1761,
3106 4760 3186 4813 aa
3213 4761 3264 4822 ἰς
3301 4760 3437 4811 Ρω-

443 4852 599 4901 rium
634 4848 1022 4912 Dioecesium,
1059 4854 1123 4905 13
1157 4854 1277 4905 iun.
1312 4854 1460 4914 1899,
1497 4854 1576 4906 ad
1616 4855 1716 4906 lv.

623 4947 651 4981 ⁴
685 4942 744 4993 S.
781 4943 846 4995 0.
882 4943 970 5003 0.,
1004 4942 1268 5001 Ulia-sina,
1300 4943 1364 4995 12
1399 4944 1506 4995 iul.
1546 4944 1696 5004 1670,
1728 4942 1807 4995 ad
1836 4942 1887 5003 ἡ
1917 4939 2261 5000 Alea-aneu„
2300 4941 2365 4994 23
2397 4942 2542 5002 iun„
2582 4942 2615 4992 1
2646 4943 2794 5002 sept.
2830 4939 2980 5000 1742,
3015 4938 3096 4991 ad
3125 4940 3176 4991 9.

618 5034 645 5070 ³
686 5032 1067 5084 Innocentius
1090 5032 1223 5092 xn,
1251 5035 1435 5084 const.
1466 5049 1496 5083 ι
1521 5032 1724 5093 Nuper
1750 5045 1800 5092 s,
1832 5032 1898 5084 23
1921 5031 2046 5083 dec.
2081 5031 2229 5091 1697,
2262 5030 2289 5090 5
2325 5031 2408 5091 15,
2438 5029 2517 5082 ad
2541 5029 2626 5091 12,
2662 5030 2746 5090 15,
2779 5030 2807 5091 5
2842 5029 2926 5092 30;
2954 5028 3013 5081 Β.
3051 5027 3118 5081 0.
3155 5028 3247 5089 0.,
3277 5027 3437 5080 decr.

442 5124 507 5176 23
534 5135 667 5174 nov.
700 5122 849 5182 1697,
887 5122 969 5174 ad
1005 5121 1089 5182 12,
1124 5121 1206 5183 15;
1233 5120 1388 5172 decr.
1423 5136 1455 5171 ι
1489 5121 1565 5172 Ut
1604 5121 1805 5172 debita
1837 5136 1888 5181 ι,
1928 5122 1993 5172 11
2022 5120 2167 5171 mali
2201 5121 2350 5181 1904,
2385 5132 2445 5171 n.
2479 5119 2529 5171 2.

624 5217 650 5252 ⁸
683 5211 1065 5263 Innocentius
1087 5210 1221 5270 x11,
1248 5213 1433 5262 const.
1464 5225 1496 5260 ι
1520 5209 1723 5270 Nuper
1749 5224 1799 5271 s,
1830 5211 1896 5263 23
1920 5210 2044 5262 dec.
2080 5211 2228 5265 1697.
2261 5210 2289 5271 5
2324 5210 2408 5271 15,
2437 5209 2517 5261 ad
2541 5208 2627 5270 12,
2662 5209 2745 5269 15,
2779 5208 2807 5269 5
2841 5207 2925 5270 303
2955 5206 3014 5260 S.
3051 5206 3119 5260 0.
3156 5205 3246 5267 0.,
3277 5205 3437 5258 decr.

440 5303 506 5355 23
529 5313 665 5355 nov.
698 5303 847 5364 1697,
880 5301 959 5354 ad
987 5301 1070 5362 12,
1106 5301 1189 5362 15;
1218 5299 1374 5351 decr.
1410 5314 1443 5349 α
1475 5298 1553 5351 Ut
1592 5298 1792 5350 debita
1824 5313 1873 5360 s,
1914 5300 1981 5350 11
2010 5300 2155 5350 maii
2186 5300 2335 5359 1904,
2367 5311 2425 5350 n.
2466 5299 2543 5352 3.-

623 5395 647 5432 ⁷
685 5392 1065 5443 Innocentius
1103 5390 1237 5451 ΧΠ,
1276 5390 1462 5442 const.
1512 5403 1547 5445 ι
1592 5387 1796 5449 Nuper
1832 5404 1883 5451 x»,
1924 5389 1990 5441 23
2026 5388 2151 5440 dec.
2203 5388 2352 5449 1697,
2389 5388 2417 5449 5
2452 5388 2537 5448 15,
2579 5386 2659 5439 ad
2706 5387 2790 5448 11,
2828 5384 2971 5448 518,
3005 5385 3089 5448 3ος
3129 5383 3189 5436 Β.
3234 5381 3301 5435 0.
3346 5381 3438 5441 0.,

439 5482 595 5533 decr.
628 5481 693 5532 23
722 5492 854 5532 nov.
887 5480 1035 5541 1697,
1067 5480 1146 5532 ad
1176 5481 1259 5542 113
1290 5477 1447 5533 decr.
1480 5494 1512 5531 ι
1553 5477 1632 5531 Ut
1663 5477 1864 5530 debita
1902 5479 2054 5546 mxu
2082 5478 2228 5529 maii
2258 5477 2408 5538 1904,
2448 5488 2507 5528 n.
2545 5477 2597 5538 1,
2631 5475 2683 5528 8.
