3753 5871
1180 335 1357 387 [Ater
1400 335 1661 397 Quartus
1694 358 1715 369 ·
1748 332 1837 383 De
1880 331 2257 383 Processimus
3111 321 3220 381 ⁴83

416 521 450 604 ξ
496 520 563 586 2.
612 520 889 588 Eadem
930 519 1220 588 actione
1257 519 1461 588 intra
1512 519 1889 587 biennium
1929 518 2045 585 uti
2084 520 2354 602 potest,
2398 514 2526 601 qui
2566 533 2861 601 gravem
2912 532 3000 581 ex
3050 530 3212 580 con·

240 633 487 696 tractu
524 629 918 696 laesionem
957 627 1158 695 ultra
1196 627 1583 695 dimidium
1629 645 1717 694 ex
1754 644 2005 694 errore
2043 643 2307 709 passus
2346 629 2483 692 est.

1507 833 1682 900 CAN,
1735 832 1929 899 1685.

413 960 725 1027 Institui
754 958 932 1026 haec
964 958 1161 1026 actio
1198 961 1486 1044 potest:

500 1069 599 1133 1.⁰
641 1066 923 1134 Contra
946 1083 1111 1133 eum
1138 1066 1265 1150 qui
1288 1070 1561 1134 metum
1589 1066 1853 1135 intulit
1875 1071 2012 1133 aut
2034 1065 2284 1133 dolum
2315 1064 2670 1149 patravit,
2702 1063 3034 1149 quamvis
3065 1064 3223 1147 ipse

241 1193 386 1242 non
420 1176 500 1242 in
534 1193 774 1257 suum,
806 1175 932 1241 sed
966 1175 1045 1241 in
1074 1174 1388 1242 alterius
1411 1173 1868 1266 commodum
1905 1173 2092 1240 talia
2120 1173 2507 1257 peregerit3

500 1281 599 1347 2.⁰
642 1281 925 1349 Contra
960 1282 1354 1365 quemlibet
1387 1280 1624 1350 malae
1657 1280 1829 1348 fidei
1861 1286 1938 1348 et
1972 1281 2196 1348 etiam
2229 1281 2461 1348 bonae
2499 1279 2670 1347 fidei
2706 1296 3220 1364 possessorem,

243 1390 370 1474 qui
402 1408 519 1457 res
542 1393 742 1457 metu
768 1389 886 1457 vel
917 1390 1089 1457 dolo
1113 1393 1444 1456 extortas
1477 1389 1829 1473 possidet,
1867 1389 2072 1456 salvo
2098 1389 2261 1455 iure
2291 1406 2666 1473 regressus
2691 1390 2952 1454 contra
2983 1404 3219 1471 quem·

242 1496 424 1566 libet
458 1514 685 1580 usque
715 1496 810 1563 ad
844 1497 1085 1580 ipsum
1118 1501 1358 1564 metus
1389 1496 1504 1563 vel
1536 1496 1688 1563 doli
1724 1501 2124 1564 auctorem.

1505 1708 1680 1776 CAN.
1738 1706 1934 1775 1686.

423 1850 505 1918 Si
535 1852 602 1918 is
638 1852 764 1936 qui
793 1854 1067 1919 metum
1100 1847 1361 1917 intulit
1394 1856 1528 1918 aut
1557 1849 1809 1916 dolum
1842 1850 2196 1932 patravit,
2235 1852 2498 1932 urgeat
2535 1851 2748 1914 actus
2776 1852 2904 1913 vel
2935 1851 3220 1914 contra·

242 1961 411 2025 ctus
464 1958 1028 2039 exsecutionem,
1087 1957 1289 2041 parti
1332 1956 1575 2024 laesae
1623 1975 1750 2023 seu
1798 1955 2146 2040 deceptae
2200 1954 2554 2039 competit
2609 1954 2942 2038 exceptio
2987 1959 3227 2022 metus

243 2064 360 2132 vel
384 2065 561 2133 doli.

1519 2189 1695 2257 CAN.
1743 2188 1941 2255 1687.

425 2329 458 2411 §
506 2330 571 2396 1.
623 2328 1035 2397 Minoribus
1063 2328 1179 2396 vel
1203 2328 1568 2395 minorum
1598 2326 1762 2395 iure
1785 2320 2209 2395 fruentibus
2236 2326 2563 2411 graviter
2591 2326 2811 2392 laesis
2836 2342 3230 2409 eorumque

248 2436 636 2505 heredibus
662 2443 736 2506 et
770 2435 1337 2518 successoribus,
1374 2435 1469 2502 ad
1499 2435 1895 2503 laesionem
1928 2434 2415 2518 reparandam
2452 2453 2539 2501 ex
2576 2434 2871 2519 negotio
2899 2452 3026 2500 seu
3055 2438 3227 2501 actu

247 2545 495 2613 valido
544 2544 1022 2627 rescindibili,
1076 2548 1371 2628 praeter
1416 2542 1567 2610 alia
1619 2542 2003 2610 ordinaria
2050 2542 2395 2625 remedia,
2450 2542 2781 2626 suppetit
2832 2540 3227 2608 remedium

248 2651 921 2719 extraordinarium
955 2651 1451 2719 restitutionis
1487 2650 1567 2717 in
1607 2650 1978 2734 integrum
2028 2649 2077 2716 ¹.

425 2758 458 2841 ξ
504 2758 570 2824 2.
621 2758 784 2827 Hoc
814 2757 1241 2826 beneficium
1275 2758 1680 2826 maioribus
1711 2776 1996 2842 quoque
2025 2755 2455 2825 conceditur
2488 2773 2668 2840 quos
2699 2754 2948 2823 deficit
2980 2755 3227 2822 rescis-

249 2866 447 2934 soria
469 2867 669 2933 actio
691 2870 828 2937 aut
852 2865 1059 2934 aliud
1086 2864 1543 2933 ordinarium
1571 2866 1997 2949 remedium,
2030 2864 2423 2932 dummodo
2451 2863 2723 2931 iustam
2750 2863 3043 2931 subesse
3064 2880 3227 2930 cau·

250 2993 407 3043 sam
438 2980 514 3043 et
543 2973 938 3042 laesionem
973 2974 1114 3042 sibi
1145 2974 1658 3058 imputandam
1695 2993 1841 3043 non
1874 2991 2032 3041 esse
2062 2973 2537 3057 probaverint
2584 2970 2633 3033 ².

1524 3180 1699 3247 CAN.
1746 3179 1943 3246 1688.

432 3322 467 3406 5
514 3325 579 3389 1.
628 3322 1037 3391 Restitutio
1069 3323 1148 3412 in
1181 3324 1551 3408 integrum
1589 3323 1742 3407 peti
1780 3321 1995 3390 debet
2028 3322 2121 3388 ab
2157 3321 2537 3389 ordinario
2569 3321 2836 3402 iudice,
2878 3320 3004 3405 qui
3046 3337 3232 3387 com·

249 3437 504 3517 petens
545 3438 659 3501 est
700 3436 1034 3518 respectu
1077 3431 1309 3514 illius,
1351 3436 1617 3499 contra
1667 3449 1878 3515 quem
1931 3430 2238 3515 petitur,
2283 3431 2490 3497 intra
2530 3428 3096 3514 quadriennium
3138 3427 3232 3495 ab

254 3537 524 3621 adepta
557 3538 980 3606 maioritate
1010 3537 1613 3621 computandum,
1654 3538 1718 3604 si
1751 3541 2023 3621 agatur
2055 3536 2146 3606 de
2177 3536 2610 3619 minoribus,
2648 3554 2695 3602 a
2729 3535 2848 3602 die
2890 3534 3239 3602 laesionis

254 3646 499 3714 factae
525 3651 604 3714 et
633 3646 904 3714 cessati
939 3645 1470 3730 impedimenti,
1503 3645 1567 3712 si
1597 3645 1688 3713 de
1723 3645 2130 3712 maioribus
2163 3647 2297 3711 aut
2328 3644 2661 3728 personis
2690 3641 3095 3710 moralibus
3136 3638 3186 3703 ³.

434 3753 467 3836 ξ
513 3753 580 3819 2.
632 3753 1046 3821 Minoribus
1069 3754 1186 3821 vel
1216 3754 1582 3821 minorum
1616 3754 1778 3821 iure
1805 3752 2228 3821 fruentibus
2261 3752 2640 3820 restitutio
2664 3751 2965 3818 concedi
2997 3754 3242 3835 potest

255 3880 304 3928 a
345 3861 587 3930 iudice
622 3861 847 3929 etiam
890 3881 979 3929 ex
1018 3861 1275 3943 officio,
1314 3862 1575 3930 audito
1607 3862 1725 3931 vel
1760 3862 2091 3929 instante
2129 3864 2547 3946 promotore
2582 3858 2948 3926 iustitiae.

1526 4073 1703 4141 CAN.
1754 4072 1950 4140 1689.

433 4218 842 4287 Restitutio
881 4219 961 4286 in
1001 4218 1371 4302 integrum
1411 4217 1490 4286 id
1530 4216 1750 4287 efficit
1786 4223 1871 4287 ut
1910 4216 2150 4286 omnia
2205 4220 2639 4284 revocentur
2687 4216 2764 4282 in
2815 4215 3239 4300 pristinum,

257 4326 450 4395 idest
473 4327 972 4395 restituantur
995 4327 1075 4394 in
1101 4330 1380 4394 statum
1415 4345 1559 4412 quo
1585 4328 1798 4394 crant
1826 4329 1999 4393 ante
2024 4324 2445 4407 laesionem,
2477 4324 2703 4392 salvis
2736 4323 3025 4391 iuribus
3060 4342 3245 4409 quae

258 4435 417 4518 alii,
454 4434 648 4502 bona
681 4433 848 4518 fide,
888 4438 1062 4503 ante
1097 4434 1407 4518 petita-m
1448 4435 1994 4502 restitutionem
2035 4432 2530 4517 quaesiverint
2568 4429 2620 4493 ⁴.

444 4695 468 4732 ¹
504 4695 570 4747 Ο.
604 4694 708 4755 1-8,
738 4694 790 4755 5,
822 4695 872 4755 7,
904 4694 954 4753 8,
987 4695 1052 4753 x,
1099 4695 1170 4745 cie
1211 4694 1275 4743 in
1318 4695 1614 4753 inicorum
1655 4693 2051 4753 restitutione,
2099 4694 2149 4755 1,
2194 4695 2276 4756 41:
2314 4705 2362 4745 c.
2396 4695 2486 4758 11,
2511 4694 2577 4753 X,
2624 4695 2694 4744 de
2748 4692 2922 4744 rebus
2965 4690 3242 4741 eeclesiae

261 4783 595 4837 alienandis
630 4787 725 4836 vel
760 4796 897 4843 non,
927 4783 1044 4844 111,
1075 4784 1157 4845 13;
1184 4797 1234 4836 c.
1275 4784 1325 4844 2,
1357 4784 1424 4845 Χ,
1461 4786 1533 4836 de
1564 4783 1868 4844 precariis,
1903 4784 2020 4843 111,
2052 4784 2118 4836 14

436 4879 462 4912 ¹
503 4875 569 4927 O.
603 4875 652 4936 4,
688 4874 753 4935 X,
789 4875 861 4925 de
891 4876 954 4925 in
985 4874 1280 4934 inicorum
1311 4874 1709 4934 restitutione,
1743 4874 1793 4935 1,
1825 4876 1909 4926 41.

445 4971 471 5005 ³
507 4965 572 5018 C.
610 4965 661 5027 8,
697 4967 749 5026 9,
783 4966 849 5026 X,
896 4967 969 5016 de
997 4965 1062 5014 in
1096 4965 1389 5024 inteorum
1435 4963 1829 5024 restitutione,
1864 4965 1915 5025 1,
1947 4966 2029 5026 41:
2069 4976 2119 5016 c.
2152 4965 2203 5024 1,
2234 4964 2284 5025 2,
2322 4966 2393 5014 ae
2426 4961 2802 5014 restitutione
2837 4961 2900 5010 in
2936 4959 3247 5022 intemm,

265 5058 318 5120 1,
346 5058 429 5118 21,
461 5057 524 5108 ln
550 5057 678 5119 V103
704 5068 753 5108 c.
784 5069 906 5117 un„
940 5057 1011 5107 de
1036 5054 1413 5108 restitutione
1440 5056 1502 5105 in
1539 5054 1853 5114 intem-um,
1884 5055 1935 5115 1,
1973 5055 2057 5115 11,
2092 5054 2155 5104 ln
2180 5053 2362 5106 Clem.

440 5154 464 5187 ⁴
505 5147 569 5200 O.
605 5148 689 5206 11,
720 5147 788 5206 X,
820 5147 890 5197 de
927 5146 1103 5196 rebus
1132 5145 1412 5197 ecciesiae
1443 5143 1774 5195 alienandis
1812 5144 1906 5195 vel
1935 5155 2072 5202 non,
2113 5143 2228 5204 111,
2261 5143 2341 5195 13.
