3753 5871
1636 241 1823 291 ludeo
3114 257 3236 298 1111

2993 403 3103 437 mu.

240 485 385 551 Trr.
429 486 511 550 X.
712 521 791 530 -
834 487 932 550 De
974 484 1494 568 probationibus
1577 530 2796 547 .............
2883 482 3243 546 1747-1836

399 635 561 701 Cu».
604 639 655 700 1.
755 671 829 682 -
874 636 969 699 De
1009 635 1437 699 confessione
1480 635 1775 714 partium
1875 682 2796 698 ..........
2883 633 3239 696 1750-1753

401 769 561 835 Car.
606 772 688 836 11.
753 807 825 816 —
872 772 966 835 De
1009 770 1298 834 testibus
1340 772 1409 833 et
1456 769 2013 833 attestationibus
2080 818 2797 833 ........
2884 768 3235 831 1754-1791

565 888 705 951 Art.
749 887 797 951 Ι.
934 922 1006 931 ·—-
1052 886 1181 966 Qui
1226 889 1431 949 testes
1472 903 1620 948 esse
1661 885 1930 966 possint
1984 934 2798 950 .........
2884 884 3242 948 1756-1758

567 1002 711 1067 Art.
756 1003 838 1067 ΙΙ.
942 1040 1016 1049 -
1060 1004 1119 1067 A
1161 1003 1436 1084 quibus,
1479 1001 1842 1083 quomodo,
1889 1004 1958 1065 et
2000 1005 2168 1083 quot
2208 1004 2415 1065 testes
2458 1001 2690 1067 induci
2733 1006 2800 1065 et

960 1119 1078 1199 qui
1121 1118 1392 1182 excludi
1435 1118 1707 1199 possint
1778 1166 2798 1182 ...........
2883 1118 3242 1181 1759-1766

567 1235 708 1299 Art.
753 1235 865 1299 111.
936 1270 1005 1282 —
1052 1235 1147 1298 De
1188 1233 1629 1298 iureiurando
1672 1234 1952 1296 testium
1981 1281 2797 1298 .........
2881 1234 3244 1297 1767-1769

567 1353 705 1416 Art.
752 1352 859 1416 IV.
938 1386 1008 1396 —-
1055 1351 1151 1413 De
1193 1349 1467 1413 testium
1512 1349 1822 1412 examine
1884 1397 2800 1413 ..........
2887 1348 3234 1411 1770-1781

569 1469 707 1532 Art.
752 1469 828 1532 V.
935 1507 1007 1515 —
1055 1469 1149 1531 De
1171 1466 1715 1529 testimoniorum
1735 1465 2170 1546 evulgatione
2186 1483 2554 1547 eorumque
2580 1484 2800 1545 repro-

977 1582 1247 1647 batione
1278 1630 2799 1647 ................
2895 1581 3246 1645 1789-1786

570 1702 714 1767 Art.
757 1699 860 1765 Vl.
933 1736 1001 1747 -
1051 1701 1147 1764 De
1187 1698 1634 1763 indemnitate
1677 1698 1954 1764 testium
1986 1745 2801 1763 .........
2887 1697 3246 1762 1787-1788

569 1817 710 1880 Art.
751 1815 895 1880 VII.
924 1850 998 1861 —
1042 1815 1139 1879 De
1179 1813 1723 1877 testimoniorum
1768 1813 1898 1877 fide
1986 1862 2802 1878 .........
2889 1812 3240 1875 1789-1791

408 1960 569 2025 cxv.
612 1960 725 2024 111.
798 1996 872 2006 —
917 1961 1014 2024 De
1055 1958 1289 2040 peritis
1382 2006 2801 2022 ...............
2888 1956 3246 2019 1792-1805

410 2096 572 2160 CAP.
618 2097 725 2161 lV.
804 2131 873 2142 -
922 2098 1017 2159 De
1058 2112 1331 2157 accessu
1374 2097 1439 2156 et
1482 2093 1943 2174 recognitione
1987 2092 2287 2156 indicnali
2388 2141 2803 2157 .....
2889 2092 3240 2154 1806-1811

408 2230 569 2294 Car.
615 2231 690 2294 V.
795 2265 867 2274 ——
914 2231 1009 2293 De
1051 2229 1449 2310 probatione
1490 2244 1607 2309 per
1647 2226 2103 2290 instrumenta
2189 2275 2805 2291 .......
2890 2225 3248 2289 1812-1824

574 2347 716 2410 Art.
760 2347 810 2410 1.
887 2380 960 2391 ·-—
1004 2345 1100 2408 De
1143 2348 1390 2408 natura
1429 2347 1498 2407 et
1539 2342 1669 2408 flde
1713 2342 2317 2408 instrumentorum
2388 2391 2802 2407 .....
2888 2341 3247 2404 1812-1818

573 2464 716 2527 Art.
761 2461 841 2526 11.
882 2497 959 2508 —
1000 2461 1098 2524 De
1140 2460 1582 2542 productione
1643 2460 2204 2523 documentorum
2277 2463 2343 2522 et
2395 2460 2662 2522 actione
2715 2460 2801 2521 ad

970 2577 1426 2640 exhibendum
1490 2624 2804 2640 ..............
2890 2574 3248 2637 1819-1824

414 2720 573 2786 CAP.
616 2721 727 2786 VI.
803 2756 877 2766 —
924 2721 1018 2784 De
1061 2718 1730 2800 praesumptionibus
1786 2767 2804 2783 ...........
2889 2716 3248 2780 1825-1828

414 2854 575 2920 CAP.
618 2855 761 2919 Vll.
807 2890 878 2901 -
925 2856 1021 2918 De
1065 2853 1503 2918 iureiurando
1543 2852 1837 2934 partium
1885 2900 2804 2917 ..........
2890 2850 3249 2915 1829-1836

245 3037 391 3100 Ῥιτ.
433 3036 543 3099 XI.
718 3072 796 3080 —-
839 3036 936 3098 De
975 3033 1204 3098 causis
1245 3032 1705 3097 incidentibus
1792 3082 1806 3097 .
1896 3082 2808 3098 ..........
2895 3033 3246 3095 1837-1857

410 3168 569 3233 CAP.
615 3170 663 3233 1.
768 3204 840 3213 —
884 3169 979 3232 De
1020 3168 1451 3232 contumacia
1485 3215 2805 3231 ..............
2890 3135 3242 3229 1842-18'51

412 3298 571 3365 CAP.
616 3303 698 3366 11.
771 3339 843 3348 -—
888 3303 985 3364 De
1026 3301 1411 3364 interventu
1457 3301 1635 3364 tertii
1680 3301 1749 3363 in
1794 3319 2003 3363 causa
2090 3348 2806 3364 ........
2893 3299 3249 3362 1852-1853

413 3435 573 3501 Car.
618 3435 729 3500 111.
778 3472 851 3481 -
896 3437 991 3499 De
1034 3436 1384 3499 attentatis
1426 3436 1544 3500 lite
1586 3435 1921 3515 pendente
1992 3482 2807 3498 .........
2891 3430 3247 3496 1854-1857

252 3621 399 3684 Trr.
443 3619 585 3683 XII.
722 3656 800 3664 —
843 3620 940 3682 De
980 3635 1338 3699 processus
1380 3618 1858 3699 publicatione,
1887 3617 1971 3681 de
2011 3617 2449 3681 conclusione
2488 3618 2560 3680 in
2602 3634 2811 3681 causa

974 3739 1039 3798 et
1080 3735 1163 3798 de
1204 3751 1449 3797 causae
1488 3734 1919 3797 discussione
1990 3783 2805 3799 .........
2891 3734 3246 3797 1858-1867

250 3907 398 3970 Trr.
442 3905 619 3970 Xlll.
721 3941 801 3951 —-
841 3907 937 3969 De
977 3906 1315 3969 sententia
1382 3954 2804 3971 ...............
2889 3904 3244 3968 1868-1877

249 4090 399 4153 Trr.
444 4089 616 4153 xlv.
715 4126 794 4135 —
837 4091 934 4153 De
976 4088 1144 4152 iuris
1185 4089 1500 4153 remediis
1540 4090 1779 4152 contra
1818 4087 2228 4152 sententiam
2291 4135 2807 4152 ......
2893 4086 3246 4150 1878-1901

414 4221 577 4286 CAP.
619 4224 669 4286 1.
785 4259 855 4267 —-
902 4224 998 4287 De
1047 4221 1499 4304 appellatione
1586 4268 2807 4285 .............
2893 4218 3247 4283 1879-1891

416 4353 577 4417 CAP.
622 4355 705 4418 11.
780 4390 858 4398 —
899 4353 995 4416 De
1036 4352 1306 4433 querela
1351 4352 1690 4417 nullitatis
1731 4356 1970 4415 contra
2012 4351 2414 4416 sententiam
2490 4401 2503 4415 .
2592 4401 2604 4415 .
2691 4400 2704 4414 .
2791 4400 2803 4414 .
2893 4349 3247 4412 1892-1897

416 4487 578 4553 CAP.
623 4488 737 4552 ΙΙΙ.
785 4524 853 4535 -
902 4489 996 4552 De
1037 4487 1464 4569 oppositione
1506 4487 1683 4551 tertii
1691 4535 2806 4551 ............
2892 4485 3243 4548 1898-1901

255 4661 401 4724 Trr.
446 4660 587 4723 XV.
721 4696 797 4705 —
844 4661 939 4723 De
980 4677 1051 4722 re
1093 4659 1393 4724 iudicata
1431 4663 1499 4722 et
1538 4659 1622 4721 de
1663 4659 2094 4723 restitutione
2136 4659 2206 4721 in
2251 4658 2612 4741 integrum.
2697 4707 2711 4722 .
2798 4708 2811 4721 .
2898 4658 3252 4721 1902-1907

258 4828 402 4890 Trr.
446 4826 620 4890 XVI.
721 4864 800 4871 —
843 4829 939 4892 De
979 4827 1297 4908 expensis
1340 4826 1775 4890 iudicialibus
1816 4830 1885 4889 et
1924 4827 2224 4909 gratuito
2268 4826 2644 4908 patrocinio
2698 4875 2711 4890 .
2797 4874 2810 4888 .
2898 4788 3255 4889 190841916

418 4960 581 5024 Car.
627 4963 675 5025 Ι.
751 4997 825 5006 -
871 4963 967 5025 De
1007 4962 1325 5042 expensis
1366 4961 1805 5024 iudicialibus
1893 5010 2810 5025 ..........
2896 4960 3254 5024 1908-1913

420 5095 583 5158 CAP.
628 5096 705 5159 ll.
748 5132 825 5140 —-
868 5096 963 5158 De
998 5095 1295 5176 gratuito
1324 5095 1721 5176 patrocinio,
1754 5099 1872 5158 aut
1903 5113 2350 5176 expensarum
2383 5094 2811 5157 iudicialium

984 5210 1437 5276 diminutione
1491 5260 2812 5277 ..............
2900 5213 3258 5275 1914-1916

260 5383 402 5448 Τιτ.
446 5380 653 5447 xvn.
720 5418 800 5428 —
842 5382 938 5446 De
979 5382 1409 5447 exsecutione
1448 5382 1823 5447 sententiae
1900 5431 2814 5449 ..........
2900 5382 3259 5447 1917-1924
