<?xml version="1.0" encoding="UTF-8"?>
<!DOCTYPE html PUBLIC "-//W3C//DTD XHTML 1.0 Transitional//EN"
    "http://www.w3.org/TR/xhtml1/DTD/xhtml1-transitional.dtd">
<html xmlns="http://www.w3.org/1999/xhtml" xml:lang="en" lang="en">
 <head>
  <title>
</title>
<meta http-equiv="Content-Type" content="text/html;charset=utf-8" />
  <meta name='ocr-system' content='tesseract 3.04.00' />
  <meta name='ocr-capabilities' content='ocr_page ocr_carea ocr_par ocr_line ocrx_word'/>
</head>
<body>
  <div class='ocr_page' id='page_1' title='image "./codexiuriscanon00xgoog_0543.png"; bbox 0 0 3753 5871; ppageno 0'>
   <div class='ocr_carea' id='block_1_1' title="bbox 1165 263 3201 326">
    <p class='ocr_par' dir='ltr' id='par_1_1' title="bbox 1165 263 3201 326">
     <span class='ocr_line' id='line_1_1' title="bbox 1165 263 3201 326; baseline 0.004 -13"><span class='ocrx_word' id='word_1_1' title='bbox 1165 263 1341 314; x_wconf 69' lang='lat' dir='ltr'>uber</span> <span class='ocrx_word' id='word_1_2' title='bbox 1385 265 1645 326; x_wconf 64' lang='lat' dir='ltr'>Quartus</span> <span class='ocrx_word' id='word_1_3' title='bbox 1679 289 1699 300; x_wconf 91' lang='lat'><strong>·</strong></span> <span class='ocrx_word' id='word_1_4' title='bbox 1733 264 1820 314; x_wconf 80' lang='lat' dir='ltr'>De</span> <span class='ocrx_word' id='word_1_5' title='bbox 1865 264 2240 316; x_wconf 66' lang='lat' dir='ltr'>pronomem</span> <span class='ocrx_word' id='word_1_6' title='bbox 3095 263 3201 323; x_wconf 73' lang='lat'>491</span> 
     </span>
    </p>
   </div>
   <div class='ocr_carea' id='block_1_2' title="bbox 1481 489 1906 556">
    <p class='ocr_par' dir='ltr' id='par_1_2' title="bbox 1481 489 1906 556">
     <span class='ocr_line' id='line_1_2' title="bbox 1481 489 1906 556; baseline -0.005 0"><span class='ocrx_word' id='word_1_7' title='bbox 1481 489 1658 556; x_wconf 78' lang='lat' dir='ltr'>CAN.</span> <span class='ocrx_word' id='word_1_8' title='bbox 1710 489 1906 556; x_wconf 85' lang='lat'>1722.</span> 
     </span>
    </p>
   </div>
   <div class='ocr_carea' id='block_1_3' title="bbox 154 630 3204 820">
    <p class='ocr_par' dir='ltr' id='par_1_3' title="bbox 154 630 3204 820">
     <span class='ocr_line' id='line_1_3' title="bbox 401 630 3204 717; baseline 0.001 -22"><span class='ocrx_word' id='word_1_9' title='bbox 401 630 434 710; x_wconf 65' lang='grc' dir='ltr'>ξ</span> <span class='ocrx_word' id='word_1_10' title='bbox 483 631 548 695; x_wconf 93' lang='grc'><strong>1.</strong></span> <span class='ocrx_word' id='word_1_11' title='bbox 598 630 877 696; x_wconf 80' lang='lat' dir='ltr'>Cursor</span> <span class='ocrx_word' id='word_1_12' title='bbox 906 647 1093 714; x_wconf 92' lang='lat' dir='ltr'>quae</span> <span class='ocrx_word' id='word_1_13' title='bbox 1118 631 1400 716; x_wconf 83' lang='lat' dir='ltr'><strong>peregit</strong></span> <span class='ocrx_word' id='word_1_14' title='bbox 1425 632 1522 698; x_wconf 90' lang='lat' dir='ltr'>ad</span> <span class='ocrx_word' id='word_1_15' title='bbox 1549 631 1864 699; x_wconf 88' lang='lat' dir='ltr'>iudicem</span> <span class='ocrx_word' id='word_1_16' title='bbox 1897 634 2172 700; x_wconf 80' lang='lat' dir='ltr'>referat</span> <span class='ocrx_word' id='word_1_17' title='bbox 2206 633 2285 699; x_wconf 93' lang='lat' dir='ltr'>in</span> <span class='ocrx_word' id='word_1_18' title='bbox 2317 633 2619 717; x_wconf 90' lang='lat' dir='ltr'>scriptis</span> <span class='ocrx_word' id='word_1_19' title='bbox 2647 649 2870 699; x_wconf 90' lang='lat' dir='ltr'>manu</span> <span class='ocrx_word' id='word_1_20' title='bbox 2900 634 3204 717; x_wconf 87' lang='lat' dir='ltr'>propria</span> 
     </span>
     <span class='ocr_line' id='line_1_4' title="bbox 154 735 1771 820; baseline 0.005 -22"><span class='ocrx_word' id='word_1_21' title='bbox 154 735 698 820; x_wconf 80' lang='lat' dir='ltr'>subsignatis,</span> <span class='ocrx_word' id='word_1_22' title='bbox 741 754 927 820; x_wconf 77' lang='lat' dir='ltr'>quae</span> <span class='ocrx_word' id='word_1_23' title='bbox 963 738 1041 802; x_wconf 84' lang='lat' dir='ltr'>in</span> <span class='ocrx_word' id='word_1_24' title='bbox 1072 738 1263 805; x_wconf 88' lang='lat' dir='ltr'>actis</span> <span class='ocrx_word' id='word_1_25' title='bbox 1294 743 1679 806; x_wconf 84' lang='lat' dir='ltr'>serventur</span> <span class='ocrx_word' id='word_1_26' title='bbox 1722 737 1771 806; x_wconf 89' lang='lat'>¹.</span> 
     </span>
    </p>
   </div>
   <div class='ocr_carea' id='block_1_4' title="bbox 164 842 3205 1020">
    <p class='ocr_par' dir='ltr' id='par_1_4' title="bbox 164 842 3205 1020">
     <span class='ocr_line' id='line_1_5' title="bbox 397 842 3205 928; baseline 0.001 -19"><span class='ocrx_word' id='word_1_27' title='bbox 397 844 430 924; x_wconf 65' lang='grc' dir='ltr'>ξ</span> <span class='ocrx_word' id='word_1_28' title='bbox 477 842 544 909; x_wconf 91' lang='grc'><strong>2.</strong></span> <span class='ocrx_word' id='word_1_29' title='bbox 596 844 679 912; x_wconf 82' lang='lat' dir='ltr'>Si</span> <span class='ocrx_word' id='word_1_30' title='bbox 716 863 848 928; x_wconf 91' lang='lat' dir='ltr'>per</span> <span class='ocrx_word' id='word_1_31' title='bbox 886 845 1441 914; x_wconf 79' lang='lat' dir='ltr'><strong>tabellariorum</strong></span> <span class='ocrx_word' id='word_1_32' title='bbox 1481 847 1794 916; x_wconf 82' lang='lat' dir='ltr'>officium</span> <span class='ocrx_word' id='word_1_33' title='bbox 1842 849 2104 916; x_wconf 88' lang='lat' dir='ltr'>citatio</span> <span class='ocrx_word' id='word_1_34' title='bbox 2154 848 2739 928; x_wconf 79' lang='lat' dir='ltr'>transmittatur,</span> <span class='ocrx_word' id='word_1_35' title='bbox 2785 851 3205 913; x_wconf 83' lang='lat' dir='ltr'>asservetur</span> 
     </span>
     <span class='ocr_line' id='line_1_6' title="bbox 164 950 1464 1020; baseline 0.002 -6"><span class='ocrx_word' id='word_1_36' title='bbox 164 950 274 1015; x_wconf 88' lang='lat' dir='ltr'>in</span> <span class='ocrx_word' id='word_1_37' title='bbox 338 950 536 1017; x_wconf 85' lang='lat' dir='ltr'>actis</span> <span class='ocrx_word' id='word_1_38' title='bbox 573 950 754 1019; x_wconf 85' lang='lat' dir='ltr'>fides</span> <span class='ocrx_word' id='word_1_39' title='bbox 789 952 1111 1019; x_wconf 86' lang='lat' dir='ltr'>eiusdem</span> <span class='ocrx_word' id='word_1_40' title='bbox 1151 953 1366 1020; x_wconf 83' lang='lat' dir='ltr'>officii</span> <span class='ocrx_word' id='word_1_41' title='bbox 1414 954 1464 1017; x_wconf 86' lang='lat'>¹.</span> 
     </span>
    </p>
   </div>
   <div class='ocr_carea' id='block_1_5' title="bbox 1493 1094 1915 1163">
    <p class='ocr_par' dir='ltr' id='par_1_5' title="bbox 1493 1094 1915 1163">
     <span class='ocr_line' id='line_1_7' title="bbox 1493 1094 1915 1163; baseline -0.007 0"><span class='ocrx_word' id='word_1_42' title='bbox 1493 1095 1669 1163; x_wconf 70' lang='lat' dir='ltr'>CAN.</span> <span class='ocrx_word' id='word_1_43' title='bbox 1714 1094 1915 1162; x_wconf 87' lang='grc'><strong>1723.</strong></span> 
     </span>
    </p>
   </div>
   <div class='ocr_carea' id='block_1_6' title="bbox 397 1230 3208 1323">
    <p class='ocr_par' dir='ltr' id='par_1_6' title="bbox 397 1230 3208 1323">
     <span class='ocr_line' id='line_1_8' title="bbox 397 1230 3208 1323; baseline -0.003 -17"><span class='ocrx_word' id='word_1_44' title='bbox 397 1238 482 1306; x_wconf 82' lang='lat' dir='ltr'>si</span> <span class='ocrx_word' id='word_1_45' title='bbox 514 1239 782 1308; x_wconf 79' lang='lat' dir='ltr'>scheda</span> <span class='ocrx_word' id='word_1_46' title='bbox 816 1239 1166 1307; x_wconf 87' lang='lat' dir='ltr'>citatoria</span> <span class='ocrx_word' id='word_1_47' title='bbox 1196 1255 1343 1304; x_wconf 92' lang='lat' dir='ltr'>non</span> <span class='ocrx_word' id='word_1_48' title='bbox 1378 1236 1654 1305; x_wconf 71' lang='lat' dir='ltr'>referat</span> <span class='ocrx_word' id='word_1_49' title='bbox 1686 1254 1871 1323; x_wconf 89' lang='lat' dir='ltr'>quae</span> <span class='ocrx_word' id='word_1_50' title='bbox 1907 1237 1986 1303; x_wconf 90' lang='lat' dir='ltr'>in</span> <span class='ocrx_word' id='word_1_51' title='bbox 2026 1253 2189 1302; x_wconf 88' lang='lat' dir='ltr'>can.</span> <span class='ocrx_word' id='word_1_52' title='bbox 2227 1234 2398 1300; x_wconf 84' lang='grc'><strong>1715</strong></span> <span class='ocrx_word' id='word_1_53' title='bbox 2432 1230 3043 1317; x_wconf 71' lang='lat' dir='ltr'>praescribuntur</span> <span class='ocrx_word' id='word_1_54' title='bbox 3072 1234 3208 1298; x_wconf 90' lang='lat' dir='ltr'>aut</span> 
     </span>
    </p>
   </div>
   <div class='ocr_carea' id='block_1_7' title="bbox 174 1340 3210 1537">
    <p class='ocr_par' dir='ltr' id='par_1_7' title="bbox 174 1340 3210 1537">
     <span class='ocr_line' id='line_1_9' title="bbox 175 1340 3210 1429; baseline -0.002 -19"><span class='ocrx_word' id='word_1_55' title='bbox 175 1364 367 1413; x_wconf 84' lang='lat' dir='ltr'>non</span> <span class='ocrx_word' id='word_1_56' title='bbox 402 1346 635 1415; x_wconf 80' lang='lat' dir='ltr'>fuerit</span> <span class='ocrx_word' id='word_1_57' title='bbox 675 1347 1000 1429; x_wconf 82' lang='lat' dir='ltr'>legitime</span> <span class='ocrx_word' id='word_1_58' title='bbox 1032 1346 1402 1428; x_wconf 86' lang='lat' dir='ltr'>intimata,</span> <span class='ocrx_word' id='word_1_59' title='bbox 1440 1345 1722 1411; x_wconf 90' lang='lat' dir='ltr'>nullius</span> <span class='ocrx_word' id='word_1_60' title='bbox 1751 1344 2122 1411; x_wconf 28' lang='lat' dir='ltr'>momenti,</span> <span class='ocrx_word' id='word_1_61' title='bbox 2144 1346 2324 1410; x_wconf 87' lang='lat' dir='ltr'>sunt</span> <span class='ocrx_word' id='word_1_62' title='bbox 2353 1347 2512 1410; x_wconf 92' lang='lat' dir='ltr'>tum</span> <span class='ocrx_word' id='word_1_63' title='bbox 2544 1340 2811 1408; x_wconf 88' lang='lat' dir='ltr'>citatio</span> <span class='ocrx_word' id='word_1_64' title='bbox 2844 1343 3001 1407; x_wconf 92' lang='lat' dir='ltr'>tum</span> <span class='ocrx_word' id='word_1_65' title='bbox 3036 1342 3210 1405; x_wconf 89' lang='lat' dir='ltr'>acta</span> 
     </span>
     <span class='ocr_line' id='line_1_10' title="bbox 174 1470 631 1537; baseline -0.004 -16"><span class='ocrx_word' id='word_1_66' title='bbox 174 1470 631 1537; x_wconf 83' lang='lat' dir='ltr'>processus.</span> 
     </span>
    </p>
   </div>
   <div class='ocr_carea' id='block_1_8' title="bbox 1493 1577 1921 1646">
    <p class='ocr_par' dir='ltr' id='par_1_8' title="bbox 1493 1577 1921 1646">
     <span class='ocr_line' id='line_1_11' title="bbox 1493 1577 1921 1646; baseline -0.005 0"><span class='ocrx_word' id='word_1_67' title='bbox 1493 1577 1672 1646; x_wconf 78' lang='lat' dir='ltr'>OAN.</span> <span class='ocrx_word' id='word_1_68' title='bbox 1725 1577 1921 1644; x_wconf 82' lang='grc'><strong>1724.</strong></span> 
     </span>
    </p>
   </div>
   <div class='ocr_carea' id='block_1_9' title="bbox 184 1721 3210 2023">
    <p class='ocr_par' dir='ltr' id='par_1_9' title="bbox 184 1721 3210 2023">
     <span class='ocr_line' id='line_1_12' title="bbox 403 1721 3210 1808; baseline -0.001 -18"><span class='ocrx_word' id='word_1_69' title='bbox 403 1721 727 1808; x_wconf 81' lang='lat' dir='ltr'>Regulae</span> <span class='ocrx_word' id='word_1_70' title='bbox 770 1722 1112 1807; x_wconf 88' lang='lat' dir='ltr'>superius</span> <span class='ocrx_word' id='word_1_71' title='bbox 1153 1726 1483 1794; x_wconf 84' lang='lat' dir='ltr'>statutae</span> <span class='ocrx_word' id='word_1_72' title='bbox 1527 1740 1663 1806; x_wconf 92' lang='lat' dir='ltr'>pro</span> <span class='ocrx_word' id='word_1_73' title='bbox 1717 1722 1826 1789; x_wconf 89' lang='lat' dir='ltr'>rei</span> <span class='ocrx_word' id='word_1_74' title='bbox 1866 1722 2248 1804; x_wconf 79' lang='lat' dir='ltr'>citatione,</span> <span class='ocrx_word' id='word_1_75' title='bbox 2295 1722 2563 1789; x_wconf 85' lang='lat' dir='ltr'>ceteris</span> <span class='ocrx_word' id='word_1_76' title='bbox 2610 1740 2895 1807; x_wconf 87' lang='lat' dir='ltr'>quoque</span> <span class='ocrx_word' id='word_1_77' title='bbox 2948 1721 3210 1789; x_wconf 90' lang='lat' dir='ltr'>iudicii</span> 
     </span>
     <span class='ocr_line' id='line_1_13' title="bbox 184 1829 3209 1915; baseline 0 -18"><span class='ocrx_word' id='word_1_78' title='bbox 184 1829 539 1911; x_wconf 84' lang='lat' dir='ltr'>actibus,</span> <span class='ocrx_word' id='word_1_79' title='bbox 566 1848 702 1915; x_wconf 90' lang='lat' dir='ltr'>pro</span> <span class='ocrx_word' id='word_1_80' title='bbox 730 1830 1021 1897; x_wconf 86' lang='lat' dir='ltr'>diversa</span> <span class='ocrx_word' id='word_1_81' title='bbox 1046 1833 1294 1897; x_wconf 87' lang='lat' dir='ltr'>tamen</span> <span class='ocrx_word' id='word_1_82' title='bbox 1320 1848 1572 1897; x_wconf 90' lang='lat' dir='ltr'>eorum</span> <span class='ocrx_word' id='word_1_83' title='bbox 1601 1834 1900 1912; x_wconf 87' lang='lat' dir='ltr'>natura,</span> <span class='ocrx_word' id='word_1_84' title='bbox 1926 1829 2585 1897; x_wconf 85' lang='lat' dir='ltr'>accommodandae</span> <span class='ocrx_word' id='word_1_85' title='bbox 2615 1834 2692 1898; x_wconf 87' lang='lat' dir='ltr'>et</span> <span class='ocrx_word' id='word_1_86' title='bbox 2721 1829 3209 1913; x_wconf 86' lang='lat' dir='ltr'>applicandae</span> 
     </span>
     <span class='ocr_line' id='line_1_14' title="bbox 185 1937 3129 2023; baseline 0 -20"><span class='ocrx_word' id='word_1_87' title='bbox 185 1943 427 2019; x_wconf 88' lang='lat' dir='ltr'>sunt,</span> <span class='ocrx_word' id='word_1_88' title='bbox 458 1945 542 2005; x_wconf 90' lang='lat' dir='ltr'>ut</span> <span class='ocrx_word' id='word_1_89' title='bbox 567 1937 1028 2005; x_wconf 90' lang='lat' dir='ltr'>decretorum</span> <span class='ocrx_word' id='word_1_90' title='bbox 1053 1938 1170 2006; x_wconf 83' lang='lat' dir='ltr'>vel</span> <span class='ocrx_word' id='word_1_91' title='bbox 1203 1938 1737 2007; x_wconf 81' lang='lat' dir='ltr'>sententiarum</span> <span class='ocrx_word' id='word_1_92' title='bbox 1765 1938 2317 2006; x_wconf 87' lang='lat' dir='ltr'>denuntiationi</span> <span class='ocrx_word' id='word_1_93' title='bbox 2341 1938 2657 2023; x_wconf 83' lang='lat' dir='ltr'>aliisque</span> <span class='ocrx_word' id='word_1_94' title='bbox 2683 1937 3129 2006; x_wconf 84' lang='lat' dir='ltr'>huiusmodi.</span> 
     </span>
    </p>
   </div>
   <div class='ocr_carea' id='block_1_10' title="bbox 1542 2111 1954 2181">
    <p class='ocr_par' dir='ltr' id='par_1_10' title="bbox 1542 2111 1954 2181">
     <span class='ocr_line' id='line_1_15' title="bbox 1542 2111 1954 2181; baseline -0.007 0"><span class='ocrx_word' id='word_1_95' title='bbox 1542 2113 1721 2181; x_wconf 71' lang='lat' dir='ltr'>cm.</span> <span class='ocrx_word' id='word_1_96' title='bbox 1758 2111 1954 2180; x_wconf 84' lang='grc'><strong>1725.</strong></span> 
     </span>
    </p>
   </div>
   <div class='ocr_carea' id='block_1_11' title="bbox 201 2252 3213 2765">
    <p class='ocr_par' dir='ltr' id='par_1_11' title="bbox 201 2252 3213 2765">
     <span class='ocr_line' id='line_1_16' title="bbox 396 2252 3205 2339; baseline -0 -19"><span class='ocrx_word' id='word_1_97' title='bbox 396 2252 583 2320; x_wconf 86' lang='lat' dir='ltr'>Cum</span> <span class='ocrx_word' id='word_1_98' title='bbox 618 2254 885 2323; x_wconf 87' lang='lat' dir='ltr'>citatio</span> <span class='ocrx_word' id='word_1_99' title='bbox 913 2254 1240 2339; x_wconf 83' lang='lat' dir='ltr'>legitime</span> <span class='ocrx_word' id='word_1_100' title='bbox 1267 2255 1569 2338; x_wconf 86' lang='lat' dir='ltr'>peracta</span> <span class='ocrx_word' id='word_1_101' title='bbox 1595 2253 1827 2321; x_wconf 76' lang='lat' dir='ltr'>tuerit</span> <span class='ocrx_word' id='word_1_102' title='bbox 1853 2258 1988 2321; x_wconf 89' lang='lat' dir='ltr'>aut</span> <span class='ocrx_word' id='word_1_103' title='bbox 2017 2258 2270 2338; x_wconf 87' lang='lat' dir='ltr'>partes</span> <span class='ocrx_word' id='word_1_104' title='bbox 2300 2259 2562 2338; x_wconf 88' lang='lat' dir='ltr'>sponte</span> <span class='ocrx_word' id='word_1_105' title='bbox 2595 2255 2675 2321; x_wconf 93' lang='lat' dir='ltr'>in</span> <span class='ocrx_word' id='word_1_106' title='bbox 2707 2252 3063 2320; x_wconf 90' lang='lat' dir='ltr'>iudicium</span> <span class='ocrx_word' id='word_1_107' title='bbox 3094 2271 3205 2319; x_wconf 84' lang='lat' dir='ltr'>ve·</span> 
     </span>
     <span class='ocr_line' id='line_1_17' title="bbox 201 2377 2890 2427; baseline 0 -2"><span class='ocrx_word' id='word_1_108' title='bbox 201 2377 257 2425; x_wconf 91' lang='lat' dir='ltr'>n</span> <span class='ocrx_word' id='word_1_109' title='bbox 503 2381 520 2427; x_wconf 73' lang='grc' dir='ltr'><strong><em>ε</em></strong></span> <span class='ocrx_word' id='word_1_110' title='bbox 2887 2385 2890 2388; x_wconf 56' lang='grc'>’</span> 
     </span>
     <span class='ocr_line' id='line_1_18' title="bbox 258 2359 1851 2570; baseline 0.001 -37"><span class='ocrx_word' id='word_1_111' title='bbox 258 2359 585 2534; x_wconf 59' lang='lat' dir='ltr'>erintl?</span> <span class='ocrx_word' id='word_1_112' title='bbox 627 2467 774 2536; x_wconf 85' lang='lat' dir='ltr'>Res</span> <span class='ocrx_word' id='word_1_113' title='bbox 805 2469 1081 2537; x_wconf 89' lang='lat' dir='ltr'>desinit</span> <span class='ocrx_word' id='word_1_114' title='bbox 1122 2488 1279 2537; x_wconf 89' lang='lat' dir='ltr'>esse</span> <span class='ocrx_word' id='word_1_115' title='bbox 1319 2470 1633 2554; x_wconf 79' lang='lat' dir='ltr'>integra3</span> <span class='ocrx_word' id='word_1_116' title='bbox 1850 2567 1851 2570; x_wconf 4' lang='grc' dir='ltr'><strong>Ἴ</strong></span> 
     </span>
     <span class='ocr_line' id='line_1_19' title="bbox 489 2573 3213 2662; baseline 0 -21"><span class='ocrx_word' id='word_1_117' title='bbox 489 2573 588 2641; x_wconf 65' lang='grc'><strong>2.*</strong></span> <span class='ocrx_word' id='word_1_118' title='bbox 630 2574 877 2643; x_wconf 82' lang='lat' dir='ltr'>Oausa</span> <span class='ocrx_word' id='word_1_119' title='bbox 917 2576 1004 2646; x_wconf 80' lang='lat' dir='ltr'>fit</span> <span class='ocrx_word' id='word_1_120' title='bbox 1034 2578 1338 2661; x_wconf 89' lang='lat' dir='ltr'>propria</span> <span class='ocrx_word' id='word_1_121' title='bbox 1368 2577 1576 2646; x_wconf 91' lang='lat' dir='ltr'>illius</span> <span class='ocrx_word' id='word_1_122' title='bbox 1611 2577 1880 2646; x_wconf 89' lang='lat' dir='ltr'>iudicis</span> <span class='ocrx_word' id='word_1_123' title='bbox 1910 2581 2047 2646; x_wconf 89' lang='lat' dir='ltr'>aut</span> <span class='ocrx_word' id='word_1_124' title='bbox 2081 2577 2507 2658; x_wconf 88' lang='lat' dir='ltr'>tribunalis,</span> <span class='ocrx_word' id='word_1_125' title='bbox 2544 2595 2792 2644; x_wconf 87' lang='lat' dir='ltr'>coram</span> <span class='ocrx_word' id='word_1_126' title='bbox 2838 2594 2981 2662; x_wconf 87' lang='lat' dir='ltr'>quo</span> <span class='ocrx_word' id='word_1_127' title='bbox 3015 2576 3213 2643; x_wconf 83' lang='lat' dir='ltr'>actio</span> 
     </span>
     <span class='ocr_line' id='line_1_20' title="bbox 207 2682 767 2765; baseline 0.005 -16"><span class='ocrx_word' id='word_1_128' title='bbox 207 2682 582 2750; x_wconf 86' lang='lat' dir='ltr'>instituta</span> <span class='ocrx_word' id='word_1_129' title='bbox 615 2688 729 2751; x_wconf 86' lang='lat' dir='ltr'>est</span> <span class='ocrx_word' id='word_1_130' title='bbox 747 2701 767 2765; x_wconf 80' lang='lat'>3</span> 
     </span>
    </p>
   </div>
   <div class='ocr_carea' id='block_1_12' title="bbox 214 2789 3215 2985">
    <p class='ocr_par' dir='ltr' id='par_1_12' title="bbox 214 2789 3215 2985">
     <span class='ocr_line' id='line_1_21' title="bbox 486 2789 3215 2878; baseline 0.001 -21"><span class='ocrx_word' id='word_1_131' title='bbox 486 2789 585 2857; x_wconf 82' lang='lat'>3.⁰</span> <span class='ocrx_word' id='word_1_132' title='bbox 630 2790 719 2857; x_wconf 94' lang='lat' dir='ltr'>In</span> <span class='ocrx_word' id='word_1_133' title='bbox 747 2792 990 2860; x_wconf 87' lang='lat' dir='ltr'>iudice</span> <span class='ocrx_word' id='word_1_134' title='bbox 1017 2792 1354 2878; x_wconf 84' lang='lat' dir='ltr'>delegato</span> <span class='ocrx_word' id='word_1_135' title='bbox 1379 2791 1595 2861; x_wconf 85' lang='lat' dir='ltr'>firma</span> <span class='ocrx_word' id='word_1_136' title='bbox 1621 2793 1961 2861; x_wconf 88' lang='lat' dir='ltr'>redditur</span> <span class='ocrx_word' id='word_1_137' title='bbox 1994 2793 2416 2861; x_wconf 85' lang='lat' dir='ltr'>iurisdictio</span> <span class='ocrx_word' id='word_1_138' title='bbox 2446 2793 2559 2861; x_wconf 90' lang='lat' dir='ltr'>ita</span> <span class='ocrx_word' id='word_1_139' title='bbox 2587 2797 2674 2861; x_wconf 92' lang='lat' dir='ltr'>ut</span> <span class='ocrx_word' id='word_1_140' title='bbox 2710 2810 2856 2859; x_wconf 96' lang='lat' dir='ltr'>non</span> <span class='ocrx_word' id='word_1_141' title='bbox 2888 2792 3215 2875; x_wconf 84' lang='lat' dir='ltr'>exspiret</span> 
     </span>
     <span class='ocr_line' id='line_1_22' title="bbox 214 2896 1232 2985; baseline 0.001 -20"><span class='ocrx_word' id='word_1_142' title='bbox 214 2896 557 2966; x_wconf 83' lang='lat' dir='ltr'>resoluto</span> <span class='ocrx_word' id='word_1_143' title='bbox 585 2897 747 2966; x_wconf 87' lang='lat' dir='ltr'>iure</span> <span class='ocrx_word' id='word_1_144' title='bbox 782 2897 1232 2985; x_wconf 85' lang='lat' dir='ltr'>delegantis;</span> 
     </span>
    </p>
   </div>
   <div class='ocr_carea' id='block_1_13' title="bbox 212 3005 3209 3196">
    <p class='ocr_par' dir='ltr' id='par_1_13' title="bbox 212 3005 3209 3196">
     <span class='ocr_line' id='line_1_23' title="bbox 478 3005 3209 3179; baseline 0.001 -107"><span class='ocrx_word' id='word_1_145' title='bbox 478 3007 609 3179; x_wconf 51' lang='lat'>{6⁰8</span> <span class='ocrx_word' id='word_1_146' title='bbox 628 3005 1215 3092; x_wconf 89' lang='lat' dir='ltr'>Interrumpitur</span> <span class='ocrx_word' id='word_1_147' title='bbox 1249 3008 1761 3093; x_wconf 87' lang='lat' dir='ltr'>praescriptio.</span> <span class='ocrx_word' id='word_1_148' title='bbox 1805 3010 1951 3076; x_wconf 85' lang='lat' dir='ltr'>nisi</span> <span class='ocrx_word' id='word_1_149' title='bbox 1986 3010 2193 3077; x_wconf 89' lang='lat' dir='ltr'>aliud</span> <span class='ocrx_word' id='word_1_150' title='bbox 2227 3013 2531 3078; x_wconf 88' lang='lat' dir='ltr'>cautum</span> <span class='ocrx_word' id='word_1_151' title='bbox 2578 3009 2704 3093; x_wconf 88' lang='lat' dir='ltr'>sit,</span> <span class='ocrx_word' id='word_1_152' title='bbox 2746 3009 2843 3077; x_wconf 88' lang='lat' dir='ltr'>ad</span> <span class='ocrx_word' id='word_1_153' title='bbox 2883 3024 3209 3075; x_wconf 86' lang='lat' dir='ltr'>normam</span> 
     </span>
     <span class='ocr_line' id='line_1_24' title="bbox 212 3113 644 3196; baseline 0.002 -19"><span class='ocrx_word' id='word_1_154' title='bbox 212 3127 390 3178; x_wconf 84' lang='lat' dir='ltr'>can.</span> <span class='ocrx_word' id='word_1_155' title='bbox 436 3113 477 3177; x_wconf 97' lang='grc'><strong>1</strong></span> <span class='ocrx_word' id='word_1_156' title='bbox 624 3132 644 3196; x_wconf 88' lang='lat'>;</span> 
     </span>
    </p>
   </div>
   <div class='ocr_carea' id='block_1_14' title="bbox 218 3219 3201 3413">
    <p class='ocr_par' dir='ltr' id='par_1_14' title="bbox 218 3219 3201 3413">
     <span class='ocr_line' id='line_1_25' title="bbox 488 3219 3201 3309; baseline 0 -22"><span class='ocrx_word' id='word_1_157' title='bbox 488 3219 588 3287; x_wconf 65' lang='grc'>5.*</span> <span class='ocrx_word' id='word_1_158' title='bbox 631 3221 759 3290; x_wconf 86' lang='lat' dir='ltr'>Lis</span> <span class='ocrx_word' id='word_1_159' title='bbox 801 3222 1118 3307; x_wconf 87' lang='lat' dir='ltr'>pendere</span> <span class='ocrx_word' id='word_1_160' title='bbox 1161 3224 1448 3309; x_wconf 88' lang='lat' dir='ltr'>incipit;</span> <span class='ocrx_word' id='word_1_161' title='bbox 1502 3229 1580 3294; x_wconf 94' lang='lat' dir='ltr'>et</span> <span class='ocrx_word' id='word_1_162' title='bbox 1624 3226 1790 3294; x_wconf 90' lang='lat' dir='ltr'>ideo</span> <span class='ocrx_word' id='word_1_163' title='bbox 1839 3227 2095 3307; x_wconf 89' lang='lat' dir='ltr'>statim</span> <span class='ocrx_word' id='word_1_164' title='bbox 2140 3227 2382 3294; x_wconf 87' lang='lat' dir='ltr'>locum</span> <span class='ocrx_word' id='word_1_165' title='bbox 2440 3226 2662 3294; x_wconf 86' lang='lat' dir='ltr'>habet</span> <span class='ocrx_word' id='word_1_166' title='bbox 2708 3223 3201 3309; x_wconf 84' lang='lat' dir='ltr'>principium:</span> 
     </span>
     <span class='ocr_line' id='line_1_26' title="bbox 218 3325 1689 3413; baseline 0.001 -17"><span class='ocrx_word' id='word_1_167' title='bbox 218 3344 264 3396; x_wconf 86' lang='lat'>«</span> <span class='ocrx_word' id='word_1_168' title='bbox 292 3325 428 3408; x_wconf 63' lang='lat' dir='ltr'>lite</span> <span class='ocrx_word' id='word_1_169' title='bbox 468 3331 860 3413; x_wconf 76' lang='lat' dir='ltr'>pendente,</span> <span class='ocrx_word' id='word_1_170' title='bbox 893 3331 1084 3398; x_wconf 76' lang='lat' dir='ltr'>nihil</span> <span class='ocrx_word' id='word_1_171' title='bbox 1116 3330 1513 3401; x_wconf 76' lang='lat' dir='ltr'>innovetur</span> <span class='ocrx_word' id='word_1_172' title='bbox 1551 3353 1592 3400; x_wconf 85' lang='lat'>»</span> <span class='ocrx_word' id='word_1_173' title='bbox 1634 3326 1689 3397; x_wconf 80' lang='lat'>⁸.</span> 
     </span>
    </p>
   </div>
   <div class='ocr_carea' id='block_1_15' title="bbox 1267 3593 2157 3809">
    <p class='ocr_par' dir='ltr' id='par_1_15' title="bbox 1267 3593 2157 3809">
     <span class='ocr_line' id='line_1_27' title="bbox 1402 3593 2040 3663; baseline 0.002 -3"><span class='ocrx_word' id='word_1_174' title='bbox 1402 3593 1826 3663; x_wconf 79' lang='lat' dir='ltr'>TITULUS</span> <span class='ocrx_word' id='word_1_175' title='bbox 1860 3594 2040 3662; x_wconf 88' lang='lat' dir='ltr'>VII.</span> 
     </span>
     <span class='ocr_line' id='line_1_28' title="bbox 1267 3741 2157 3809; baseline -0.001 -1"><span class='ocrx_word' id='word_1_176' title='bbox 1267 3741 1370 3808; x_wconf 82' lang='lat' dir='ltr'>De</span> <span class='ocrx_word' id='word_1_177' title='bbox 1415 3741 1571 3809; x_wconf 90' lang='lat' dir='ltr'>litis</span> <span class='ocrx_word' id='word_1_178' title='bbox 1623 3742 2157 3809; x_wconf 81' lang='lat' dir='ltr'>contestatione.</span> 
     </span>
    </p>
   </div>
   <div class='ocr_carea' id='block_1_16' title="bbox 1503 3930 1927 3999">
    <p class='ocr_par' dir='ltr' id='par_1_16' title="bbox 1503 3930 1927 3999">
     <span class='ocr_line' id='line_1_29' title="bbox 1503 3930 1927 3999; baseline 0 -2"><span class='ocrx_word' id='word_1_179' title='bbox 1503 3930 1680 3997; x_wconf 67' lang='lat' dir='ltr'>om.</span> <span class='ocrx_word' id='word_1_180' title='bbox 1733 3930 1927 3999; x_wconf 88' lang='grc'><strong>1726.</strong></span> 
     </span>
    </p>
   </div>
   <div class='ocr_carea' id='block_1_17' title="bbox 412 4074 3220 4160">
    <p class='ocr_par' dir='ltr' id='par_1_17' title="bbox 412 4074 3220 4160">
     <span class='ocr_line' id='line_1_30' title="bbox 412 4074 3220 4160; baseline -0.001 -16"><span class='ocrx_word' id='word_1_181' title='bbox 412 4076 796 4144; x_wconf 91' lang='lat' dir='ltr'>Obiectum</span> <span class='ocrx_word' id='word_1_182' title='bbox 829 4095 955 4144; x_wconf 86' lang='lat' dir='ltr'>seu</span> <span class='ocrx_word' id='word_1_183' title='bbox 981 4077 1294 4144; x_wconf 86' lang='lat' dir='ltr'>materia</span> <span class='ocrx_word' id='word_1_184' title='bbox 1316 4075 1576 4144; x_wconf 89' lang='lat' dir='ltr'>iudicii</span> <span class='ocrx_word' id='word_1_185' title='bbox 1601 4076 2090 4144; x_wconf 89' lang='lat' dir='ltr'>constituitur</span> <span class='ocrx_word' id='word_1_186' title='bbox 2121 4076 2287 4160; x_wconf 85' lang='lat' dir='ltr'>ipsa</span> <span class='ocrx_word' id='word_1_187' title='bbox 2311 4075 2471 4144; x_wconf 88' lang='lat' dir='ltr'>litis</span> <span class='ocrx_word' id='word_1_188' title='bbox 2496 4074 3059 4157; x_wconf 87' lang='lat' dir='ltr'>contestatione,</span> <span class='ocrx_word' id='word_1_189' title='bbox 3091 4092 3220 4141; x_wconf 86' lang='lat' dir='ltr'>seu</span> 
     </span>
    </p>
   </div>
   <div class='ocr_carea' id='block_1_18' title="bbox 240 4180 3220 4359">
    <p class='ocr_par' dir='ltr' id='par_1_18' title="bbox 240 4180 3220 4359">
     <span class='ocr_line' id='line_1_31' title="bbox 240 4180 3220 4269; baseline 0 -21"><span class='ocrx_word' id='word_1_190' title='bbox 240 4180 536 4250; x_wconf 82' lang='lat' dir='ltr'>formali</span> <span class='ocrx_word' id='word_1_191' title='bbox 574 4185 915 4253; x_wconf 87' lang='lat' dir='ltr'>conventi</span> <span class='ocrx_word' id='word_1_192' title='bbox 963 4184 1550 4252; x_wconf 88' lang='lat' dir='ltr'>contradictione</span> <span class='ocrx_word' id='word_1_193' title='bbox 1591 4184 1936 4269; x_wconf 90' lang='lat' dir='ltr'>petitioni</span> <span class='ocrx_word' id='word_1_194' title='bbox 1981 4184 2282 4268; x_wconf 83' lang='lat' dir='ltr'>actoris,</span> <span class='ocrx_word' id='word_1_195' title='bbox 2328 4184 2536 4251; x_wconf 79' lang='lat' dir='ltr'>facta.</span> <span class='ocrx_word' id='word_1_196' title='bbox 2574 4184 2823 4251; x_wconf 90' lang='lat' dir='ltr'>animo</span> <span class='ocrx_word' id='word_1_197' title='bbox 2872 4182 3220 4267; x_wconf 85' lang='lat' dir='ltr'>litigandi</span> 
     </span>
     <span class='ocr_line' id='line_1_32' title="bbox 242 4291 854 4359; baseline 0.007 -5"><span class='ocrx_word' id='word_1_198' title='bbox 242 4305 483 4358; x_wconf 88' lang='lat' dir='ltr'>coram</span> <span class='ocrx_word' id='word_1_199' title='bbox 517 4291 760 4359; x_wconf 87' lang='lat' dir='ltr'>iudice</span> <span class='ocrx_word' id='word_1_200' title='bbox 801 4293 854 4358; x_wconf 81' lang='lat'>⁴.</span> 
     </span>
    </p>
   </div>
   <div class='ocr_carea' id='block_1_19' title="bbox 257 4517 3227 5486">
    <p class='ocr_par' dir='ltr' id='par_1_19' title="bbox 422 4517 2960 4584">
     <span class='ocr_line' id='line_1_33' title="bbox 422 4517 2960 4584; baseline 0.001 -11"><span class='ocrx_word' id='word_1_201' title='bbox 422 4521 444 4557; x_wconf 84' lang='lat'>¹</span> <span class='ocrx_word' id='word_1_202' title='bbox 480 4521 740 4583; x_wconf 76' lang='lat' dir='ltr'>Regulae</span> <span class='ocrx_word' id='word_1_203' title='bbox 770 4519 1099 4573; x_wconf 78' lang='lat' dir='ltr'>servandae</span> <span class='ocrx_word' id='word_1_204' title='bbox 1127 4521 1188 4571; x_wconf 82' lang='lat' dir='ltr'>ln</span> <span class='ocrx_word' id='word_1_205' title='bbox 1215 4517 1452 4573; x_wconf 78' lang='lat' dir='ltr'>iudiciis</span> <span class='ocrx_word' id='word_1_206' title='bbox 1486 4519 1643 4580; x_wconf 85' lang='lat' dir='ltr'>apud</span> <span class='ocrx_word' id='word_1_207' title='bbox 1674 4520 1731 4574; x_wconf 79' lang='lat' dir='ltr'>S.</span> <span class='ocrx_word' id='word_1_208' title='bbox 1762 4520 1832 4571; x_wconf 86' lang='lat' dir='ltr'>R.</span> <span class='ocrx_word' id='word_1_209' title='bbox 1862 4520 2054 4573; x_wconf 79' lang='lat' dir='ltr'>Rotae</span> <span class='ocrx_word' id='word_1_210' title='bbox 2077 4521 2383 4581; x_wconf 79' lang='lat' dir='ltr'>Tribunal,</span> <span class='ocrx_word' id='word_1_211' title='bbox 2412 4522 2445 4571; x_wconf 83' lang='lat'>4</span> <span class='ocrx_word' id='word_1_212' title='bbox 2471 4532 2605 4583; x_wconf 80' lang='lat' dir='ltr'>aug.</span> <span class='ocrx_word' id='word_1_213' title='bbox 2643 4521 2790 4583; x_wconf 95' lang='grc'><strong>1910,</strong></span> <span class='ocrx_word' id='word_1_214' title='bbox 2823 4523 2850 4584; x_wconf 63' lang='lat' dir='ltr'>s</span> <span class='ocrx_word' id='word_1_215' title='bbox 2878 4523 2960 4575; x_wconf 64' lang='lat'>25.</span> 
     </span>
    </p>

    <p class='ocr_par' dir='ltr' id='par_1_20' title="bbox 257 4609 3226 4763">
     <span class='ocr_line' id='line_1_34' title="bbox 413 4609 3226 4677; baseline 0.002 -14"><span class='ocrx_word' id='word_1_216' title='bbox 413 4619 440 4652; x_wconf 81' lang='lat'>²</span> <span class='ocrx_word' id='word_1_217' title='bbox 485 4611 745 4673; x_wconf 76' lang='lat' dir='ltr'>Regulae</span> <span class='ocrx_word' id='word_1_218' title='bbox 780 4610 1107 4663; x_wconf 82' lang='lat' dir='ltr'>servandae</span> <span class='ocrx_word' id='word_1_219' title='bbox 1141 4612 1202 4662; x_wconf 83' lang='lat' dir='ltr'>in</span> <span class='ocrx_word' id='word_1_220' title='bbox 1237 4610 1477 4663; x_wconf 77' lang='lat' dir='ltr'>iudiciis</span> <span class='ocrx_word' id='word_1_221' title='bbox 1505 4611 1663 4671; x_wconf 82' lang='lat' dir='ltr'>apud</span> <span class='ocrx_word' id='word_1_222' title='bbox 1699 4609 1756 4663; x_wconf 83' lang='lat' dir='ltr'>S.</span> <span class='ocrx_word' id='word_1_223' title='bbox 1794 4610 1863 4662; x_wconf 86' lang='lat' dir='ltr'>R.</span> <span class='ocrx_word' id='word_1_224' title='bbox 1910 4610 2100 4664; x_wconf 80' lang='lat' dir='ltr'>Rotae</span> <span class='ocrx_word' id='word_1_225' title='bbox 2131 4611 2437 4671; x_wconf 78' lang='lat' dir='ltr'>Tribunal,</span> <span class='ocrx_word' id='word_1_226' title='bbox 2472 4612 2505 4661; x_wconf 75' lang='lat'>4</span> <span class='ocrx_word' id='word_1_227' title='bbox 2537 4623 2671 4674; x_wconf 80' lang='lat' dir='ltr'>aug.</span> <span class='ocrx_word' id='word_1_228' title='bbox 2707 4612 2854 4674; x_wconf 91' lang='grc'><strong>1910,</strong></span> <span class='ocrx_word' id='word_1_229' title='bbox 2892 4614 2918 4675; x_wconf 68' lang='grc'>5</span> <span class='ocrx_word' id='word_1_230' title='bbox 2955 4614 3037 4675; x_wconf 81' lang='lat'>24,</span> <span class='ocrx_word' id='word_1_231' title='bbox 3082 4628 3140 4666; x_wconf 94' lang='lat' dir='ltr'>n.</span> <span class='ocrx_word' id='word_1_232' title='bbox 3176 4615 3226 4677; x_wconf 77' lang='lat'>33</span> 
     </span>
     <span class='ocr_line' id='line_1_35' title="bbox 257 4700 3221 4763; baseline 0.002 -11"><span class='ocrx_word' id='word_1_233' title='bbox 257 4700 504 4763; x_wconf 78' lang='lat' dir='ltr'>Regulae</span> <span class='ocrx_word' id='word_1_234' title='bbox 526 4702 852 4755; x_wconf 82' lang='lat' dir='ltr'>servandae</span> <span class='ocrx_word' id='word_1_235' title='bbox 876 4702 937 4752; x_wconf 84' lang='lat' dir='ltr'>ln</span> <span class='ocrx_word' id='word_1_236' title='bbox 965 4701 1202 4754; x_wconf 78' lang='lat' dir='ltr'>iudiciis</span> <span class='ocrx_word' id='word_1_237' title='bbox 1226 4700 1385 4762; x_wconf 84' lang='lat' dir='ltr'>apud</span> <span class='ocrx_word' id='word_1_238' title='bbox 1414 4700 1675 4762; x_wconf 79' lang='lat' dir='ltr'>sum-em.</span> <span class='ocrx_word' id='word_1_239' title='bbox 1709 4701 2063 4763; x_wconf 79' lang='lat' dir='ltr'>signaturae</span> <span class='ocrx_word' id='word_1_240' title='bbox 2095 4703 2201 4763; x_wconf 80' lang='lat' dir='ltr'>Ap.</span> <span class='ocrx_word' id='word_1_241' title='bbox 2230 4701 2535 4762; x_wconf 81' lang='lat' dir='ltr'>Tribunal,</span> <span class='ocrx_word' id='word_1_242' title='bbox 2562 4701 2597 4753; x_wconf 77' lang='lat'><strong>6</strong></span> <span class='ocrx_word' id='word_1_243' title='bbox 2619 4704 2792 4754; x_wconf 86' lang='lat' dir='ltr'>mart.</span> <span class='ocrx_word' id='word_1_244' title='bbox 2820 4703 2967 4763; x_wconf 87' lang='grc'><strong>1912,</strong></span> <span class='ocrx_word' id='word_1_245' title='bbox 2995 4707 3110 4757; x_wconf 87' lang='lat' dir='ltr'>art.</span> <span class='ocrx_word' id='word_1_246' title='bbox 3140 4705 3221 4757; x_wconf 84' lang='grc'><strong>10.</strong></span> 
     </span>
    </p>

    <p class='ocr_par' dir='ltr' id='par_1_21' title="bbox 262 4790 3227 5214">
     <span class='ocr_line' id='line_1_36' title="bbox 415 4790 3227 4857; baseline 0.001 -13"><span class='ocrx_word' id='word_1_247' title='bbox 415 4796 441 4833; x_wconf 77' lang='lat'>³</span> <span class='ocrx_word' id='word_1_248' title='bbox 481 4792 546 4844; x_wconf 83' lang='grc' dir='ltr'>Ο.</span> <span class='ocrx_word' id='word_1_249' title='bbox 595 4791 679 4851; x_wconf 93' lang='grc'><strong>50,</strong></span> <span class='ocrx_word' id='word_1_250' title='bbox 717 4792 782 4844; x_wconf 85' lang='lat'>0.</span> <span class='ocrx_word' id='word_1_251' title='bbox 831 4792 930 4851; x_wconf 92' lang='lat' dir='ltr'>Xl,</span> <span class='ocrx_word' id='word_1_252' title='bbox 970 4804 1025 4853; x_wconf 87' lang='lat' dir='ltr'>q.</span> <span class='ocrx_word' id='word_1_253' title='bbox 1058 4794 1108 4853; x_wconf 74' lang='lat'>1:</span> <span class='ocrx_word' id='word_1_254' title='bbox 1143 4803 1193 4842; x_wconf 88' lang='lat' dir='ltr'>e.</span> <span class='ocrx_word' id='word_1_255' title='bbox 1235 4793 1317 4851; x_wconf 84' lang='grc'>19,</span> <span class='ocrx_word' id='word_1_256' title='bbox 1358 4791 1441 4851; x_wconf 84' lang='grc'>20,</span> <span class='ocrx_word' id='word_1_257' title='bbox 1479 4792 1562 4851; x_wconf 81' lang='grc'><strong>30,</strong></span> <span class='ocrx_word' id='word_1_258' title='bbox 1601 4792 1667 4847; x_wconf 87' lang='lat' dir='ltr'>X,</span> <span class='ocrx_word' id='word_1_259' title='bbox 1708 4792 1779 4843; x_wconf 82' lang='lat' dir='ltr'>de</span> <span class='ocrx_word' id='word_1_260' title='bbox 1817 4790 2004 4851; x_wconf 75' lang='lat' dir='ltr'>officio</span> <span class='ocrx_word' id='word_1_261' title='bbox 2042 4796 2100 4843; x_wconf 83' lang='lat' dir='ltr'>et</span> <span class='ocrx_word' id='word_1_262' title='bbox 2139 4793 2433 4850; x_wconf 69' lang='lat' dir='ltr'>potestate</span> <span class='ocrx_word' id='word_1_263' title='bbox 2472 4790 2686 4844; x_wconf 59' lang='lat' dir='ltr'>{nacon</span> <span class='ocrx_word' id='word_1_264' title='bbox 2736 4791 3008 4852; x_wconf 73' lang='lat' dir='ltr'>deleoatt,</span> <span class='ocrx_word' id='word_1_265' title='bbox 3051 4794 3101 4853; x_wconf 87' lang='lat'>1,</span> <span class='ocrx_word' id='word_1_266' title='bbox 3145 4794 3227 4857; x_wconf 75' lang='lat'>293</span> 
     </span>
     <span class='ocr_line' id='line_1_37' title="bbox 262 4881 3226 4944; baseline 0.001 -15"><span class='ocrx_word' id='word_1_267' title='bbox 262 4890 308 4929; x_wconf 90' lang='lat' dir='ltr'>c.</span> <span class='ocrx_word' id='word_1_268' title='bbox 340 4882 417 4942; x_wconf 91' lang='grc'><strong>10,</strong></span> <span class='ocrx_word' id='word_1_269' title='bbox 449 4884 515 4943; x_wconf 89' lang='grc' dir='ltr'>Χ,</span> <span class='ocrx_word' id='word_1_270' title='bbox 558 4884 630 4934; x_wconf 76' lang='lat' dir='ltr'>de</span> <span class='ocrx_word' id='word_1_271' title='bbox 662 4881 848 4942; x_wconf 74' lang='lat' dir='ltr'>amato</span> <span class='ocrx_word' id='word_1_272' title='bbox 881 4881 1082 4941; x_wconf 70' lang='lat' dir='ltr'>levati,</span> <span class='ocrx_word' id='word_1_273' title='bbox 1116 4882 1165 4941; x_wconf 88' lang='lat'>1.</span> <span class='ocrx_word' id='word_1_274' title='bbox 1198 4882 1281 4944; x_wconf 68' lang='grc' dir='ltr'>θος</span> <span class='ocrx_word' id='word_1_275' title='bbox 1309 4894 1357 4935; x_wconf 93' lang='lat' dir='ltr'>c.</span> <span class='ocrx_word' id='word_1_276' title='bbox 1391 4883 1443 4935; x_wconf 92' lang='grc'>5.</span> <span class='ocrx_word' id='word_1_277' title='bbox 1475 4883 1540 4943; x_wconf 91' lang='grc' dir='ltr'>Χ,</span> <span class='ocrx_word' id='word_1_278' title='bbox 1576 4885 1641 4933; x_wconf 76' lang='lat' dir='ltr'>ut</span> <span class='ocrx_word' id='word_1_279' title='bbox 1676 4882 1780 4934; x_wconf 78' lang='lat' dir='ltr'>lite</span> <span class='ocrx_word' id='word_1_280' title='bbox 1815 4894 1931 4933; x_wconf 78' lang='lat' dir='ltr'>non</span> <span class='ocrx_word' id='word_1_281' title='bbox 1966 4884 2297 4934; x_wconf 68' lang='lat' dir='ltr'>contestata</span> <span class='ocrx_word' id='word_1_282' title='bbox 2331 4895 2446 4932; x_wconf 78' lang='lat' dir='ltr'>non</span> <span class='ocrx_word' id='word_1_283' title='bbox 2482 4883 2833 4942; x_wconf 75' lang='lat' dir='ltr'>procedatur</span> <span class='ocrx_word' id='word_1_284' title='bbox 2873 4885 2949 4934; x_wconf 82' lang='lat' dir='ltr'>ad</span> <span class='ocrx_word' id='word_1_285' title='bbox 2986 4882 3226 4933; x_wconf 70' lang='lat' dir='ltr'>testium</span> 
     </span>
     <span class='ocr_line' id='line_1_38' title="bbox 265 4971 3226 5034; baseline 0.001 -15"><span class='ocrx_word' id='word_1_286' title='bbox 265 4972 635 5030; x_wconf 71' lang='lat' dir='ltr'>receptionem</span> <span class='ocrx_word' id='word_1_287' title='bbox 666 4973 758 5023; x_wconf 78' lang='lat' dir='ltr'>vel</span> <span class='ocrx_word' id='word_1_288' title='bbox 782 4973 859 5023; x_wconf 76' lang='lat' dir='ltr'>ad</span> <span class='ocrx_word' id='word_1_289' title='bbox 891 4972 1245 5024; x_wconf 67' lang='lat' dir='ltr'>sententiam</span> <span class='ocrx_word' id='word_1_290' title='bbox 1273 4972 1655 5033; x_wconf 73' lang='lat' dir='ltr'>definitivam,</span> <span class='ocrx_word' id='word_1_291' title='bbox 1685 4973 1768 5033; x_wconf 93' lang='lat'>11,</span> <span class='ocrx_word' id='word_1_292' title='bbox 1796 4973 1845 5034; x_wconf 82' lang='grc'>0;</span> <span class='ocrx_word' id='word_1_293' title='bbox 1871 4985 1921 5026; x_wconf 91' lang='lat' dir='ltr'>c.</span> <span class='ocrx_word' id='word_1_294' title='bbox 1955 4974 2059 5032; x_wconf 80' lang='lat'>1-4,</span> <span class='ocrx_word' id='word_1_295' title='bbox 2086 4973 2152 5033; x_wconf 87' lang='lat' dir='ltr'>X,</span> <span class='ocrx_word' id='word_1_296' title='bbox 2180 4976 2248 5024; x_wconf 78' lang='lat' dir='ltr'>ut</span> <span class='ocrx_word' id='word_1_297' title='bbox 2274 4972 2380 5024; x_wconf 76' lang='lat' dir='ltr'>ltte</span> <span class='ocrx_word' id='word_1_298' title='bbox 2405 4975 2692 5034; x_wconf 71' lang='lat' dir='ltr'>pendente</span> <span class='ocrx_word' id='word_1_299' title='bbox 2717 4971 2866 5023; x_wconf 70' lang='lat' dir='ltr'>nihil</span> <span class='ocrx_word' id='word_1_300' title='bbox 2893 4973 3226 5034; x_wconf 72' lang='lat' dir='ltr'>innovetur,</span> 
     </span>
     <span class='ocr_line' id='line_1_39' title="bbox 268 5057 3227 5125; baseline -0 -13"><span class='ocrx_word' id='word_1_301' title='bbox 268 5057 439 5125; x_wconf 73' lang='lat' dir='ltr'>11,1fl;</span> <span class='ocrx_word' id='word_1_302' title='bbox 462 5076 511 5116; x_wconf 86' lang='lat' dir='ltr'>c.</span> <span class='ocrx_word' id='word_1_303' title='bbox 537 5065 588 5125; x_wconf 91' lang='grc'><strong>9,</strong></span> <span class='ocrx_word' id='word_1_304' title='bbox 619 5064 703 5124; x_wconf 75' lang='grc'><strong>30,</strong></span> <span class='ocrx_word' id='word_1_305' title='bbox 734 5064 801 5125; x_wconf 88' lang='lat' dir='ltr'>X,</span> <span class='ocrx_word' id='word_1_306' title='bbox 834 5065 906 5116; x_wconf 76' lang='lat' dir='ltr'>de</span> <span class='ocrx_word' id='word_1_307' title='bbox 935 5062 1449 5123; x_wconf 67' lang='lat' dir='ltr'>appellationibus,</span> <span class='ocrx_word' id='word_1_308' title='bbox 1472 5063 1942 5115; x_wconf 65' lang='lat' dir='ltr'>recusationibus</span> <span class='ocrx_word' id='word_1_309' title='bbox 1967 5067 2026 5115; x_wconf 84' lang='lat' dir='ltr'>et</span> <span class='ocrx_word' id='word_1_310' title='bbox 2051 5062 2460 5122; x_wconf 59' lang='lat' dir='ltr'>relationem,</span> <span class='ocrx_word' id='word_1_311' title='bbox 2486 5062 2569 5123; x_wconf 92' lang='lat'>11,</span> <span class='ocrx_word' id='word_1_312' title='bbox 2597 5062 2680 5125; x_wconf 74' lang='lat'>28:</span> <span class='ocrx_word' id='word_1_313' title='bbox 2708 5075 2759 5116; x_wconf 91' lang='lat' dir='ltr'>c.</span> <span class='ocrx_word' id='word_1_314' title='bbox 2790 5062 2839 5123; x_wconf 88' lang='grc'>2,</span> <span class='ocrx_word' id='word_1_315' title='bbox 2871 5066 2937 5114; x_wconf 77' lang='lat' dir='ltr'>ut</span> <span class='ocrx_word' id='word_1_316' title='bbox 2965 5062 3069 5116; x_wconf 73' lang='lat' dir='ltr'>lite</span> <span class='ocrx_word' id='word_1_317' title='bbox 3093 5075 3227 5123; x_wconf 76' lang='lat' dir='ltr'>pen-</span> 
     </span>
     <span class='ocr_line' id='line_1_40' title="bbox 270 5146 2288 5214; baseline 0.002 -15"><span class='ocrx_word' id='word_1_318' title='bbox 270 5146 424 5202; x_wconf 72' lang='lat' dir='ltr'>dente</span> <span class='ocrx_word' id='word_1_319' title='bbox 450 5153 600 5203; x_wconf 71' lang='lat' dir='ltr'>nihil</span> <span class='ocrx_word' id='word_1_320' title='bbox 638 5154 969 5211; x_wconf 75' lang='lat' dir='ltr'>innovetur,</span> <span class='ocrx_word' id='word_1_321' title='bbox 1010 5153 1091 5213; x_wconf 93' lang='lat'>11,</span> <span class='ocrx_word' id='word_1_322' title='bbox 1124 5153 1175 5214; x_wconf 93' lang='grc'><strong>5,</strong></span> <span class='ocrx_word' id='word_1_323' title='bbox 1209 5153 1273 5204; x_wconf 91' lang='lat' dir='ltr'>in</span> <span class='ocrx_word' id='word_1_324' title='bbox 1302 5153 1734 5206; x_wconf 82' lang='lat' dir='ltr'>Clem.—Vide</span> <span class='ocrx_word' id='word_1_325' title='bbox 1764 5154 1947 5205; x_wconf 80' lang='lat' dir='ltr'>etlam</span> <span class='ocrx_word' id='word_1_326' title='bbox 1978 5165 2107 5204; x_wconf 87' lang='lat' dir='ltr'>can.</span> <span class='ocrx_word' id='word_1_327' title='bbox 2141 5152 2288 5205; x_wconf 80' lang='grc'><strong>1508.</strong></span> 
     </span>
    </p>

    <p class='ocr_par' dir='ltr' id='par_1_22' title="bbox 271 5243 3225 5486">
     <span class='ocr_line' id='line_1_41' title="bbox 420 5243 3225 5306; baseline -0 -9"><span class='ocrx_word' id='word_1_328' title='bbox 420 5249 446 5284; x_wconf 80' lang='lat'><strong>⁴</strong></span> <span class='ocrx_word' id='word_1_329' title='bbox 487 5244 551 5297; x_wconf 80' lang='lat' dir='ltr'>C.</span> <span class='ocrx_word' id='word_1_330' title='bbox 577 5245 659 5304; x_wconf 80' lang='grc'><strong>54,</strong></span> <span class='ocrx_word' id='word_1_331' title='bbox 691 5245 757 5302; x_wconf 89' lang='lat' dir='ltr'>X,</span> <span class='ocrx_word' id='word_1_332' title='bbox 784 5246 855 5295; x_wconf 83' lang='lat' dir='ltr'>de</span> <span class='ocrx_word' id='word_1_333' title='bbox 885 5244 1165 5295; x_wconf 71' lang='lat' dir='ltr'>electione</span> <span class='ocrx_word' id='word_1_334' title='bbox 1197 5249 1256 5297; x_wconf 88' lang='lat' dir='ltr'>et</span> <span class='ocrx_word' id='word_1_335' title='bbox 1280 5244 1451 5297; x_wconf 77' lang='lat' dir='ltr'>electi</span> <span class='ocrx_word' id='word_1_336' title='bbox 1477 5248 1789 5305; x_wconf 67' lang='lat' dir='ltr'>potestate,</span> <span class='ocrx_word' id='word_1_337' title='bbox 1823 5245 1873 5304; x_wconf 94' lang='lat'>1,</span> <span class='ocrx_word' id='word_1_338' title='bbox 1901 5243 1950 5305; x_wconf 78' lang='lat'>63</span> <span class='ocrx_word' id='word_1_339' title='bbox 1976 5256 2027 5297; x_wconf 92' lang='lat' dir='ltr'>c.</span> <span class='ocrx_word' id='word_1_340' title='bbox 2059 5244 2110 5305; x_wconf 88' lang='grc'>2,</span> <span class='ocrx_word' id='word_1_341' title='bbox 2140 5245 2207 5303; x_wconf 96' lang='lat' dir='ltr'>X,</span> <span class='ocrx_word' id='word_1_342' title='bbox 2239 5246 2310 5295; x_wconf 76' lang='lat' dir='ltr'>de</span> <span class='ocrx_word' id='word_1_343' title='bbox 2337 5243 2523 5303; x_wconf 75' lang='lat' dir='ltr'>officio</span> <span class='ocrx_word' id='word_1_344' title='bbox 2549 5243 2783 5301; x_wconf 63' lang='lat' dir='ltr'>tuam,</span> <span class='ocrx_word' id='word_1_345' title='bbox 2810 5243 2859 5304; x_wconf 93' lang='lat'>1,</span> <span class='ocrx_word' id='word_1_346' title='bbox 2888 5243 2970 5306; x_wconf 83' lang='lat'>32;</span> <span class='ocrx_word' id='word_1_347' title='bbox 2993 5255 3043 5296; x_wconf 84' lang='lat' dir='ltr'>c.</span> <span class='ocrx_word' id='word_1_348' title='bbox 3076 5246 3128 5304; x_wconf 90' lang='lat'>1,</span> <span class='ocrx_word' id='word_1_349' title='bbox 3159 5244 3225 5305; x_wconf 72' lang='lat' dir='ltr'>X,</span> 
     </span>
     <span class='ocr_line' id='line_1_42' title="bbox 271 5326 3225 5396; baseline 0.002 -18"><span class='ocrx_word' id='word_1_350' title='bbox 271 5326 332 5378; x_wconf 80' lang='lat' dir='ltr'>de</span> <span class='ocrx_word' id='word_1_351' title='bbox 366 5329 485 5382; x_wconf 66' lang='lat' dir='ltr'>utta</span> <span class='ocrx_word' id='word_1_352' title='bbox 515 5334 958 5392; x_wconf 72' lang='lat' dir='ltr'>contestatione,</span> <span class='ocrx_word' id='word_1_353' title='bbox 1001 5334 1083 5395; x_wconf 85' lang='lat'>11,</span> <span class='ocrx_word' id='word_1_354' title='bbox 1116 5335 1167 5396; x_wconf 83' lang='grc'>5;</span> <span class='ocrx_word' id='word_1_355' title='bbox 1196 5346 1246 5387; x_wconf 92' lang='lat' dir='ltr'>c.</span> <span class='ocrx_word' id='word_1_356' title='bbox 1278 5334 1330 5395; x_wconf 78' lang='grc'><strong>0,</strong></span> <span class='ocrx_word' id='word_1_357' title='bbox 1360 5336 1426 5395; x_wconf 87' lang='lat' dir='ltr'>X,</span> <span class='ocrx_word' id='word_1_358' title='bbox 1464 5337 1535 5386; x_wconf 76' lang='lat' dir='ltr'>de</span> <span class='ocrx_word' id='word_1_359' title='bbox 1569 5335 1900 5386; x_wconf 71' lang='lat' dir='ltr'>iuramento</span> <span class='ocrx_word' id='word_1_360' title='bbox 1933 5334 2281 5393; x_wconf 73' lang='lat' dir='ltr'>calumniae,</span> <span class='ocrx_word' id='word_1_361' title='bbox 2316 5333 2399 5395; x_wconf 86' lang='lat'>11,</span> <span class='ocrx_word' id='word_1_362' title='bbox 2432 5334 2482 5396; x_wconf 86' lang='grc'>7;</span> <span class='ocrx_word' id='word_1_363' title='bbox 2512 5345 2563 5385; x_wconf 91' lang='lat' dir='ltr'>c.</span> <span class='ocrx_word' id='word_1_364' title='bbox 2595 5334 2678 5395; x_wconf 82' lang='lat'>30,</span> <span class='ocrx_word' id='word_1_365' title='bbox 2710 5335 2776 5395; x_wconf 87' lang='grc' dir='ltr'><strong>Χ,</strong></span> <span class='ocrx_word' id='word_1_366' title='bbox 2811 5334 2881 5383; x_wconf 82' lang='lat' dir='ltr'>de</span> <span class='ocrx_word' id='word_1_367' title='bbox 2916 5333 3225 5384; x_wconf 74' lang='lat' dir='ltr'>verborum</span> 
     </span>
     <span class='ocr_line' id='line_1_43' title="bbox 272 5407 2278 5486; baseline -0 -10"><span class='ocrx_word' id='word_1_368' title='bbox 272 5415 694 5483; x_wconf 61' lang='lat' dir='ltr'>unificatione,</span> <span class='ocrx_word' id='word_1_369' title='bbox 731 5424 801 5485; x_wconf 78' lang='lat' dir='ltr'>v,</span> <span class='ocrx_word' id='word_1_370' title='bbox 835 5425 917 5486; x_wconf 75' lang='lat'>40:</span> <span class='ocrx_word' id='word_1_371' title='bbox 948 5436 997 5477; x_wconf 83' lang='lat' dir='ltr'>e.</span> <span class='ocrx_word' id='word_1_372' title='bbox 1029 5424 1080 5485; x_wconf 87' lang='lat'>2,</span> <span class='ocrx_word' id='word_1_373' title='bbox 1115 5407 1191 5476; x_wconf 69' lang='grc' dir='ltr'>«ιε’</span> <span class='ocrx_word' id='word_1_374' title='bbox 1219 5424 1346 5476; x_wconf 64' lang='lat' dir='ltr'>mss</span> <span class='ocrx_word' id='word_1_375' title='bbox 1377 5426 1821 5484; x_wconf 64' lang='lat' dir='ltr'>contestatione,</span> <span class='ocrx_word' id='word_1_376' title='bbox 1856 5425 1940 5485; x_wconf 93' lang='lat'>11,</span> <span class='ocrx_word' id='word_1_377' title='bbox 1972 5426 2024 5480; x_wconf 86' lang='lat'>3.</span> <span class='ocrx_word' id='word_1_378' title='bbox 2059 5423 2120 5476; x_wconf 82' lang='lat' dir='ltr'>ln</span> <span class='ocrx_word' id='word_1_379' title='bbox 2152 5424 2278 5476; x_wconf 82' lang='lat' dir='ltr'>v10.</span> 
     </span>
    </p>
   </div>
  </div>
 </body>
</html>
