3753 5871
1303 333 1476 383 Liber
1508 333 1742 384 Tertius
1776 358 1796 370 ·
1834 335 1922 387 De
1962 336 2158 385 Rebus
3147 335 3249 393 231

1546 544 1724 610 CAN.
1776 543 1929 610 803.

428 665 501 730 N
505 684 600 733 on
643 665 819 733 licet
852 665 1193 749 pluribus
1225 664 1742 734 sacerdotibus
1764 667 2298 749 concelebrare,
2346 672 2862 752 praeterquam
2899 669 2978 734 in
3017 668 3248 734 Missa

258 774 757 841 ordinationis
795 774 1387 859 presbyterorum
1427 779 1504 842 et
1549 776 1628 841 in
1681 776 1910 842 Missa
1948 777 2525 843 consecrationis
2568 776 3101 859 Episcoporum
3143 795 3245 843 se·

253 882 582 949 cundum
615 880 1052 949 Pontificale
1084 881 1497 950 Romanum
1531 882 1582 950 ².

1548 1042 1725 1107 CAN.
1776 1040 1929 1107 804.

435 1166 471 1250 ξ
519 1168 585 1233 1.
638 1166 997 1235 Sacerdos
1043 1171 1441 1233 extraneus
1487 1165 1836 1233 ecclesiae
1894 1166 1973 1232 in
2005 1184 2166 1250 ·qua
2214 1165 2583 1233 celebrare
2633 1166 2990 1250 postulat,
3054 1167 3246 1233 exhi-

256 1273 436 1341 bens
465 1274 937 1341 authenticas
965 1278 1042 1341 et
1071 1273 1312 1340 adhuc
1342 1273 1630 1339 validas
1663 1274 1958 1341 litteras
1995 1274 2637 1341 commendatitias
2678 1276 2795 1340 sui
2838 1275 3246 1357 ordinarii,

254 1382 322 1447 si
369 1381 473 1449 sit
510 1382 938 1463 saecularia,
976 1380 1094 1448 vel
1140 1382 1256 1448 sui
1301 1382 1746 1465 Superioris,
1788 1382 1870 1469 si
1894 1382 2307 1467 religiosus,
2357 1382 2471 1449 vel
2524 1382 2794 1450 Sacrae
2836 1383 3243 1468 congrega·

255 1489 489 1556 tionis
527 1508 663 1574 pro
693 1489 1026 1557 Ecclesia
1055 1489 1447 1565 Orientali,
1489 1491 1555 1557 si
1586 1490 1686 1558 sit
1719 1491 1913 1557 ritus
1945 1491 2355 1573 orientalis,
2391 1491 2486 1558 ad
2521 1490 2794 1558 Missae
2822 1491 3245 1558 celebratio·

255 1614 423 1662 nem
449 1596 922 1678 admittatur,
950 1597 1093 1664 nisi
1116 1598 1415 1664 interim
1445 1598 1729 1683 aliquid
1751 1616 1916 1665 eum
1938 1597 2387 1665 commisisse
2413 1602 2726 1680 constet,
2750 1616 2887 1664 cur
2909 1617 2958 1665 a
2979 1598 3249 1665 Missae

249 1702 749 1771 celebratione
799 1703 1058 1787 repelli
1097 1704 1360 1772 debeat
1392 1702 1446 1771 ².

439 1812 474 1893 ξ
520 1812 586 1877 2.
641 1812 722 1879 Si
757 1811 854 1878 iis
887 1812 1164 1880 litteris
1204 1816 1482 1893 careat,
1531 1813 1657 1880 sed
1696 1813 1966 1880 rectori
2000 1813 2348 1879 ecclesiae
2382 1812 2474 1880 de
2510 1813 2670 1880 eius
2715 1812 3085 1896 probitate
3123 1830 3243 1895 ap·

255 1919 496 2002 prime
535 1922 849 2001 constet,
887 1921 1162 2003 poterit
1196 1920 1517 2003 admitti3
1556 1921 1619 1987 si
1652 1940 1826 1988 vero
1863 1921 2133 1989 rectori
2178 1922 2277 1988 sit
2312 1922 2637 2005 ignotus,
2675 1920 2975 1989 admitti
3010 1921 3250 1989 adhuc

254 2032 505 2109 potest
536 2027 758 2095 semel
787 2028 901 2094 vel
934 2028 1072 2110 bis,
1115 2028 1532 2111 dummodo,
1570 2027 2071 2096 ecclesiastica
2108 2032 2308 2096 veste
2340 2029 2676 2111 indutus,
2715 2029 2902 2095 nihil
2944 2049 3031 2096 ex
3066 2030 3243 2096 cele·

255 2135 596 2202 bratione
630 2136 723 2202 ab
759 2136 1068 2203 ecclesia
1101 2136 1178 2201 in
1216 2154 1359 2220 qua
1403 2137 1601 2218 litat,
1645 2136 1902 2221 quovis
1945 2136 2194 2218 titulo,
2235 2137 2625 2221 percipiat,
2664 2143 2738 2205 et
2776 2154 3061 2218 nomen,
3103 2136 3243 2203 offi-

251 2242 454 2308 cium
485 2258 837 2326 suamque
874 2244 1260 2310 dioecesim
1299 2244 1376 2309 in
1412 2244 1770 2328 peculiari
1805 2244 1996 2311 libro
2025 2245 2267 2329 signet
2301 2243 2352 2310 ³.

434 2348 470 2430 ξ
516 2348 584 2415 3.
634 2349 1057 2418 Peculiares
1099 2351 1235 2417 hac
1266 2351 1358 2420 de
1394 2372 1473 2418 re
1511 2370 1833 2433 normae,
1871 2352 2098 2419 salvis
2135 2352 2356 2419 huius
2397 2351 2703 2418 canonis
2740 2350 3245 2434 praescriptis,

257 2458 350 2525 ab
399 2457 803 2525 Ordinario
849 2460 992 2525 loci
1038 2458 1285 2541 datae,
1339 2461 1741 2528 servandae
1800 2470 1978 2528 sunt
2037 2460 2130 2526 ab
2179 2460 2542 2541 omnibus,
2595 2460 2819 2527 etiam
2885 2458 3249 2542 religiosis

252 2565 641 2648 exemptis,
669 2565 815 2632 nisi
843 2571 1114 2649 agatur
1135 2568 1227 2636 de
1251 2566 1733 2637 admittendis
1759 2569 1853 2637 ad
1886 2568 2403 2637 celebrandum
2435 2568 2800 2653 religiosis
2835 2568 2910 2633 in
2940 2566 3248 2634 ecclesia

252 2689 431 2739 suae
485 2673 866 2758 religionis
893 2677 948 2743 ⁴.

1552 2784 1727 2852 CAN.
1768 2783 1921 2850 805.

433 2905 869 2975 Sacerdotes
926 2925 1176 2976 omnes
1222 2907 1669 2992 obligatione
1716 2913 2067 2977 tenentur
2116 2910 2422 2979 Sacrum
2472 2912 2744 2982 litandi
2792 2914 3073 2997 pluries
3121 2932 3252 2997 per

253 3032 558 3086 annum:
603 3020 815 3082 curet
862 3020 1106 3083 autem
1157 3016 1571 3100 Episcopus
1608 3017 1723 3083 vel
1765 3017 2121 3100 Superior
2164 3019 2551 3104 religiosus
2593 3027 2675 3088 ut
2714 3022 2935 3088 iidem
2986 3023 3247 3089 saltem

257 3122 579 3206 singulis
613 3122 871 3191 diebus
902 3123 1292 3190 dominicis
1325 3123 1639 3209 aliisque
1673 3125 1889 3193 festis
1922 3127 2013 3195 de
2049 3132 2442 3211 praecepto
2470 3129 2745 3195 divinis
2776 3134 3175 3213 operentur
3199 3130 3248 3196 ⁸.

258 3386 561 3437 professio
589 3385 728 3437 fidei
761 3385 1171 3438 waldensibus
1203 3398 1479 3448 praesen,
1507 3386 1775 3439 Clemens
1814 3389 1915 3447 VI,
1948 3400 2038 3449 ep.
2074 3404 2104 3439 α
2143 3390 2333 3448 super
2363 3390 2710 3448 quibusdam
2745 3408 2793 3453 n,
2826 3392 2891 3444 29
2922 3396 3069 3453 sept.
3105 3394 3250 3455 1351;

255 3475 563 3535 Eugenius
593 3476 673 3526 IV
715 3475 801 3532 (in
838 3474 1014 3526 conc.
1060 3476 1428 3535 Florentia),
1463 3480 1648 3528 const.
1683 3492 1711 3526 α
1745 3476 2027 3528 monitate
2064 3477 2185 3529 Deo
2219 3494 2268 3539 ι,
2311 3479 2375 3528 22
2408 3492 2537 3531 nov.
2574 3480 2721 3540 1430,
2768 3482 2795 3542 5
2829 3481 2909 3542 12;
2953 3483 3039 3540 (ln
3074 3483 3245 3533 Cone.

256 3565 634 3624 Florentia),
666 3567 850 3615 const.
887 3579 917 3614 α
952 3564 1204 3616 cavitate
1236 3564 1484 3616 Domino
1524 3579 1572 3626 ι,
1606 3568 1637 3616 4
1670 3566 1817 3618 tebr.
1860 3569 2008 3627 1441,
2045 3568 2072 3628 ξ
2107 3567 2188 3628 25;
2219 3567 2536 3629 Gregorius
2566 3569 2732 3629 XIII,
2767 3574 2952 3621 const.
2998 3587 3028 3620 α
3062 3569 3251 3628 Officii

253 3653 450 3703 nostri
490 3667 539 3712 ι,
570 3653 606 3704 0
632 3665 766 3715 aug.
809 3653 954 3712 1574,
991 3654 1018 3714 ξ
1049 3654 1097 3715 2;
1126 3653 1396 3706 Clemens
1429 3655 1597 3715 VIII,
1630 3659 1814 3706 const.
1858 3672 1888 3705 α
1922 3656 2055 3705 Etsi
2086 3655 2239 3708 alias
2281 3674 2329 3717 κ,
2364 3659 2393 3708 1
2429 3657 2550 3709 dec.
2590 3658 2735 3719 1601,
2772 3659 3045 3711 Urbanus
3080 3661 3247 3718 VIII,

253 3746 443 3793 const.
483 3757 515 3792 ι
550 3741 932 3801 Apostolatus
966 3742 1218 3801 officium
1253 3759 1301 3803 ιι,
1341 3744 1405 3795 23
1438 3746 1613 3796 mart.
1660 3745 1806 3802 1628.
1854 3746 1882 3806 ξ
1916 3745 1965 3799 3:
2001 3745 2356 3798 Benedictus
2389 3746 2539 3806 XIV,
2576 3752 2760 3799 const.
2800 3763 2830 3798 α
2865 3747 3151 3797 Sacerdos
3189 3749 3248 3795 in

255 3834 567 3880 aeternum
595 3848 643 3891 ιι,
671 3831 737 3883 20
759 3843 885 3892 apr.
918 3832 1062 3893 17443
1093 3844 1184 3893 ep.
1212 3833 1426 3895 encycl.
1472 3848 1502 3882 α
1536 3832 1626 3882 Em
1655 3845 1767 3892 quo
1795 3848 1843 3893 n,
1874 3836 1904 3885 1
1934 3837 2108 3886 mart.
2139 3834 2286 3894 1756,
2321 3835 2347 3894 fl
2380 3837 2462 3895 41,
2497 3836 2577 3896 «12;
2608 3848 2698 3896 ep.
2733 3838 2951 3898 encycl.
2993 3851 3022 3886 α
3058 3838 3243 3897 Quum

255 3931 437 3980 orave
471 3935 519 3979 ι,
552 3919 585 3970 2
611 3933 744 3981 aug.
774 3920 920 3981 1757;
945 3925 1129 3973 const.
1162 3937 1194 3972 ι
1220 3921 1570 3972 Divinarum
1601 3937 1650 3982 a,
1687 3923 1720 3973 2
1747 3935 1879 3983 aug.
1921 3923 2066 3982 1757:
2091 3924 2217 3982 Leo
2245 3924 2411 3984 XIII,
2440 3936 2530 3984 ep.
2560 3926 2781 3986 ene-xci.
2818 3940 2846 3974 a
2878 3924 2939 3974 Μ
2945 3925 3068 3974 irae
3100 3927 3245 3974 cari-

257 4011 405 4060 tatis
439 4024 490 4069 n,
523 4007 591 4060 28
619 4009 763 4061 maii
795 4010 942 4071 1902:
983 4011 1041 4061 S.
1083 4009 1157 4061 R.
1192 4010 1280 4072 0.,
1323 4011 1357 4063 8
1388 4016 1544 4063 mart
1598 4012 1743 4073 1825ς
1778 4012 2021 4063 Missale
2054 4013 2242 4073 Rom„
2279 4014 2374 4065 tit.
2417 4012 2503 4063 De
2544 4015 2872 4074 defectibus
2905 4016 2964 4062 in
2996 4015 3246 4063 celebra-

258 4100 417 4149 tione
444 4099 762 4148 missarum
788 4100 1247 4158 occur-rentibus,
1276 4112 1325 4151 c.
1362 4101 1408 4161 1;
1433 4101 1775 4153 Pontmoele
1802 4102 1990 4161 Rom„
2021 4102 2114 4154 tlt.
2152 4103 2240 4153 De
2266 4102 2636 4154 ordinatione
2666 4103 3011 4164 presbyteri.-
3039 4105 3132 4155 tit.
3165 4103 3250 4154 De

255 4186 698 4238 consecratione
729 4188 904 4237 electi
933 4190 995 4238 in
1027 4188 1377 4249 episcopum.

442 4276 464 4312 ¹
502 4277 568 4329 C.
597 4276 679 4336 28,
714 4277 778 4338 X,
809 4278 879 4327 de
904 4277 1184 4329 electione
1213 4283 1271 4330 et
1302 4279 1473 4329 electi
1501 4281 1814 4338 potestate,
1852 4280 1900 4339 1,
1929 4279 1979 4340 0;
2010 4279 2363 4331 Benedictus
2388 4279 2539 4340 XIV,
2567 4292 2656 4340 ep.
2692 4282 2913 4342 encycl.
2949 4297 2978 4330 α
3015 4281 3247 4330 Allatas

254 4369 399 4416 sunt
433 4380 484 4425 ι,
517 4365 584 4417 26
623 4366 725 4417 iul.
760 4366 907 4424 1755.
955 4365 982 4427 ς
1013 4367 1096 4428 38;
1127 4367 1471 4420 pontificale
1507 4368 1694 4428 Rom..
1732 4369 1826 4421 tit.
1874 4368 1960 4418 De
1996 4368 2300 4420 ordinibus
2337 4369 2726 4429 conserendis:
2762 4371 2856 4421 tit.
2897 4370 2982 4420 De
3017 4369 3247 4419 ordina-

257 4456 418 4505 tione
456 4454 800 4514 presbyteri:
827 4456 923 4508 tlt.
956 4455 1041 4505 De
1071 4456 1505 4506 consecratione
1536 4456 1708 4507 electi
1741 4460 1803 4506 in
1833 4458 2184 4516 episcopum.

434 4546 461 4581 2
500 4543 563 4593 C.
597 4544 648 4600 7,
692 4544 761 4594 D.
795 4545 988 4605 Lxxn
1019 4545 1191 4596 Cone.
1233 4545 1520 4604 Trident„
1556 4559 1696 4597 sess:
1732 4547 1913 4604 XXII,
1952 4549 2021 4596 de
2055 4546 2435 4598 observandis
2476 4553 2533 4598 et
2569 4545 2863 4598 evitandis
2904 4549 2963 4596 in
2999 4547 3246 4597 celebra-

258 4636 420 4683 tione
448 4632 684 4685 missae:
708 4646 849 4685 sess.
880 4635 1092 4694 xxln,
1125 4636 1194 4684 de
1224 4634 1358 4694 ret..
1388 4646 1438 4686 c.
1468 4637 1548 4694 163
1577 4635 1931 4686 Benedictus
1965 4636 2114 4694 xlv.
2145 4639 2329 4687 const.
2369 4651 2399 4684 a
2437 4637 2523 4685 Ad
2554 4636 2871 4685 militantis
2900 4651 2947 4694 s,
2978 4638 3043 4686 30
3072 4641 3244 4687 mart.

255 4723 406 4782 1742,
444 4723 471 4783 5
514 4721 563 4782 G:
591 4733 681 4782 ep.
716 4726 933 4783 encycl.
981 4739 1010 4773 ι
1044 4723 1436 4783 apostolicum
1475 4723 1860 4773 ministerium
1906 4742 1952 4779 n.
1988 4725 2053 4774 30
2093 4725 2234 4774 maii
2271 4725 2418 4784 1753,
2462 4725 2486 4784 5
2523 4726 2572 4784 ὃς
2613 4736 2701 4782 ep.
2740 4725 2956 4785 encycl.
2996 4741 3026 4773 α
3063 4724 3248 4783 Quam

255 4824 438 4874 orave
465 4828 513 4871 n,
539 4811 724 4872 2aug.
753 4813 899 4870 1757.
934 4814 961 4874 ξ
991 4815 1074 4874 12;
1100 4813 1157 4865 S.
1192 4814 1256 4865 C.
1287 4813 1345 4866 S.
1373 4814 1510 4872 ΟΠ..
1542 4817 1603 4864 11
1632 4827 1764 4874 aug.
1798 4813 1942 4873 1049ς
1969 4814 2025 4865 S.
2055 4815 2119 4864 C.
2154 4814 2259 4874 Ep.
2292 4818 2353 4865 et
2385 4814 2547 4873 Reg„
2579 4814 2833 4870 Comen„
2866 4814 2929 4864 27
2958 4817 3069 4864 oct.
3104 4815 3250 4875 1593;

257 4901 542 4957 Petri-en..
575 4901 641 4952 15
681 4901 825 4952 febr.
859 4902 1004 4962 159&
1038 4901 1095 4953 S.
1135 4901 1202 4954 C.
1237 4902 1310 4953 de
1342 4903 1510 4962 Prop.
1551 4903 1714 4963 Fide,
1750 4904 1865 4955 litt.
1910 4903 2127 4964 encyel.
2164 4903 2227 4952 20
2262 4914 2386 4961 apr.
2425 4903 2569 4953 1873.

438 4994 462 5027 ³
498 4991 562 5040 C.
599 4990 650 5046 3,
681 4990 746 5047 X,
777 4991 847 5039 de
876 4990 1103 5039 clericis
1134 4990 1477 5048 per-earinis,
1513 4991 1561 5050 1.
1593 4991 1674 5041 22.

434 5087 459 5118 ⁴
509 5080 860 5131 Benedictus
887 5080 1035 5140 XIV,
1062 5093 1150 5139 ep.
1186 5082 1402 5141 encycl.
1434 5097 1461 5130 α
1498 5081 1682 5140 Quam
1711 5093 1887 5140 orave
1914 5096 1961 5137 n,
1992 5082 2024 5130 2
2050 5094 2180 5141 aug.
2218 5081 2363 5137 1757.
2397 5082 2422 5140 ἦ
2454 5081 2533 5141 12;
2564 5080 2621 5132 S.
2660 5080 2723 5130 C.
2766 5079 2822 5130 S.
2857 5080 2995 5138 off..
3027 5083 3084 5129 11
3114 5092 3244 5140 aug.

255 5171 404 5230 1649:
438 5168 496 5221 S.
535 5169 600 5221 C.
637 5169 725 5227 0.,
765 5169 1020 5225 Nullius,
1051 5169 1115 5219 17
1146 5182 1275 5220 nov.
1311 5171 1456 5228 1594:
1490 5168 1867 5228 Zacynthen„
1903 5169 1966 5220 27
2008 5170 2109 5220 iul.
2146 5171 2290 5231 1626,
2322 5170 2386 5222 29
2415 5183 2546 5221 nov.
2582 5170 2728 5230 1670,
2770 5170 2828 5220 S.
2865 5169 2927 5218 C.
2973 5169 3044 5219 de
3081 5170 3245 5226 Prop.

258 5259 403 5311 Fide
441 5258 533 5311 (C.
564 5258 682 5318 G.),
720 5259 913 5310 281u1.
952 5259 1099 5310 1020.

430 5353 458 5387 ⁵
497 5349 564 5400 C.
600 5350 650 5403 9.
686 5350 750 5404 X.
796 5351 866 5399 de
900 5350 1289 5399 celebratione
1325 5349 1658 5404 mimarum,
1699 5354 1754 5399 et
1792 5353 2160 5397 sacramento
2204 5346 2635 5404 Eucharistiae,
2674 5352 2730 5397 et
2772 5347 2987 5395 divinis
3024 5346 3247 5403 offa-iis,

259 5438 372 5497 111,
400 5441 483 5500 41:
521 5450 568 5490 c.
603 5438 684 5496 12,
724 5438 794 5487 de
821 5438 1167 5498 prii-ileoiis,
1199 5439 1268 5497 V,
1299 5439 1348 5495 7.
1385 5439 1444 5488 in
1477 5439 1600 5498 V10;
1636 5438 1806 5489 Cone.
1842 5437 2130 5494 'rr-idem..
2168 5449 2309 5487 sess,
2346 5437 2557 5490 XXIII.
2594 5439 2663 5485 de
2703 5436 2835 5493 res..
2867 5448 2914 5484 c.
2951 5436 3030 5494 1-i;
3070 5435 3243 5482 Bene·

254 5527 448 5580 dictus
478 5527 632 5587 XIV,
662 5538 752 5587 ep.
795 5542 823 5576 α
857 5526 1190 5576 Dec-tarasii
1224 5542 1272 5584 w,
1309 5527 1374 5577 16
1406 5533 1577 5578 murt.
1621 5527 1765 5578 1746.
