3753 5871
592 368 702 428 516
1733 369 1931 422 004100
1968 371 2131 423 luris
2180 370 2462 423 Οοοοπέοί

1886 597 2064 666 CAN.
2097 598 2292 667 1838.

764 739 1011 807 Causa
1031 738 1364 808 incidens
1391 740 1835 825 proponitur
1855 743 1973 809 vel
1995 748 2341 810 oretenus
2366 743 2482 811 vel
2504 760 2638 827 per
2660 742 3021 828 libellum,
3044 743 3385 812 indicato
3408 763 3587 813 nexu

592 848 720 931 qui
748 847 1145 917 intercedit
1172 849 1371 917 inter
1404 849 1643 933 ipsam
1674 853 1752 918 et
1777 868 2079 917 causam
2117 852 2629 936 principalem,
2667 858 2744 922 et
2779 854 3120 936 servatis,
3156 854 3407 939 quoad
3438 856 3588 922 eius

591 955 755 1023 fieri
784 958 1086 1040 poterit,
1119 958 1396 1040 regulis
1429 975 1594 1026 can.
1626 957 2003 1026 1706-1725
2037 961 2348 1028 statutis
2398 957 2447 1022 ².

1879 1138 2057 1206 CAN.
2096 1138 2291 1206 1839.

773 1269 1032 1354 Iudex,
1085 1271 1337 1340 libello
1382 1273 1500 1340 vel
1540 1273 1901 1357 petitione
1939 1274 2220 1341 verbali
2263 1275 2604 1358 receptis,
2651 1274 2934 1342 auditis
2974 1274 3345 1360 partibus,
3392 1279 3497 1357 et,
3539 1276 3596 1340 si

598 1395 786 1461 opus
818 1378 944 1460 sit,
981 1384 1400 1463 promotore
1429 1381 1794 1465 iustitiae,
1836 1382 1953 1450 vel
1984 1382 2265 1450 vinculi
2297 1379 2707 1465 defensore,
2752 1400 2998 1451 secum
3028 1382 3398 1451 deliberet
3429 1401 3597 1450 num

599 1486 981 1569 proposita
1013 1487 1347 1555 incidens
1379 1490 1716 1573 quaestio
1743 1490 1992 1558 futilis
2022 1491 2124 1559 sit
2153 1496 2231 1560 et
2266 1490 2362 1558 ad
2404 1489 2932 1559 retardandum
2965 1491 3389 1576 principale
3420 1492 3595 1559 iudi·

596 1592 793 1659 cium
856 1594 1069 1662 unice
1118 1595 1463 1679 excitata3
1511 1598 1833 1683 itemque
1881 1617 2056 1665 num
2115 1615 2345 1666 causa
2388 1597 2724 1667 incidens
2773 1599 2953 1668 talis
2999 1599 3100 1666 sit
3146 1605 3479 1667 naturae
3533 1604 3598 1666 et

598 1699 740 1767 tali
781 1719 973 1768 nexu
1003 1721 1170 1770 cum
1202 1721 1431 1771 causa
1462 1705 1863 1790 principali
1897 1706 2312 1789 cohaereat,
2360 1711 2445 1774 ut
2478 1710 2654 1774 ante
2687 1724 2845 1774 eam
2883 1707 3150 1774 resolvi
3182 1705 3484 1774 debeat.
3527 1707 3599 1774 Si

592 1809 705 1879 ita
730 1830 806 1879 se
838 1832 957 1879 res
983 1812 1274 1894 habeat,
1304 1813 1635 1882 libellum
1667 1815 1784 1883 vel
1810 1816 2251 1884 instantiam
2277 1815 2653 1899 admittat;
2683 1814 2908 1883 aliter
2935 1814 3232 1882 decreto
3262 1832 3411 1881 suo
3443 1833 3596 1882 eam

597 1920 889 1988 reiiciat
919 1919 971 1988 ².

1884 2033 2061 2102 CAN.
2095 2033 2291 2100 1840.

771 2171 805 2253 ξ
853 2173 919 2238 1.
970 2173 1240 2241 Utrum
1290 2174 1625 2242 incidens
1669 2192 1856 2258 quae
1905 2175 2271 2243 excitetur
2324 2176 2683 2261 quaestio,
2728 2175 3146 2244 definienda
3186 2174 3292 2243 sit
3332 2174 3598 2243 iudicii

593 2280 838 2347 forma
866 2286 1184 2363 servata,
1223 2300 1321 2349 an
1351 2300 1552 2350 mero
1579 2282 1901 2367 decreto,
1934 2284 2182 2367 iudex,
2221 2289 2517 2353 attenta
2548 2285 2654 2353 rei
2688 2284 3052 2368 qualitate
3087 2289 3162 2351 et
3190 2284 3597 2368 gravitate,

595 2390 959 2458 aestimet.

771 2499 805 2580 §
852 2497 918 2565 2.
972 2498 1055 2566 Si
1086 2516 1317 2565 causa
1342 2497 1677 2567 incidens
1706 2500 1809 2568 sit
1835 2500 2293 2568 iudicialiter
2325 2499 2768 2582 definienda,
2804 2501 3125 2584 regulae,
3161 2500 3415 2585 quoad
3448 2502 3601 2569 eius

595 2607 757 2675 fieri
804 2608 1106 2691 poterit,
1147 2606 1552 2676 servandae
1594 2612 1797 2689 sunt,
1841 2626 2031 2692 quae
2075 2610 2154 2675 in
2202 2607 2605 2676 ordinariis
2643 2607 2943 2676 iudiciis
2981 2609 3348 2695 obtinent;
3389 2616 3600 2678 curet

594 2721 841 2785 tamen
873 2717 1094 2785 iudex
1128 2721 1213 2785 ut
1240 2717 1684 2785 dilationum
1720 2717 2022 2785 termini
2054 2718 2206 2785 sint
2238 2718 2803 2803 quammaxime
2840 2718 3117 2792 breves.

788 2827 822 2909 ξ
869 2828 935 2894 3.
988 2827 1220 2894 Iudex
1265 2827 1345 2893 in
1381 2827 1678 2894 decreto
1717 2845 1885 2912 quo,
1928 2845 2073 2894 non
2111 2830 2409 2895 servata
2442 2826 2703 2894 iudicii
2739 2827 3006 2909 forma,
3042 2826 3162 2893 vel
3198 2826 3460 2895 reiicit
3496 2826 3603 2894 vel

604 2935 869 3004 definit
910 2935 1409 3021 quaestionem
1453 2934 1925 3018 incidentem,
1971 2935 2300 3004 rationes
2341 2934 2609 3019 quibus
2648 2934 3030 3019 innititur,
3073 2934 3155 3002 in
3193 2935 3367 3003 iure
3413 2942 3495 3005 et
3529 2935 3600 3003 in

604 3045 809 3113 facto
836 3045 1527 3128 breviterexponat.

1876 3150 2054 3218 CAN.
2102 3150 2297 3217 1841.

775 3295 1195 3380 Antequam
1237 3293 1549 3360 finiatur
1583 3312 1812 3361 causa
1851 3293 2317 3379 principalis,
2360 3294 2582 3363 iudex
2632 3294 3272 3363 interlocutoriam
3316 3299 3604 3363 senten·

602 3402 786 3470 tiam
826 3405 1096 3486 potest,
1135 3402 1339 3470 iusta
1371 3403 1873 3471 intercedente
1916 3420 2170 3485 causa,
2209 3403 2580 3488 corrigere
2615 3408 2752 3472 aut
2789 3420 3130 3471 revocare
3166 3402 3322 3471 sive
3363 3423 3466 3472 ex
3512 3422 3603 3482 se,

602 3510 885 3578 auditis
940 3510 1307 3594 partibus,
1357 3510 1511 3578 sive
1554 3510 1645 3577 ad
1698 3511 2140 3577 instantiam
2192 3511 2415 3577 unius
2460 3510 2701 3595 partis
2759 3510 3024 3579 audita
3068 3510 3314 3579 altera
3363 3517 3603 3597 parte,

602 3624 677 3687 et
724 3618 1081 3702 requisito
1125 3636 1410 3703 semper
1460 3622 1633 3685 voto
1676 3619 2124 3702 promotoris
2167 3618 2504 3686 iustitiae
2555 3622 2690 3687 aut
2731 3618 3143 3687 defensoris
3181 3618 3506 3696 vinculi,
3549 3619 3605 3685 si

602 3724 854 3795 adsint
899 3723 950 3789 ³.

1902 3939 2162 4008 CAPUT
2208 3940 2273 4007 1.

1764 4063 1879 4131 De
1926 4064 2414 4134 contumacia.

1879 4265 2055 4333 CAN.
2104 4264 2300 4331 1842.

778 4402 978 4472 Reus
1006 4404 1286 4471 citatus
1320 4402 1450 4487 qui
1483 4402 1643 4470 sine
1676 4402 1881 4470 iusta
1920 4420 2150 4471 causa
2183 4420 2315 4470 nec
2350 4404 2510 4487 ipse
2551 4422 2683 4487 per
2716 4423 2794 4472 se
2827 4422 2959 4472 nec
2997 4421 3128 4487 per
3169 4409 3601 4487 procurato·

607 4532 757 4581 rem
795 4514 1198 4597 comparet,
1235 4514 1635 4579 contumax
1673 4511 2043 4580 declarari
2081 4514 2329 4597 potest
2366 4508 2418 4574 ⁴.

787 4738 808 4778 1
845 4742 1108 4804 Regulae
1136 4740 1462 4793 servandae
1491 4741 1554 4791 in
1590 4740 1828 4793 ludicils
1863 4741 2024 4800 apud
2056 4740 2114 4793 S.
2147 4741 2217 4792 R.
2250 4741 2441 4793 Rotae
2468 4741 2772 4800 Tribunal,
2804 4742 2836 4790 4
2869 4752 3005 4801 aug.
3037 4738 3185 4797 1910,
3218 4738 3244 4799 5
3278 4740 3399 4800 100,
3432 4755 3493 4792 n.
3525 4744 3571 4793 1.

779 4838 805 4873 ²
845 4832 1105 4893 Regulae
1135 4831 1462 4883 servandae
1491 4832 1554 4882 ln
1583 4830 1823 4884 iudiciis
1848 4830 2009 4892 apud
2040 4831 2098 4884 S.
2130 4831 2200 4882 R.
2231 4830 2422 4883 Rotae
2456 4832 2761 4890 '1¹rlbunal,
2792 4831 2824 4879 4
2852 4841 2987 4890 aug.
3017 4830 3165 4890 1910,
3200 4829 3226 4890 5
3261 4830 3383 4890 100,
3424 4844 3488 4882 n.
3525 4830 3570 4881 2.

780 4928 806 4965 ³
843 4923 907 4974 0.
942 4924 1025 4984 60,
1059 4924 1124 4984 Χ,
1160 4924 1230 4974 de
1262 4921 1778 4983 appellationibus,
1812 4922 2284 4973 recusationibus
2314 4926 2376 4974 et
2407 4918 2813 4978 relationibus,
2858 4919 2941 4979 11,
2975 4919 3056 4981 283
3089 4932 3139 4971 c.
3173 4921 3257 4980 10,
3305 4923 3380 4972 de
3414 4919 3600 4980 appel-

607 5012 948 5071 lationibus,
978 5013 1062 5073 11,
1093 5014 1176 5073 15,
1208 5014 1269 5064 ln
1296 5013 1423 5075 V1⁰;
1450 5013 1713 5076 Regulae
1742 5013 2068 5065 servandae
2096 5013 2158 5064 in
2187 5013 2424 5064 iudiciis
2457 5011 2616 5072 apud
2647 5010 2706 5063 S.
2738 5010 2808 5060 R.
2840 5010 3028 5062 Rotae
3054 5011 3362 5070 Tribunal,
3400 5013 3438 5062 4
3473 5022 3596 5070 aug.

606 5103 754 5163 1910,
793 5102 820 5164 5
848 5103 931 5163 95,
960 5115 1018 5154 ιι.
1055 5103 1105 5164 2,
1138 5104 1187 5164 3,
1221 5103 1247 5164 5
1274 5103 1389 5163 174,
1419 5115 1476 5154 ιι.
1506 5102 1556 5155 3.

781 5199 806 5234 ⁴
849 5193 912 5246 O.
949 5196 998 5253 1,
1036 5194 1100 5245 C.
1139 5195 1239 5254 1v,
1275 5206 1330 5255 q.
1363 5194 1412 5254 53
1441 5204 1491 5244 c.
1524 5193 1577 5255 6,
1609 5192 1675 5246 G.
1710 5194 1910 5253 XXIV,
1954 5206 2009 5255 q.
2043 5193 2092 5255 3;
2121 5204 2172 5244 c.
2205 5192 2255 5254 2,
2287 5193 2369 5253 12,
2402 5193 2469 5253 Χ,
2506 5191 2577 5242 de
2609 5189 3110 5252 procuratoribus,
3144 5191 3195 5250 1,
3233 5191 3319 5252 38:
3359 5203 3414 5242 c.
3452 5193 3506 5250 5,
3540 5190 3597 5245 X.

607 5291 675 5339 ut
717 5286 821 5338 lite
854 5299 970 5339 nou
1002 5289 1335 5338 contestata
1375 5298 1490 5336 non
1527 5287 1883 5347 procedatur
1914 5287 1991 5336 ad
2026 5285 2264 5336 testium
2297 5285 2689 5345 receptionem
2719 5284 2813 5335 vel
2856 5284 2932 5334 ad
2964 5283 3324 5334 sententiam
3355 5283 3600 5344 defiuiti-

605 5387 762 5435 vam,
793 5376 875 5436 11,
907 5377 957 5437 ὃς
983 5387 1033 5427 c.
1068 5376 1118 5435 3,
1150 5375 1201 5436 6,
1232 5375 1298 5436 Χ,
1333 5375 1404 5425 (le
1433 5374 1566 5425 dolo
1594 5378 1652 5426 et
1691 5373 2080 5433 coutumacia,
2113 5376 2195 5436 11,
2228 5377 2310 5437 14;
2336 5386 2387 5426 c.
2420 5373 2470 5433 2,
2502 5374 2568 5433 Χ,
2606 5375 2677 5423 de
2720 5372 2970 5424 teettbuc
3000 5375 3060 5422 et
3092 5370 3596 5423 attestationum,

607 5468 690 5528 ΙΙ,
729 5468 810 5529 2ος
837 5480 888 5520 c.
920 5467 970 5527 7,
1002 5467 1085 5527 19,
1118 5466 1184 5526 Χ,
1216 5468 1287 5517 de
1324 5465 1841 5525 appellationibus,
1878 5464 2347 5516 recusationibus
2377 5468 2437 5516 et
2466 5462 2874 5522 relationibus,
2906 5462 2991 5524 11,
3023 5462 3104 5524 2&
3140 5474 3191 5514 c.
3222 5463 3275 5522 1,
3309 5465 3382 5514 de
3413 5457 3595 5520 appel-

608 5557 948 5616 lattoutbm,
980 5558 1061 5618 11,
1094 5558 1177 5618 15,
1211 5558 1272 5608 in
1307 5557 1433 5618 V1⁰;
1463 5554 1520 5608 S.
1555 5555 1618 5608 C.
1654 5558 1760 5617 Ep.
1793 5561 1855 5609 et
1886 5556 2048 5619 Reg„
2090 5558 2261 5608 instr.
2295 5544 2368 5607 11'
2388 5546 2508 5606 lun.
2542 5552 2691 5615 1880,
2724 5566 2783 5605 n.
2816 5554 2899 5616 24;
2929 5553 2988 5607 S.
3019 5552 3086 5605 O.
3124 5553 3204 5606 de
3229 5545 3405 5614 Prop.
3439 5549 3592 5604 nde.
