3753 5871
1192 345 1369 396 Liber
1397 343 1703 395 socundus
1741 366 1759 380 ·
1796 343 1887 393 Do
1926 341 2201 395 Pmoun
3086 339 3192 399 139

207 535 432 603 festos
474 553 564 602 ac
607 533 886 601 ieiunia
933 533 1324 602 denuntiet
1365 537 1444 601 et
1483 532 2007 600 catecbeticam
2027 562 2035 570 ·
2056 532 2620 598 instructionem
2677 536 2754 598 et
2801 531 3186 616 Evangelii

205 640 765 726 explicationem
792 640 1071 717 tradat:

452 750 550 815 2.⁹
593 748 974 817 Parocbus
1023 753 1268 833 potest
1312 768 1402 816 ex
1449 748 1702 816 eadem
1762 746 2310 816 sanctissimum
2362 747 2949 827 Sacramentum,
3003 745 3188 813 inibi

205 857 297 924 ad
331 874 663 924 normam
701 874 867 924 can.
905 857 1078 923 1265
1107 857 1305 924 forte
1333 860 1819 938 asservatum,
1863 875 2003 940 pro
2042 854 2359 921 infirmis
2390 855 2770 922 desumere
2799 852 2847 918 ¹.

1508 1030 1686 1097 CAN.
1720 1031 1875 1096 484.

380 1157 415 1239 ξ
450 1159 517 1223 1.
558 1157 740 1224 Sine
779 1158 1089 1224 rectoris
1126 1157 1245 1223 vel
1274 1156 1471 1238 alius
1512 1156 1826 1241 legitimi
1869 1156 2293 1240 Superioris
2336 1157 2639 1223 licentia
2673 1156 2936 1223 saltem
2980 1174 3183 1239 prae·

205 1266 527 1349 sumpta,
589 1262 868 1330 nemini
925 1263 1101 1332 licet
1149 1263 1231 1330 in
1276 1262 1585 1331 ecclesia
1633 1262 1940 1329 Missam
1997 1263 2394 1342 celebrare,
2450 1264 2932 1331 Sacramenta
2978 1262 3181 1329 mini-

206 1373 447 1438 strare
477 1371 756 1437 aliasve
796 1369 1218 1438 functiones
1250 1388 1503 1437 sacras
1538 1389 1909 1456 peragere;
1943 1371 2123 1439 haec
2154 1390 2329 1439 vero
2362 1370 2669 1438 licentia
2698 1371 2867 1437 dari
2908 1371 3026 1438 vel
3069 1389 3185 1437 ne·

211 1478 377 1562 gari
406 1477 623 1546 debet
651 1478 750 1544 ad
787 1495 1120 1547 normam
1153 1477 1344 1545 iuris
1367 1476 1420 1544 ².

381 1588 415 1670 ξ
460 1587 529 1654 2.
578 1587 792 1668 Quod
822 1588 1100 1656 attinet
1128 1589 1227 1655 ad
1253 1587 1643 1656 conciones
1675 1588 1756 1655 in
1793 1587 2106 1656 ecclesia
2136 1588 2532 1665 habendas,
2566 1594 2954 1656 serventur
2984 1607 3188 1673 prae·

203 1694 488 1779 scripta
516 1713 683 1763 can.
718 1694 893 1763 1337
896 1695 1117 1762 4342.
1803 1771 1806 1774 ‚

1491 1804 1670 1872 CAN.
1705 1803 1861 1871 485.

377 1925 651 1994 Rector
679 1924 1054 2008 ecclesiae,
1088 1926 1226 1993 sub
1261 1925 1713 1994 auctoritate
1745 1925 2131 1993 ordinarii
2162 1926 2305 1993 loci
2345 1927 2802 2010 servatisque
2841 1925 3193 2011 legitimis

202 2035 515 2103 statutis
541 2052 631 2102 ac
660 2033 1018 2119 quaesitis
1045 2034 1360 2117 iuribus,
1391 2034 1608 2102 debet
1636 2052 1904 2102 curare
1932 2053 2061 2101 seu
2098 2033 2508 2119 advigilare
2539 2039 2625 2101 ut
2661 2034 2916 2101 divina
2955 2032 3191 2101 officia

202 2142 298 2210 ad
332 2159 713 2209 sacrorum
741 2159 1109 2209 canonum
1137 2142 1599 2226 praescripta
1627 2142 1971 2209 ordinate
1997 2141 2078 2207 in
2108 2141 2418 2209 ecclesia
2444 2142 2935 2223 celebrentur,
2966 2160 3191 2209 onera

204 2247 525 2316 fideliter
591 2249 1170 2334 adimpleantur,
1234 2250 1426 2317 bona
1493 2250 1637 2318 rite
1698 2250 2345 2332 administrentur,
2390 2268 2645 2317 sacrae
2709 2249 3195 2333 supellectilis

200 2359 428 2441 atque
459 2356 752 2424 aedium
785 2375 1168 2424 sacrarum
1205 2358 1751 2426 conservationi
1790 2361 1868 2426 et
1896 2357 2144 2425 decori
2178 2357 2705 2442 prospiciatur,
2742 2363 2818 2425 et
2862 2376 2953 2425 ne
2986 2357 3188 2441 quid-

205 2463 407 2548 piam
448 2465 584 2532 fiat
624 2464 819 2549 quod
861 2464 1250 2533 sanctitati
1295 2466 1439 2533 loci
1478 2483 1568 2533 ac
1620 2466 2074 2533 reverentiae
2112 2466 2330 2534 domo
2383 2465 2524 2533 Dei
2565 2466 2858 2533 debitae
2900 2482 3193 2550 quoquo

208 2567 428 2638 modo
445 2575 818 2656 ‘repugnet
846 2571 901 2639 ³.
1169 2561 1172 2562 ⁷

1494 2680 1673 2749 cm.
1726 2680 1882 2747 486.
2020 2766 2027 2772 ¹

378 2802 764 2871 Rectorem
797 2802 1173 2887 ecclesiae,
1208 2803 1352 2870 etsi
1392 2803 1488 2870 ab
1526 2803 1702 2870 aliis
1733 2803 2047 2871 electum
2089 2809 2232 2894 aut·
2262 2808 2842 2886 praesentatum,
2878 2802 3190 2870 Ordina»

202 2909 367 2978 rius
412 2910 558 2979 loci
609 2929 978 2979 removere
1024 2911 1121 2979 ad
1172 2914 1435 2979 nutum
1485 2914 1731 2996 potest
1772 2929 1869 2981 ex
1918 2910 2247 2996 qualibet
2308 2911 2509 2980 iusta
2567 2928 2817 2995 causa;
2869 2910 3064 2995 quod
3122 2909 3191 2978 si

199 3023 452 3087 rector
490 3019 726 3088 fuerit
776 3019 1190 3104 religiosus,
1235 3026 1594 3102 servetur,
1637 3020 1840 3087 circa
1889 3020 2051 3088 eius
2093 3021 2595 3102 remotionem,
2651 3020 3191 3104 praescriptum

193 3142 369 3193 can.
404 3125 560 3207 454,
597 3124 634 3207 ς
673 3125 741 3193 5.

1340 3432 1584 3532 PARS
1648 3430 2059 3533 SECUNDA

1119 3609 1297 3692 DE
1405 3606 2281 3696 RELIGIOSIS

1489 3962 1667 4029 Gm.
1702 3960 1856 4029 487.
1970 3910 1978 3918 ι

383 4102 647 4171 Status
674 4103 1066 4187 religiosus
1091 4122 1222 4171 seu
1254 4102 1600 4172 stabilis
1578 4122 1659 4170 m
1690 4104 2064 4171 communi
2091 4103 2384 4172 vivendi
2420 4104 2705 4186 modus,
2747 4123 2890 4189 quo
2919 4105 3193 4189 fideles,

195 4214 507 4295 praeter
550 4211 968 4278 communia
1015 4215 1435 4296 praecepta,
1484 4211 1910 4295 evangelica
1956 4230 2242 4316 quoque
2289 4214 2604 4280 consilia
2654 4213 3016 4279 servanda
3065 4232 3198 4297 per

190 4323 383 4385 vota
421 4318 906 4402 obedientiae,
939 4320 1318 4390 castitatis
1357 4323 1433 4388 et
1466 4320 1935 4404 paupertatis
1971 4320 2419 4405 suscipiunt,
2454 4321 2547 4387 ab
2582 4321 2979 4389 omnibus
2960 4342 3036 4388 1n
3075 4322 3194 4389 bo·

193 4443 390 4492 nore
424 4425 804 4493 habendus
838 4431 1033 4496 θεῖ.
980 4429 1008 4465 ⁴

1495 4534 1672 4602 cm.
1708 4534 1862 4602 488.

383 4657 477 4724 In
512 4657 920 4724 canonibus
959 4658 1086 4741 qui
1118 4661 1555 4741 sequuntur,
1595 4656 1905 4725 veniunt
1940 4657 2277 4724 nomine:

469 4766 571 4830 1.·
611 4761 1049 4847 Religionis,
1085 4765 1424 4846 societas,
1466 4784 1509 4831 a
1547 4765 1879 4849 legitima
1915 4766 2407 4834 ecclesiastica
2448 4768 2899 4835 auctoritate
2934 4787 3195 4852 appro-

186 4874 411 4955 bata,
444 4874 525 4940 in
557 4890 705 4958 qua
735 4873 1048 4956 sodales,
1090 4874 1488 4942 secundum
1527 4875 1869 4959 proprias
1908 4874 2145 4958 ipsius
2178 4874 2557 4943 societatis
2597 4877 2818 4961 leges,
2862 4881 3033 4943 vota
3067 4895 3194 4960 pu·

394 5082 417 5117 ¹
456 5081 810 5135 Benedictus
839 5084 990 5145 XIV,
1024 5096 1115 5145 ep.
1149 5087 1367 5146 encycl.
1401 5100 1433 5136 ι
1462 5085 1596 5136 Etsi
1629 5084 1867 5135 minime
1899 5100 1949 5144 t,
1990 5086 2022 5137 7
2061 5086 2211 5138 febr.
2247 5087 2394 5149 1742,
2438 5087 2468 5149 ς
2500 5088 2583 5138 14.

385 5174 413 5209 ²
457 5170 515 5222 S.
548 5172 619 5224 B.
652 5173 740 5232 0.,
781 5173 1066 5231 Romana,
1097 5173 1162 5224 21
1190 5185 1322 5224 nov.
1354 5174 1502 5234 1893,
1532 5185 1592 5225 ιι.
1628 5174 1710 5225 11.

383 5265 412 5302 ⁸
457 5261 517 5315 S.
547 5262 613 5314 G.
646 5263 735 5323 0.,
758 5262 1052 5314 Nucerina
1080 5263 1471 5324 Pavonum-um,
1493 5265 1559 5314 24
1582 5268 1752 5325 sept..
1779 5266 1845 5316 19
1869 5277 2002 5317 nov.
2029 5265 2177 5325 1729,
2210 5266 2288 5316 ad
2320 5267 2370 5325 1:
2394 5264 2695 5323 Fir-nnana,
2731 5266 2797 5318 29
2821 5267 2946 5325 iul„
2976 5267 3041 5317 12
3063 5281 3197 5328 aug.

183 5353 360 5411 1843.
393 5352 461 5403 23
488 5351 630 5413 ian„
664 5352 699 5405 6
729 5352 878 5404 febr.
912 5352 1059 5404 1847.
1091 5382 1158 5392 -
1187 5352 1335 5404 Vide
1370 5353 1554 5405 etiam
1588 5364 1718 5404 can.
1753 5353 1900 5405 1178.

390 5444 418 5480 ⁴
461 5441 756 5494 Martinus
780 5443 831 5494 V
868 5444 958 5502 (in
981 5443 1155 5494 Cone.
1184 5443 1638 5503 constantien),
1667 5447 1852 5494 const.
1887 5459 1919 5495 ι
1945 5443 2116 5494 luter
2147 5447 2390 5495 cuncta
2426 5458 2475 5503 n,
2506 5444 2573 5494 22
2602 5444 2756 5496 febr.
2787 5445 2937 5504 1418,
2967 5449 3083 5496 art.
3115 5447 3200 5507 31,

182 5533 289 5593 u,
319 5533 570 5584 Ioannis
603 5531 850 5592 wiclefi,
878 5530 1097 5593 damn..
1125 5535 1242 5584 art.
1272 5532 1356 5593 30,
1385 5532 1460 5584 de
1489 5544 1608 5593 quo
1634 5544 1900 5584 errorum
1938 5532 2172 5584 wiclefi
2202 5535 2264 5585 et
2294 5534 2459 5584 Eun
2489 5535 2747 5593 suscepti
2779 5533 3200 5595 interrogandi:
