3753 5871
1328 284 1501 335 mser
1531 286 1769 337 roo-tm
1800 311 1821 322 -
1859 285 1948 335 ne
1987 286 2184 337 nem
3163 270 3288 344 287

1556 505 1733 573 OAN.
1793 504 1989 571 1001.

464 642 498 723 ξ
547 644 612 707 1.
661 642 808 722 Qui
843 642 939 709 ad
974 642 1292 727 primam
1327 648 1708 710 tonsuram
1745 647 1821 710 et
1864 642 2163 710 ordines
2197 644 2518 710 minores
2552 643 3027 727 promovendi
3066 648 3271 728 sunt,

281 748 804 834 spiritualibus
842 751 1215 817 exercitiis
1247 769 1379 835 per
1410 752 1562 819 tres
1594 752 1859 818 saltem
1898 751 2227 836 integros
2265 751 2445 835 dies3
2481 747 2609 835 qui
2643 770 2814 819 vero
2847 753 2943 820 ad
2976 752 3277 819 ordines

282 874 558 938 sacros,
606 856 868 925 saltem
922 877 1054 942 per
1098 877 1223 925 sex
1266 858 1595 946 integros
1639 859 1798 926 dies
1840 864 2125 942 vacent3
2167 860 2294 926 sed
2338 860 2403 926 si
2449 860 2600 944 qui,
2647 861 2852 928 intra
2893 865 3269 943 semestre,

280 964 378 1032 ad
423 963 674 1048 plures
707 964 1003 1032 ordines
1036 965 1351 1033 maiores
1395 967 1869 1052 promovendi
1914 968 2092 1047 sint,
2131 967 2576 1036 Ordinarius
2612 972 2857 1051 potest
2891 968 3266 1035 exercitio·

282 1090 449 1137 rum
490 1076 781 1156 tempus
819 1091 955 1156 pro
996 1072 1463 1143 ordinatione
1504 1075 1601 1143 ad
1640 1075 2115 1142 diaconatum
2162 1075 2531 1151 reducere,
2588 1093 2734 1141 non
2779 1081 3025 1142 tamen
3067 1075 3268 1142 infra

281 1182 436 1245 tres
471 1178 800 1262 integros
834 1179 993 1246 dies
1026 1179 1074 1246 ¹.

465 1284 499 1367 ξ
545 1285 612 1351 2.
665 1286 772 1368 Si,
815 1287 1129 1370 expletis
1169 1287 1567 1370 exercitiis,
1602 1305 1826 1354 sacra
1867 1287 2242 1355 ordinatio
2284 1288 2612 1373 qualibet
2653 1289 2745 1356 de
2787 1307 3014 1357 causa
3069 1290 3271 1358 ultra

282 1398 632 1461 semestre
666 1394 1086 1476 differatur,
1127 1395 1479 1462 exercitia
1516 1396 1906 1478 iterentur;
1944 1414 2153 1463 secus
2200 1397 2486 1464 iudicet·
2526 1397 2971 1464 Ordinarius
3019 1402 3270 1465 utrum

284 1499 627 1567 iteranda
663 1501 843 1582 sint,
889 1519 1138 1569 necne.
3143 1591 3149 1597 .

464 1606 498 1689 ἓ
543 1609 610 1676 3.
662 1608 866 1677 Haec
910 1610 1337 1693 spiritualia
1390 1610 1744 1678 exercitia
1799 1611 2126 1696 religiosi
2181 1618 2542 1696 peragant
2586 1612 2664 1678 in
2710 1612 3012 1696 propria
3057 1613 3281 1681 domo

281 1716 400 1782 vel
429 1716 508 1781 in
539 1715 693 1782 alia
721 1717 811 1784 de
842 1717 1192 1800 prudenti
1226 1716 1648 1801 Superioris
1681 1720 2017 1801 arbitrio;
2054 1720 2469 1787 saeculares
2507 1738 2682 1787 vero
2713 1721 2793 1786 in
2830 1721 3271 1803 Seminario,

281 1828 416 1890 aut
449 1823 528 1890 in
562 1823 713 1890 alia
756 1824 880 1907 pia
921 1825 1038 1892 vel
1082 1825 1429 1910 religiosa
1457 1826 1673 1894 domo
1706 1827 1800 1892 ab
1836 1826 2206 1911 Episcopo
2248 1827 2636 1911 designata
2667 1826 2720 1894 ².

464 1930 496 2012 §
542 1932 610 1996 4.
661 1931 772 2000 De
810 1932 1133 2017 peractis
1168 1933 1687 2016 spiritualibus
1723 1935 2096 2001 exercitiis
2133 1935 2547 2019 Episcopus
2581 1936 2857 2003 certior
2893 1935 3026 2002 fiat
3067 1938 3267 2003 testi·

286 2038 535 2106 monio
593 2038 1016 2123 Superioris
1063 2040 1348 2123 domus,
1402 2042 1478 2107 in
1529 2060 1673 2126 qua
1734 2046 2037 2126 peracta
2094 2042 2398 2126 fuerint3
2458 2044 2598 2126 vel,
2652 2044 2718 2111 si
2763 2044 2856 2112 de
2909 2043 3277 2128 religiosis

283 2151 580 2231 agatur,
620 2148 1102 2215 attestatione
1138 2148 1423 2233 proprii
1465 2150 1887 2234 Superioris
1927 2151 2228 2217 maioris
2264 2151 2317 2218 ³.

1562 2429 1818 2495 CAPUT
1862 2428 1998 2494 IV.

807 2568 918 2636 De
968 2568 1240 2636 ritibus
1288 2575 1362 2636 et
1403 2570 1881 2637 caeremoniis
1924 2586 2175 2637 sacrae
2218 2570 2735 2637 ordinationis,

1558 2767 1735 2834 ΟΑΝ.
1787 2767 1983 2833 1002.

462 2897 554 2963 In
598 2897 855 2982 quovis
904 2895 1351 2964 conferendo
1391 2895 1673 3002 ordine,
1718 2896 2059 2965 minister
2104 2897 2445 2982 proprios
2491 2896 2683 2964 ritus
2724 2898 2803 2964 in
2847 2896 3271 2965 Pontificali

284 3003 618 3071 Romano
646 3005 906 3072 aliisve
937 3004 1336 3071 ritualibus
1364 3004 1579 3071 libris
1607 3005 1699 3071 ab
1733 3004 2065 3072 Ecclesia
2096 3005 2429 3088 probatis
2460 3005 2897 3088 descriptos,
2935 3006 3270 3073 adamus·

284 3112 423 3178 sim
466 3115 730 3194 servet,
778 3130 959 3195 quos
1002 3112 1211 3179 nulla
1243 3112 1531 3179 ratione
1566 3112 1738 3182 licet
1774 3113 2181 3197 praeterire
2222 3114 2336 3180 vel
2372 3113 2737 3181 invertere
2768 3115 2819 3180 ⁴.

1555 3290 1731 3357 CAN·
1785 3289 1980 3358 1003.

466 3415 695 3481 Missa
747 3415 1241 3483 ordinationis
1285 3415 1402 3483 vel
1458 3416 2037 3483 consecrationis
2085 3415 2527 3500 episcopalis
2575 3433 2861 3499 semper
2905 3415 3121 3483 debet
3178 3418 3279 3483 ab

285 3523 599 3606 ipsomet
646 3522 1140 3590 ordinationis
1184 3523 1301 3590 vel
1339 3524 1916 3591 consecrationis
1955 3524 2299 3591 ministro
2335 3523 2693 3592 celebrari
2716 3522 2770 3587 ³.

1561 3697 1737 3765 CAN.
1782 3697 1979 3763 1004.

465 3823 548 3891 Si
581 3824 770 3908 quis,
805 3824 958 3892 ritu
990 3825 1337 3893 orientali
1374 3825 1469 3893 ad
1501 3825 1790 3909 aliquos
1829 3826 2124 3894 ordines
2158 3826 2306 3893 iam
2340 3830 2746 3910 promotus,
2779 3844 2826 3892 a
2866 3824 3052 3892 Sede
3083 3826 3274 3908 Apo-

286 3932 552 3999 stolica
610 3933 983 4000 indultum
1033 3932 1443 4001 obtinuerit
1490 3934 1908 4017 superiores
1956 3933 2251 4002 ordines
2300 3932 2750 4017 suscipiendi
2804 3933 2956 4000 ritu
3008 3932 3276 4014 latino,

289 4041 503 4109 debet
515 4043 725 4125 prius
758 4042 909 4109 ritu
944 4042 1182 4108 latino
1214 4042 1537 4124 recipere
1569 4041 1866 4108 ordines
1900 4060 2080 4126 quos
2109 4042 2262 4108 ritu
2291 4041 2639 4109 orientali
2673 4060 2820 4107 non
2851 4039 3278 4125 receperit⁶.

469 4269 491 4305 ¹
528 4269 864 4321 Alexander
892 4270 1028 4330 vn,
1057 4272 1241 4321 const.
1275 4284 1306 4319 ι
1336 4270 1672 4328 apostolica
1699 4268 2013 4320 solicitudo
2042 4284 2092 4329 n,
2124 4269 2157 4321 7
2193 4282 2327 4330 aug.
2359 4269 2506 4330 1002,
2539 4269 2566 4329 ὅ
2596 4270 2646 4332 3;
2678 4269 2736 4322 S.
2767 4271 2832 4321 C.
2874 4270 2980 4330 Ep.
3012 4274 3075 4322 et
3106 4270 3274 4332 Rea..

289 4359 506 4419 encycl.
556 4358 659 4416 (ad
692 4359 797 4418 Ep.
833 4358 1092 4418 Italiae),
1132 4360 1166 4410 9
1192 4361 1304 4410 oct.
1340 4358 1486 4409 1082.

465 4449 493 4486 ²
530 4447 866 4498 Alexander
896 4448 1031 4506 vn,
1060 4453 1243 4500 const.
1278 4463 1308 4496 α
1338 4447 1673 4505 apostolica
1702 4445 2015 4497 solicitudo
2044 4463 2093 4507 n,
2128 4447 2160 4498 7
2196 4459 2330 4509 aug.
2361 4446 2508 4507 1002,
2542 4447 2568 4507 s
2599 4447 2648 4508 3:
2680 4446 2739 4498 S.
2770 4447 2834 4498 G.
2877 4448 2982 4507 Ep.
3014 4451 3077 4499 et
3107 4448 3277 4509 neg..

287 4537 506 4596 encycl.
556 4536 658 4595 (ad
692 4536 798 4595 Ep.
834 4536 1092 4596 Italiae),
1132 4538 1169 4588 9
1192 4538 1304 4588 oct.
1339 4536 1485 4587 1082.

468 4630 495 4663 ³
530 4625 864 4677 Alexander
894 4626 1028 4683 VII,
1058 4628 1242 4676 const.
1275 4641 1306 4675 s
1335 4625 1672 4684 apostolica
1700 4624 2015 4676 solicitudo
2043 4641 2092 4685 ι,
2127 4625 2159 4676 7
2195 4637 2329 4687 aug.
2360 4625 2507 4685 1002,
2542 4627 2567 4687 5
2598 4627 2648 4687 3;
2679 4625 2736 4678 S.
2769 4625 2834 4677 C.
2877 4626 2981 4686 Ep.
3015 4628 3076 4676 et
3109 4626 3277 4686 Reg„

290 4715 510 4775 encycl.
560 4715 663 4772 (ad
696 4716 801 4774 ΕΙ).
837 4715 1095 4774 Itallae),
1135 4716 1169 4766 9
1195 4716 1308 4766 oct.
1343 4714 1487 4766 1082.

466 4809 495 4843 ⁴
532 4803 703 4855 Cone.
734 4804 1021 4865 Trident„
1054 4816 1196 4855 sess
1227 4804 1441 4864 xxln,
1473 4805 1543 4854 de
1574 4803 1797 4861 ordine,
1825 4815 1954 4854 can.
1991 4805 2040 4862 5:
2078 4803 2433 4854 Benedictus
2459 4804 2610 4864 XIV,
2640 4805 2826 4855 const.
2860 4818 2891 4852 s
2921 4800 3053 4853 Etsi
3084 4805 3276 4861 pasto·

297 4894 442 4944 ralis
480 4910 529 4954 n,
560 4894 626 4946 20
655 4895 799 4945 maii
837 4893 985 4954 1742,
1018 4893 1044 4953 s
1077 4893 1212 4953 VII,
1244 4905 1301 4943 n.
1334 4892 1434 4954 VI:
1462 4893 1578 4943 Leo
1615 4891 1780 4952 XIII,
1818 4892 1937 4944 ntt.
1970 4904 2064 4952 ap.
2089 4908 2131 4941 α
2161 4892 2531 4951 apostolicae
2563 4902 2740 4942 curae
2771 4907 2820 4952 ι»,
2856 4893 2922 4943 13
2952 4895 3100 4951 sept.
3133 4891 3282 4951 189ος

294 4983 353 5037 S.
383 4982 454 5034 Β.
490 4983 579 5043 0.,
610 4982 973 5042 modum„
1005 4983 1070 5034 12
1095 4983 1213 5033 lan.
1246 4983 1393 5043 1917;
1422 4982 1765 5033 Pontificale
1790 4983 1980 5042 Rom„
2012 4983 2107 5034 tlt.
2139 4980 2227 5032 De
2255 4980 2560 5031 ordinibus
2596 4979 2987 5039 conterendis.
3066 5030 3070 5036 ,

430 5063 434 5068 ’
465 5074 493 5110 ⁸
535 5072 592 5125 S.
632 5074 701 5124 R.
738 5074 825 5133 0.,
858 5072 1296 5130 vratislavien„
1324 5072 1357 5124 8
1383 5073 1502 5124 iun.
1539 5073 1685 5133 165&
1716 5072 2156 5129 Vraiislavien„
2185 5072 2248 5122 24
2286 5073 2402 5121 lan.
2431 5071 2578 5131 100ος
2604 5069 2966 5130 Beroomen„
3003 5070 3068 5122 21
3098 5075 3273 5123 mart.

291 5162 440 5224 1744,
472 5160 551 5213 ad
582 5163 633 5221 1,
670 5161 718 5222 2;
748 5161 1064 5219 Fesulana,
1097 5163 1162 5213 11
1195 5163 1342 5213 febr.
1378 5161 1523 5221 1704;
1558 5160 1932 5218 Nemas-sen„
1975 5161 2039 5212 23
2070 5164 2216 5221 sept.
2252 5160 2398 5222 1837;
2441 5160 2783 5212 Pontificale
2817 5160 3006 5220 Rom„
3045 5161 3140 5212 tlt.
3192 5159 3277 5208 De

291 5250 598 5302 ordinibus
632 5250 1020 5308 conterendis,-
1054 5250 1149 5302 tit.
1189 5250 1276 5301 De
1319 5250 1688 5300 ordinatione
1727 5250 2072 5309 presbyteri,-
2109 5251 2204 5302 tlt.
2252 5248 2339 5299 De
2376 5248 2811 5300 consecratione
2846 5248 3019 5300 electi
3063 5250 3126 5298 in
3161 5247 3279 5306 epi-

290 5351 548 5400 scopum.
893 5399 899 5410 ⁵

474 5433 500 5468 ⁶
532 5430 887 5482 Benedictus
912 5430 1064 5487 XIV.
1101 5431 1285 5482 const.
1319 5444 1350 5479 ι
1380 5428 1513 5480 Etsi
1549 5428 1869 5489 pastoralis
1899 5445 1948 5490 n,
1980 5429 2047 5481 20
2073 5429 2218 5480 mall
2247 5428 2395 5488 1742,
2438 5428 2465 5489 1
2496 5428 2631 5492 VII,
2668 5440 2724 5477 n.
2759 5427 2893 5479 vn.
