3753 5871
1294 271 1470 323 Liber
1500 270 1737 323 Tertius
1769 295 1791 308 ·
1827 270 1917 322 Do
1956 271 2152 322 Rebus
3135 262 3247 321 299

1530 495 1706 562 CAN.
1758 495 1953 561 1046.

435 641 813 709 Parochus
858 651 992 708 aut
1036 639 1378 707 sacerdos
1424 639 1515 706 de
1562 656 1705 723 quo
1760 637 1838 703 in
1884 655 2050 704 can.
2099 636 2296 718 1044,
2344 634 2436 702 de
2478 651 2826 702 concessa
2870 633 3242 716 dispensa·

256 750 460 818 tione
515 767 651 834 pro
694 749 860 816 foro
902 751 1208 816 externo
1252 746 1731 815 ordinarium
1779 745 1923 812 loci
1970 745 2225 812 statim
2281 743 2669 811 certiorem
2718 741 2974 823 faciat;
3019 759 3249 825 eaque

256 858 657 925 adnotetur
700 856 780 922 in
820 855 1010 923 libro
1049 855 1688 923 matrimoniorum
1718 850 1772 921 ².

1527 1029 1703 1097 (ΒΑΝ.
1752 1028 1948 1095 1047.

312 1202 319 1207 ⁴
436 1156 603 1224 Nisi
645 1155 852 1222 aliud
895 1155 1094 1222 ferat
1149 1154 1225 1220 S.
1274 1151 1904 1220 Poenitentiariae
1947 1151 2414 1234 rescript-um,
2462 1148 2923 1232 dispensatio
2962 1148 3043 1213 in
3087 1146 3253 1213 foro

260 1264 558 1332 interno
610 1281 755 1330 non
801 1260 1320 1329 sacramentali
1358 1278 1709 1327 concessa
1743 1277 1982 1342 super
2021 1258 2547 1342 impedimento
2590 1256 2904 1335 occulto,
2954 1255 3250 1323 adnote-

262 1377 390 1439 tur
422 1373 498 1439 in
537 1371 732 1439 libro
758 1370 1154 1454 diligenter
1182 1370 1262 1435 in
1294 1372 1575 1436 secreto
1605 1367 1878 1436 Curiae
1909 1367 2208 1434 archivo
2244 1366 2337 1434 de
2371 1384 2514 1450 quo
2544 1366 2624 1431 in
2658 1382 2823 1431 can.
2859 1363 2990 1430 379
3019 1380 3248 1430 asser-

259 1479 528 1557 vando,
580 1496 711 1546 nec
748 1477 898 1544 alia
938 1478 1399 1561 dispensatio
1445 1494 1583 1560 pro
1617 1475 1785 1543 foro
1821 1478 2127 1542 externo
2168 1478 2282 1541 est
2322 1473 2761 1551 necessaria,
2805 1472 2947 1539 etsi
2999 1475 3255 1554 postea

261 1587 633 1655 occultum
663 1586 1265 1670 impedimentum
1298 1584 1674 1667 publicum
1706 1583 2044 1667 evaserit3
2075 1583 2201 1650 sed
2234 1585 2349 1650 est
2386 1580 2825 1663 necessaria,
2861 1580 2927 1647 si
2964 1579 3251 1662 dispen-

265 1694 458 1762 satio
492 1712 832 1762 concessa
871 1693 1121 1761 fuerat
1161 1697 1454 1760 tantum
1492 1693 1572 1762 in
1605 1692 1774 1760 foro
1815 1692 2112 1760 interno
2151 1690 2697 1758 sacramentali.

1541 1870 1718 1937 CAN.
1768 1870 1963 1936 1048.

442 1992 526 2060 Si
557 1993 823 2077 petitio
846 1992 1425 2078 dispensationis
1456 1993 1547 2061 ad
1579 1994 1931 2060 Sanctam
1961 1992 2221 2060 Sedem
2246 1993 2472 2059 missa
2498 1993 2625 2074 sit,
2656 1992 3039 2059 Ordinarii
3068 1991 3250 2058 loco·

266 2119 430 2166 rum
492 2102 650 2168 suis
698 2102 1214 2183 facultatibus,
1279 2102 1347 2168 si
1397 2120 1580 2186 quas
1630 2102 1975 2184 habeant,
2031 2119 2122 2168 ne
2172 2105 2511 2185 utantur,
2567 2101 2714 2167 nisi
2775 2101 2870 2167 ad
2923 2119 3254 2168 normam

262 2225 429 2274 can.
471 2208 627 2291 204,
680 2208 714 2291 ξ
752 2208 819 2274 2.

1541 2315 1720 2384 CAN.
1777 2316 1974 2383 1049.

446 2440 480 2522 ξ
527 2442 593 2506 1.
644 2441 736 2506 In
771 2438 1267 2508 matrimoniis
1325 2440 1477 2507 sive
1532 2441 1941 2508 contractis
1998 2441 2151 2508 sive
2214 2439 2765 2522 contrahendis,
2815 2440 2941 2524 qui
2985 2438 3257 2524 gaudet

267 2547 563 2616 indulto
605 2549 931 2634 generali
976 2548 1454 2633 dispensandi
1502 2567 1724 2632 super
1776 2553 1984 2617 certo
2029 2548 2342 2633 quodam
2387 2548 2935 2632 impedimento,
2986 2556 3255 2631 potest,

270 2656 416 2722 nisi
460 2656 537 2722 in
583 2657 747 2740 ipso
788 2657 1083 2724 indulto
1137 2657 1344 2723 aliud
1393 2675 1733 2740 expresse
1789 2657 2367 2740 praescribatur,
2419 2675 2642 2741 super
2687 2676 2774 2723 eo
2828 2657 3258 2739 dispensare

266 2764 560 2830 etiamsi
595 2765 786 2831 idem
819 2764 1420 2847 impedimentum
1458 2765 1848 2848 multiplex
1894 2765 1995 2832 sit
2034 2761 2088 2832 ¹.

448 2871 483 2953 ξ
529 2871 595 2938 2.
646 2871 793 2953 Qui
849 2872 1072 2942 habet
1133 2871 1507 2942 indultum
1564 2872 1906 2958 generale
1960 2870 2441 2957 dispensandi
2500 2889 2723 2956 super
2779 2871 3120 2956 pluribus
3155 2870 3258 2938 di·

268 2999 524 3049 versae
553 2981 822 3065 speciei
851 2981 1418 3066 impedimentis,
1454 2982 1607 3049 sive
1636 2982 2158 3050 dirimentibus
2191 2981 2344 3048 sive
2383 2981 2979 3064 impedientibus,
3019 2984 3264 3064 potest

268 3087 701 3173 dispensare
736 3107 958 3173 super
991 3089 1251 3159 iisdem
1288 3090 1860 3173 impedimentis,
1908 3090 2133 3157 etiam
2174 3089 2517 3174 publiciS,
2566 3089 2646 3155 in
2687 3107 2834 3156 uno
2871 3088 3263 3172 eodemque

264 3213 445 3263 casu
494 3197 1051 3265 occurrentibus
1083 3196 1137 3265 ⁸.

1533 3304 1712 3372 CAN.
1762 3303 1959 3370 1050.

449 3428 530 3495 Si
565 3429 859 3513 quando
886 3447 1053 3495 cum
1084 3428 1608 3512 impedimento
1639 3447 1763 3495 seu
1800 3427 2346 3512 impedimentis
2381 3428 2699 3512 publicis
2741 3446 2963 3511 super
2998 3411 3264 3511 quibus

272 3555 359 3603 cx
405 3535 700 3604 indulto
739 3535 1169 3620 dispensare
1207 3536 1373 3620 quis
1417 3540 1686 3620 potest,
1725 3541 2124 3603 concurrat
2159 3536 2366 3603 aliud
2404 3536 3004 3619 impedimentum
3044 3553 3266 3618 super

277 3661 421 3727 quo
467 3643 896 3728 dispensare
954 3649 1293 3744 nequeat,
1347 3663 1482 3728 pro
1530 3644 1869 3711 omnibus
1921 3644 2145 3712 Sedes
2191 3644 2623 3727 Apostolica
2671 3643 2865 3709 adiri
2914 3643 3150 3725 debet3
3200 3642 3265 3709 si

275 3754 519 3818 tamen
561 3752 1161 3836 impedimenwm
1200 3767 1327 3819 seu
1367 3752 1896 3835 impedimenta
1940 3770 2162 3836 super
2204 3753 2470 3836 quibus
2515 3752 2944 3836 dispensare
2994 3754 3262 3836 potest,

275 3859 828 3941 comperiantur
855 3866 1023 3944 post
1046 3861 1525 3944 impetratam
1555 3879 1596 3927 a
1631 3860 1908 3927 Sancta
1941 3860 2126 3928 Sede
2154 3858 2804 3944 dispensationem.
2842 3859 2998 3925 suis
3034 3860 3263 3925 facul·

275 3966 558 4034 tatibus
595 3969 709 4034 uti
753 3968 1037 4051 poterit
1061 3969 1114 4034 ⁴.

1536 4075 1715 4142 cm.
1763 4074 1960 4141 1051.

448 4198 592 4265 Per
626 4198 1249 4283 dispensationem
1284 4217 1506 4282 super
1542 4199 2068 4282 impedimento
2098 4198 2491 4265 dirimente
2532 4217 2949 4265 concessam
2991 4199 3144 4266 sive
3178 4217 3265 4266 ex

278 4310 648 4389 potestate
670 4296 1075 4386 ordinaria,
1105 4306 1256 4374 sive
1278 4327 1368 4374 ex
1395 4312 1762 4392 potestate
1792 4307 2131 4391 delegata
2164 4326 2295 4390 per
2322 4306 2693 4373 indultum
2728 4306 3092 4391 generale,
3123 4325 3268 4372 non

282 4431 452 4479 vero
480 4433 611 4497 per
645 4414 1083 4498 rescriptum
1123 4415 1201 4480 in
1232 4414 1526 4481 casibus
1559 4415 2165 4499 particularibuS,
2199 4414 2630 4480 conceditur
2664 4432 2949 4497 quoque
2981 4433 3066 4479 eo
3106 4414 3269 4496 ipso

279 4512 721 4604 legitimatio
766 4522 1024 4605 proIiS,
1083 4522 1147 4588 si
1205 4541 1353 4607 qua·
1397 4542 1483 4589 ex
1531 4524 1625 4588 iis
1668 4541 1838 4588 cum
1885 4522 2150 4606 quibus
2204 4521 2683 4604 dispensatur
2730 4522 2875 4586 iam
2927 4525 3104 4589 nata
3150 4520 3266 4587 vel

276 4635 633 4712 concepta
670 4628 929 4710 fuerit,
972 4633 1279 4713 excepta
1326 4634 1572 4698 tamen
1615 4629 2042 4697 adulterina
2080 4634 2156 4696 et
2195 4628 2560 4712 sacrilega
2585 4626 2637 4692 ³.

468 4902 489 4938 ²
531 4901 588 4954 S.
621 4902 687 4955 O.
719 4901 794 4954 de
831 4902 1003 4962 Prop.
1038 4901 1202 4960 Fide.
1238 4901 1409 4952 instr.
1455 4900 1557 4951 (ad
1586 4900 1856 4959 Archlep.
1902 4899 2267 4957 Hiberniae),
2302 4897 2366 4950 25
2398 4899 2501 4949 lul.
2536 4895 2683 4949 1791.

462 4992 490 5030 ¹
521 4992 578 5042 S.
612 4989 676 5041 Ο.
712 4991 771 5042 S.
804 4990 942 5050 Off..
965 4991 1031 5041 19
1051 4990 1170 5041 lun.
1196 4989 1342 5052 1861:
1368 4991 1432 5041 15
1454 4991 1574 5041 lun.
1600 4989 1745 5050 1875;
1773 4989 2062 5049 (Mission.
2087 4987 2528 5048 Trichlnopol.),
2552 4987 2586 5038 2
2605 4999 2733 5047 apr.
2762 4985 2909 5046 1892:
2933 4985 2989 5037 S.
3021 4985 3265 5042 Poenlt..

284 5081 350 5132 2⁰
385 5090 513 5139 apr.
550 5079 697 5131 1883.

463 5171 491 5208 ⁸
534 5169 591 5221 S.
625 5168 690 5219 O.
726 5168 784 5219 S.
817 5167 933 5219 ΟΠ.
974 5167 1264 5227 (Mission.
1293 5168 1736 5228 Trichlnopol.),
1767 5167 1801 5217 2
1835 5179 1961 5227 apr.
1994 5166 2140 5226 18923
2166 5165 2232 5217 18
2258 5178 2391 5226 aug.
2423 5164 2570 5226 lem:
2601 5163 2658 5216 S.
2693 5164 2757 5215 O.
2797 5164 2872 5215 de
2900 5164 3070 5222 Prop.
3108 5162 3272 5220 Fide,

285 5260 352 5311 81
382 5260 558 5311 mart.
601 5257 748 5310 1872.

458 5349 486 5383 ⁴
524 5347 589 5412 S.
614 5348 681 5400 Ο.
722 5348 796 5400 de
827 5347 997 5407 Prop.
1033 5346 1195 5407 Fide,
1229 5346 1346 5399 litt.
1398 5345 1497 5407 (ad
1533 5347 1728 5406 Deleg.
1766 5347 1870 5405 Ap.
1911 5344 2161 5406 Syriae),
2193 5345 2260 5395 10
2290 5343 2432 5393 mall
2469 5341 2616 5394 1887.

467 5440 494 5477 ⁸
529 5439 587 5490 S.
620 5439 683 5491 Ο.
720 5439 778 5491 S.
811 5438 949 5499 011..
983 5438 1050 5489 12
1078 5438 1200 5489 dec.
1233 5437 1382 5497 1748,
1420 5437 1498 5489 ad
1526 5439 1576 5498 1;
1602 5437 1635 5488 8
1672 5438 1773 5487 iul.
1808 5437 1955 5496 1903;
1985 5437 2101 5488 lltt.
2133 5437 2198 5485 11
2226 5435 2349 5486 dec.
2382 5432 2529 5485 1906.
