3753 5871
503 185 615 245 668
1642 191 1839 243 voden
1884 192 2048 244 luo-u
2085 192 2368 245 Oenomai

1713 540 2105 603 TITULUS
2156 540 2258 603 ΙΙ.

1352 666 1461 727 Dn
1494 680 1859 727 mosa
1905 667 2184 729 Romm
2220 669 2634 733 Pom-meis.

1819 858 2058 922 Carum
2090 860 2151 924 Ι.

1337 983 1443 1045 De
1477 984 1886 1046 electoribus
1927 985 2223 1048 Romani
2254 987 2641 1066 Pontificio.

662 1165 767 1227 27.
819 1166 945 1228 Ius
981 1166 1278 1246 eligendi
1326 1168 1706 1229 Romanum
1745 1164 2152 1227 Pontificem
2199 1163 2290 1226 ad
2341 1164 2412 1226 S.
2457 1162 2541 1226 R.
2593 1164 2677 1226 Ε.
2729 1163 3138 1227 cardinales
3192 1164 3413 1227 unice
3448 1170 3518 1228 et

496 1273 833 1352 privative
869 1275 1196 1354 pertinet,
1232 1272 1507 1337 excluso
1553 1290 1838 1353 prorsus
1873 1277 2081 1351 atque
2128 1274 2389 1334 remoto
2425 1271 2731 1350 quolibet
2766 1271 3155 1351 cuiuspiam
3203 1272 3516 1336 alterius

493 1379 1022 1446 Ecclesiasticae
1053 1382 1446 1461 dignitatis,
1484 1386 1613 1445 aut
1641 1381 1860 1445 laicae
1888 1361 2260 1461 potestatis
2290 1379 2663 1443 cuiuslibet
2690 1380 2950 1459 gradus
2978 1385 3069 1450 et,
3088 1379 3382 1444 ordinis
3408 1382 3509 1443 in·

489 1489 808 1551 terventu
848 1491 895 1556 ².

673 1594 780 1660 28.
827 1595 904 1658 Si
938 1597 1211 1674 quando
1247 1595 1609 1677 contingat
1639 1600 1722 1659 ut
1755 1597 2105 1659 Romanus
2146 1596 2471 1660 Pontifex
2507 1596 2815 1675 decedat,
2862 1597 3295 1676 perdurante
3333 1598 3503 1660 eele-

491 1701 809 1768 bratione
844 1703 1145 1766 alicuius
1181 1703 1474 1768 concilii
1522 1705 1887 1784 generalis,
1932 1703 2073 1767 sive
2121 1704 2376 1767 Romae
2414 1703 2592 1767 illud
2632 1704 2992 1784 habeatur,
3045 1703 3195 1768 sive
3233 1705 3320 1766 in
3362 1705 3507 1767 alio

486 1810 729 1891 quovis
753 1813 942 1875 orbis
971 1817 1316 1876 terrarum
1339 1812 1512 1890 loco,
1539 1811 1787 1875 electio
1809 1812 1969 1874 novi
1996 1811 2358 1876 Pontificis
2381 1813 2468 1874 ab
2503 1829 2640 1874 uno
2670 1813 2740 1875 S.
2770 1813 2851 1875 R.
2889 1813 2971 1874 Ε.
3003 1811 3500 1876 cardinalium

486 1918 793 1998 collegio
835 1936 1101 1999 semper
1131 1925 1205 1984 et
1236 1917 1577 1983 exclusive
1613 1919 1762 1983 fieri
1807 1920 2030 1998 debet,
2067 1919 2348 1983 minime
2382 1936 2543 1983 vero
2585 1920 2671 1982 ab
2709 1909 2885 1998 ipso‘
2897 1918 3240 2001 Concilio,
3282 1926 3502 2000 atque

484 2026 693 2090 etiam
722 2027 1000 2090 omnino
1026 2027 1325 2090 exclusis
1358 2028 1444 2090 ab
1474 2027 1709 2091 eadem
1742 2027 2074 2092 electione
2104 2027 2490 2108 peragenda
2521 2028 2940 2106 quibuslibet
2973 2027 3138 2090 aliis
3168 2033 3501 2107 personis

483 2134 811 2213 cuiusvis,
839 2134 1004 2198 licet
1028 2135 1254 2214 ipsius
1282 2133 1600 2214 Concilii,
1627 2135 2050 2198 auctoritate
2075 2135 2260 2199 torte
2291 2136 2732 2216 deputandis,
2762 2139 3040 2214 praeter
3071 2133 3499 2200 Cardinales
3632 2201 3633 2230 ¹

486 2241 898 2322 praedictos.
948 2242 1131 2318 Quin
1175 2243 1338 2322 imo,
1387 2247 1468 2306 ut
1513 2243 1586 2304 in
1642 2242 1978 2306 eiusmodi
2021 2242 2353 2306 electione
2396 2245 2753 2306 memorati
2811 2241 3251 2321 cardinales,
3302 2244 3496 2306 omni

483 2364 769 2429 prorsus
808 2349 1296 2428 impedimento
1328 2351 1644 2413 submoto
1674 2354 1747 2413 et
1779 2350 2023 2428 qua-vis
2064 2350 2663 2429 perturbationum
2696 2355 2768 2415 et
2801 2348 3251 2413 dissidiorum
3299 2369 3495 2414 ocea-

482 2458 673 2522 sione
716 2456 1016 2536 sublata,
1064 2457 1350 2520 liberius
1401 2460 1475 2521 et
1517 2456 1908 2536 expeditius
1955 2458 2318 2536 procedere
2361 2461 2641 2537 queant,
2687 2459 2915 2538 ipsum
2970 2457 3373 2521 Concilium
3421 2461 3493 2520 in

480 2563 900 2645 quibuslibet
925 2566 1116 2627 statu
1149 2569 1220 2628 et
1246 2564 1564 2628 terminis
1587 2564 1905 2643 exsistat,
1937 2566 2176 2628 statim
2210 2566 2297 2629 ab
2325 2570 2605 2645 accepto
2641 2569 2828 2629 certo
2854 2566 3107 2629 nuntio
3132 2566 3493 2630 demortui

477 2672 867 2753 Pontificis,
905 2688 1311 2751 suspensum
1349 2672 1502 2752 ipso
1541 2673 1696 2737 iure
1731 2672 2034 2753 intelligi
2071 2673 2295 2752 debet,
2347 2675 2518 2737 adeo
2559 2678 2664 2753 ut,
2704 2673 2901 2736 nulla
2939 2690 3233 2753 prorsus
3272 2674 3491 2739 inter-

475 2780 658 2843 iecta
707 2798 924 2862 mora,
977 2797 1245 2844 cesmre
1299 2781 1538 2844 statim
1579 2780 1825 2845 debeat
1867 2799 1914 2844 a
1952 2781 2373 2861 quibuslibet
2414 2782 2886 2861 conventibus,
2931 2773 3490 2861 congregationi·

477 2886 605 2952 bus
638 2893 712 2951 et
745 2886 1188 2967 sessionibus,
1223 2891 1296 2952 et
1328 2905 1371 2951 a
1415 2887 1771 2969 quibusvis
1805 2888 2103 2953 decretis
2139 2906 2258 2953 seu
2303 2889 2681 2953 canonibus
2716 2889 3181 2968 conficiendis,
3234 2906 3368 2953 nec
3405 2893 3488 2953 ob

475 2994 855 3075 quamlibet
904 3011 1208 3074 causam,
1254 2995 1527 3060 etiamsi
1570 2996 1980 3075 gravissima
2022 3002 2095 3062 et
2137 2997 2418 3077 speciali
2475 2998 2820 3061 mentione
2862 2998 3073 3076 digna
3129 2997 3486 3073 videatur,

478 3102 776 3168 alterins
820 3106 1166 3185 progredi,
1222 3104 1434 3167 donec
1474 3122 1696 3167 novus
1736 3104 2060 3169 Pontifex
2105 3107 2430 3169 canonice
2483 3105 2743 3169 electus
2784 3106 2962 3168 illud
3015 3107 3365 3168 reassumi
3423 3112 3493 3169 et

471 3211 867 3275 continuari
901 3212 1187 3276 iusserit
1225 3213 1277 3275 ².

655 3319 759 3382 29.
802 3318 1058 3382 Nullus
1100 3318 1601 3399 Cardinalium,
1638 3319 2008 3384 cuiuslibet
2043 3319 2787 3399 excommunicationis,
2832 3320 3337 3399 suspensionis,
3382 3323 3484 3383 in·

471 3426 755 3490 terdicti
783 3432 909 3491 aut
945 3428 1130 3491 alius
1157 3427 1603 3491 ecclesiastici
1642 3428 2113 3507 impedimenti
2145 3432 2508 3508 praetextu
2539 3429 2641 3491 vel
2675 3445 2886 3491 causa
2915 3445 2955 3490 a
2999 3428 3268 3491 Summi
3304 3430 3482 3492 Pon·

471 3532 687 3597 tiiicis
726 3533 1059 3599 electione
1090 3536 1318 3599 activa
1352 3541 1426 3601 et
1459 3534 1733 3616 passiva
1770 3535 2041 3599 excludi
2086 3534 2233 3599 ullo
2265 3536 2467 3599 modo
2512 3539 2761 3614 potest;
2799 3553 2972 3614 quas
3009 3535 3290 3613 quidem
3328 3553 3481 3599 cen·

471 3657 673 3705 suras
719 3647 791 3707 et
834 3644 1571 3709 excommunicationes
1615 3643 1708 3710 ad
1766 3643 2081 3708 effectum
2128 3644 2518 3707 huiusmodi
2569 3643 2926 3707 electionis
2973 3646 3283 3721 tantum,
3336 3643 3485 3706 illis

468 3747 649 3811 alias
688 3749 759 3810 in
794 3767 921 3813 suo
960 3751 1201 3814 robore
1234 3752 1725 3831 permansuris,
1771 3750 2252 3829 suspendimus
2289 3754 2337 3813 ³.

653 3857 755 3919 30.
798 3858 1172 3936 Postquam
1209 3858 1466 3938 aliquis
1502 3859 1574 3923 S.
1623 3862 1704 3922 R.
1745 3859 1826 3922 Ε.
1867 3858 2265 3921 cardinalis
2298 3859 2370 3920 in
2417 3858 2848 3922 Consistorio
2889 3861 3167 3921 creatus
3202 3858 3378 3936 fuit,
3415 3861 3479 3921 is

470 3963 711 4026 statim
743 3981 969 4027 vocem
1003 3970 1076 4029 et
1115 3966 1227 4028 ius
1259 3967 1554 4046 eligendi
1590 3966 1992 4030 Pontificem
2026 3966 2256 4044 habet,
2299 3971 2371 4030 et
2411 3969 2902 4045 consequenter
2936 3966 3212 4029 etiamsi
3249 3968 3473 4029 cardi-

468 4069 764 4134 nalitius
800 4073 1078 4151 galerus
1126 4074 1428 4136 nondum
1470 4075 1577 4136 illi
1619 4075 1931 4138 traditus
1972 4074 2089 4152 sit,
2132 4091 2347 4152 neque
2388 4091 2465 4137 os
2516 4072 2850 4152 clausum,
2905 4074 3007 4136 vel
3051 4074 3109 4135 si
3153 4072 3475 4137 clausum

467 4176 709 4255 fuerit,
756 4179 1058 4242 nondum
1108 4184 1341 4244 tamen
1386 4187 1702 4260 apertum
1747 4184 1862 4246 sit.
1912 4181 2186 4245 Etenim
2231 4181 2621 4244 huiusmodi
2675 4180 3040 4245 claudendi
3094 4182 3245 4244 oris
3294 4183 3476 4245 ritus

465 4284 554 4349 ad
599 4286 1037 4365 praecipuam
1081 4286 1559 4352 Gardinalium
1594 4290 2027 4371 facultatem,
2064 4306 2239 4366 quae
2271 4289 2456 4351 circa
2491 4288 2754 4352 Summi
2793 4288 3156 4352 Pontificis
3195 4290 3471 4353 electio·

465 4406 620 4456 nem
664 4398 1006 4472 versatur,
1042 4413 1179 4459 non
1217 4396 1543 4475 pertinet,
1582 4398 1700 4461 sed
1736 4395 2167 4462 caeremonia
2209 4396 2540 4474 quaeda-m
2577 4399 2709 4459 est.
2756 4413 2839 4458 ea
2873 4396 2958 4458 de
2993 4412 3210 4458 causa
3252 4398 3469 4460 intro-

465 4498 700 4579 ducta,
729 4507 810 4566 ut
832 4500 1264 4582 Cardinales,
1294 4507 1662 4583 antequam
1686 4506 1760 4567 in
1792 4504 2243 4569 Oonsistoriis
2265 4507 2338 4567 et
2360 4502 3028 4583 congregationibus
3057 4503 3471 4584 suffragium

463 4605 721 4685 terant,
745 4608 829 4673 de
857 4610 1217 4691 modestia,
1245 4628 1420 4690 quae
1439 4612 1526 4674 ab
1548 4612 1725 4691 ipsis
1742 4614 1815 4675 in
1844 4614 1954 4676 his
1982 4617 2055 4677 et
2074 4611 2237 4676 aliis
2257 4612 2529 4674 actibus
2555 4611 2865 4675 adhiberi
2890 4612 3113 4686 debet,
3142 4612 3470 4689 quodam·

462 4714 664 4778 modo
694 4715 1200 4783 admoneantur
1225 4720 1278 4783 ⁴.

645 4877 663 4908 ¹
696 4874 788 4948 Pu*
825 4874 900 4930 IX
948 4875 1141 4931 Gonsst.
1179 4878 1303 4932 «In
1343 4880 1457 4934 hoo
1495 4881 1745 4934 eublimt'
1765 4901 1813 4944 t,
1848 4894 1888 4933 x
1920 4880 2034 4934 kal.
2069 4880 2222 4949 Sept.
2269 4878 2386 4934 18⁷1
2433 4879 2492 4931 et
2538 4898 2564 4925 ι
2590 4878 2932 4931 Οοπστιῖίιινί
2952 4898 3002 4940 t,
3049 4877 3112 4928 10
3150 4877 3278 4930 oct.
3327 4879 3467 4937 1877:

458 4971 665 5029 Leonis
695 4971 826 5027 XIII
857 4973 1051 5029 Const-
1090 4996 1116 5023 ε
1139 4976 1630 5033 Praodeoessores
1662 4979 1873 5032 Nostri
1894 4999 1942 5030 ι.

639 5083 660 5112 '
692 5080 777 5135 Pii
810 5080 886 5135 lx
918 5080 1108 5141 Const.
1151 5103 1176 5129 α
1203 5083 1348 5136 Cum
1381 5084 1672 5139 Romanis
1709 5085 2092 5151 Pontificibus
2115 5107 2162 5147 ι»,
2199 5086 2376 5152 pridie
2408 5082 2600 5135 Nonas
2632 5082 2953 5134 Decembris
2987 5081 3130 5135 1869.

639 5183 660 5213 ⁸
692 5181 862 5235 Clem.
885 5180 934 5234 V
966 5195 1087 5248 cap.
1112 5181 1145 5233 Β
1180 5201 1206 5228 ι
1229 5182 1318 5236 Ne
1350 5182 1604 5236 Romani
1629 5205 1675 5245 ι,
1708 5184 1741 5249 5
1764 5185 1797 5236 4
1816 5184 1890 5237 de
1921 5184 2076 5237 elect.
2111 5184 2154 5246 1,
2177 5185 2211 5236 8
2232 5186 2290 5237 in
2312 5183 2503 5246 clem-3
2528 5180 2614 5233 Pii
2636 5179 2710 5233 lv
2732 5180 2928 5233 Consi.
2957 5199 2982 5227 e
3004 5179 3081 5232 In
3100 5180 3401 5248 eligendis
3420 5203 3466 5241 0,

452 5278 487 5350 β
517 5279 602 5345 293
639 5279 804 5349 Greg.
841 5280 942 5333 XV
974 5279 1168 5337 Consi.
1188 5302 1230 5341 ,ι
1256 5281 1500 5336 Aeterni
1534 5283 1741 5336 Patris
1763 5304 1813 5346 ι,
1848 5283 1883 5351 5
1913 5283 1996 5335 22.

636 5380 657 5409 ⁴
690 5377 773 5431 Pii
807 5378 856 5431 V
887 5378 1174 5432 decretum
1205 5379 1296 5431 die
1329 5380 1394 5431 26
1425 5379 1545 5435 Ian.
1579 5380 1698 5433 1571
1724 5395 1738 5442 ;
1772 5380 2191 5435 eaeremoniale
2213 5380 2386 5447 Greg.
2423 5376 2539 5439 XV,
2574 5376 2606 5445 5
2638 5376 2842 5431 Porro.
