3753 5871
517 336 623 393 122
1655 337 1849 388 σοαπ
1891 337 2050 387 Iuris
2099 337 2380 388 canonio!

696 527 727 608 ξ
776 527 841 592 2.
896 527 977 594 Si
1020 527 1451 610 Capitulum
1508 527 1711 593 intra
1757 528 2296 610 praescriptum
2355 530 2647 610 tempus
2691 528 3073 594 Vicarium
3129 533 3264 596 aut
3311 547 3511 596 oeco-

519 656 839 719 nomum,
871 638 1129 720 quavis
1154 637 1245 703 de
1270 654 1521 718 causa,
1558 637 1843 703 nullum
1880 635 2374 719 deputaverit,
2404 635 2793 721 deputatio
2820 636 2917 703 ad
2954 635 3509 719 Metropolitam

514 744 954 827 devolvitur;
988 745 1051 810 si
1085 749 1332 811 autem
1375 743 1682 810 ecclesia
1716 744 1881 826 ipsa
1913 744 2486 827 metropolitana
2527 745 2759 811 fuerit
2792 761 3063 810 vacans
3096 744 3211 810 vel
3246 748 3508 810 metro-

522 852 857 936 politana
887 854 1107 919 simul
1138 857 1213 919 et
1245 853 1738 937 suffraganea,
1769 851 1861 918 ad
1889 851 2382 936 antiquiorem
2410 871 2497 918 ex
2532 850 2923 935 Episcopis
2950 846 3508 936 suffraganeis¹.

695 964 727 1046 ξ
775 965 840 1030 3.
893 965 1141 1032 Etiam
1177 969 1485 1031 vacante
1518 964 1834 1031 dioecesi
1868 969 2003 1033 aut
2036 965 2336 1032 abbatia
2379 964 2495 1030 vel
2529 965 2959 1047 praelatura
2991 964 3084 1031 de
3121 964 3385 1047 quibus
3427 963 3512 1029 in

514 1091 680 1140 can.
723 1073 875 1145 285,
918 1074 980 1138 si
1024 1073 1452 1157 Capitulum
1516 1073 1719 1138 iutra
1779 1072 2156 1139 octiduum
2201 1072 2581 1138 Vicarium
2641 1072 2760 1138 vel
2819 1089 3288 1138 oeconomum
3362 1089 3510 1137 non

524 1180 1035 1260 nominaverit,
1068 1181 1260 1246 hunc
1292 1180 1766 1263 Metropolim
1798 1181 1924 1264 qui
1960 1181 2109 1247 fuit
2140 1179 2466 1264 legitime
2493 1181 2770 1246 electus
2799 1180 2896 1246 ad
2925 1197 3255 1246 normam
3291 1178 3514 1245 citati

516 1280 848 1369 canonisj
879 1289 1316 1362 constituat,
1358 1288 1500 1354 nisi
1532 1289 1608 1354 in
1642 1287 1939 1354 abbatia
1971 1287 2085 1354 vel
2126 1288 2558 1370 praelatura
2587 1287 2869 1354 nullius
2905 1287 3251 1372 religiosa
3286 1287 3515 1354 aliter

515 1395 614 1484 ad
655 1413 983 1461 normam
1022 1396 1639 1464 constitutionum
1683 1397 2184 1480 provideatur.

699 1507 731 1589 ξ
780 1508 845 1572 4.
896 1508 1326 1592 Capitulum
1372 1509 1813 1591 quantocius
1854 1507 1945 1575 de
1990 1513 2224 1575 morte
2277 1506 2628 1590 Episcopi
2670 1511 2746 1574 et
2797 1505 3063 1573 deinde
3105 1505 3382 1573 electus
3427 1507 3512 1570 in

521 1614 899 1681 Vicarium
946 1613 1454 1699 capitularem
1512 1617 1603 1684 de
1660 1636 1797 1683 sua
1853 1616 2209 1683 electione
2258 1615 2516 1684 Sedem
2557 1614 3062 1698 Apostolicam
3120 1612 3511 1679 certiorem

518 1721 826 1790 faciant.

1813 1809 1990 1876 CAN.
2028 1809 2180 1875 433.

693 1920 725 2001 ξ
776 1922 839 1984 1.
892 1921 1103 1986 Unus
1137 1918 1539 2002 deputetur
1574 1918 1923 1985 Vicarius
1965 1918 2452 2003 CapitulariS,
2493 1918 2886 2002 reprobata
2927 1914 3306 1984 contraria
3341 1932 3508 1981 con·

516 2027 928 2109 suetudine3
968 2044 1175 2093 secus
1211 2026 1473 2093 electio
1511 2026 1728 2092 irrita
1775 2030 1889 2092 est
1940 2025 1992 2092 ².

694 2135 726 2219 ἓ
774 2137 840 2203 2.
892 2139 1175 2205 Vicarii
1201 2138 1664 2223 capitularis
1691 2144 1767 2206 et
1800 2139 2172 2206 oeconomi
2195 2136 2639 2205 constitutio
2669 2136 2828 2204 fieri
2856 2135 3071 2203 debet
3104 2153 3237 2220 per
3262 2137 3510 2199 actum

514 2244 1002 2328 capitularem
1046 2246 1140 2312 ad
1186 2264 1515 2313 normam
1556 2265 1720 2312 can.
1778 2246 2088 2328 160·182‚
2133 2246 2360 2312 salvis
2401 2243 2900 2329 peculiaribus
2941 2242 3163 2309 huius
3216 2239 3509 2323 Capitis

518 2352 819 2435 normis,
855 2358 929 2421 et
959 2354 1053 2421 ad
1087 2354 1248 2421 eius
1283 2355 1745 2424 validitatem
1780 2353 2188 2439 requiritur
2226 2371 2576 2420 numerus
2608 2350 3130 2435 suffragiorum
3171 2347 3508 2416 absolute

517 2459 751 2527 maior
783 2459 1102 2544 demptis
1134 2461 1513 2545 suffragiis
1546 2463 1775 2530 nullis
1812 2462 1864 2527 ³.

693 2572 724 2653 ἓ
773 2572 838 2638 3.
890 2572 1094 2639 Idem
1137 2578 1381 2657 potest
1411 2574 1488 2639 in
1523 2574 1903 2640 Vicarium
1938 2571 2445 2656 Capitularem
2479 2573 2556 2637 et
2585 2586 3055 2636 oeconomum
3090 2565 3459 2652 deputari.

1813 2733 1992 2800 CAN.
2031 2735 2183 2800 434.

695 2839 729 2922 §
777 2842 842 2905 1.
892 2840 1011 2908 Ad
1065 2841 1348 2908 Vicarii
1392 2840 1852 2925 capitularis
1896 2860 2163 2910 munus
2214 2842 2561 2927 deputari
2607 2844 2851 2913 valide
2894 2845 3151 2930 nequit
3195 2844 3509 2912 clericus

518 2948 645 3032 qui
680 2949 774 3015 ad
812 2967 1104 3015 sacrum
1141 2951 1696 3037 presbyteratus
1742 2952 2070 3018 ordinem
2112 2952 2435 3019 nondum
2475 2953 2706 3021 fuerit
2745 2958 3151 3037 promotus,
3201 2959 3335 3021 aut
3375 2954 3503 3021 tri·

511 3056 863 3122 cesimum
903 3058 1174 3125 aetatis
1213 3077 1486 3124 annum
1535 3078 1678 3125 non
1714 3060 2143 3143 expleverit,
2183 3065 2318 3128 aut
2361 3061 2455 3128 ad
2495 3061 2797 3128 eandem
2843 3065 3227 3129 vacantem
3266 3059 3505 3129 sedem

515 3162 748 3231 fuerit
781 3164 1082 3245 electus,
1122 3165 1545 3233 nominatus
1584 3166 1698 3232 vel
1734 3171 2254 3251 praesentatus
2286 3168 2337 3233 ⁴.

695 3274 728 3355 ξ
776 3273 842 3339 2.
894 3275 1241 3342 Vicarius
1283 3276 1745 3361 capitularis
1795 3278 1898 3345 sit
1939 3284 2322 3361 praeterea
2360 3278 2439 3344 in
2491 3278 2860 3361 theologia
2904 3282 3040 3345 aut
3082 3278 3244 3344 iure
3291 3293 3504 3342 cano·

519 3381 682 3449 nico
721 3382 979 3449 doctor
1016 3383 1131 3449 vel
1171 3384 1600 3451 licentiatus
1637 3389 1772 3452 aut
1821 3385 2082 3452 saltem
2122 3386 2519 3452 earundem
2562 3385 3127 3469 disciplinarum
3177 3404 3345 3452 vere
3388 3402 3504 3468 pe·

518 3489 734 3571 rituS‚
776 3490 855 3556 in
900 3508 1126 3573 eoque
1160 3508 1444 3556 morum
1481 3492 1901 3574 integritaS‚
1949 3494 2214 3577 pietas,
2256 3511 2441 3560 sana
2476 3493 2818 3561 doctrina
2860 3512 3028 3560 cum
3067 3492 3508 3576 prudentiae

513 3595 734 3664 laude
763 3596 1192 3679 conspirent
1237 3600 1287 3663 ³.

695 3705 727 3786 ξ
775 3706 841 3773 3.
896 3705 977 3771 Si
1007 3705 1508 3808 praescriptae
1544 3706 1576 3788 ξ
1606 3710 1645 3774 1
1670 3708 2131 3775 conditiones
2164 3708 2631 3791 posthabitae
2658 3707 2968 3788 fuerint,
3002 3707 3505 3789 Metropolim,

516 3818 650 3880 aut
697 3814 761 3879 si
799 3813 1107 3881 ecclesia
1143 3815 1715 3897 metropolitana
1755 3834 2027 3883 vacans
2062 3817 2320 3931 fuerit,
2360 3816 2475 3883 vel
2520 3816 2612 3884 de
2650 3815 2813 3898 ipso
2852 3814 3204 3898 Capitulo
3245 3819 3506 3880 metro-

701 4007 723 4043 1
756 4007 821 4058 C.
856 4007 938 4068 18,
978 4009 1048 4057 de
1082 4006 1362 4056 electione
1395 4012 1452 4058 et
1495 4006 1666 4059 electi
1698 4010 2011 4067 potestate,
2048 4009 2097 4070 1,
2133 4010 2184 4072 6,
2220 4012 2281 4062 ln
2317 4010 2446 4072 VI⁰3
2475 4012 2648 4064 Gonc.
2683 4013 2972 4073 'rx-ment..
3007 4026 3150 4065 sess.
3195 4015 3394 4075 XXIV,
3440 4015 3514 4064 aa

524 4097 655 4155 res„
684 4108 734 4147 c.
771 4099 853 4158 16;
889 4095 1030 4147 Plus
1058 4097 1153 4155 lx,
1183 4099 1368 4148 const.
1407 4112 1436 4146 α
1467 4098 1766 4148 Romanus
1794 4097 2073 4158 Pontifex
2104 4114 2152 4159 ι,
2190 4099 2257 4151 28
2281 4112 2415 4161 aug.
2447 4101 2592 4161 1873:
2622 4100 2680 4152 S.
2713 4100 2779 4153 O.
2815 4102 2920 4162 Ep.
2948 4104 3013 4154 et
3042 4101 3204 4162 neg..
3241 4101 3509 4161 sutrina,

520 4186 586 4237 10
623 4187 743 4237 lun.
782 4187 927 4247 1603;
963 4187 1019 4237 S.
1054 4186 1118 4237 C.
1150 4184 1238 4246 0.,
1283 4185 1627 4247 Mazarten„
1662 4199 1860 4239 mense
1896 4188 2014 4238 lan,
2053 4188 2200 4249 1587,
2236 4189 2313 4240 ad
2351 4190 2400 4250 1:
2436 4188 2777 4249 Tum-itanc,
2814 4191 2877 4242 21
2912 4203 3042 4242 nov.
3076 4191 3222 4250 1722,
3268 4191 3336 4242 20
3376 4204 3509 4242 nov.

521 4274 669 4334 1723,
706 4275 785 4326 ad
820 4275 867 4325 2.

686 4365 714 4403 ²
765 4365 822 4416 S.
856 4365 919 4416 C.
955 4366 1060 4425 Ep.
1090 4369 1151 4418 et
1178 4365 1340 4426 neg..
1380 4365 1720 4424 Gasaanen„
1748 4366 1781 4417 6
1807 4378 1942 4427 aug.
1976 4368 2121 4425 1596:
2151 4365 2412 4424 Booten„
2440 4367 2506 4418 12
2534 4371 2708 4420 mart.
2741 4368 2887 4429 1607ς
2913 4368 3247 4427 Potentina,
3275 4368 3342 4420 30
3374 4379 3509 4429 aug.

517 4455 665 4516 lom
713 4453 772 4507 S.
806 4454 869 4506 Ο.
902 4453 989 4515 0.,
1040 4455 1439 4513 Salernitana,
1478 4467 1676 4507 mense
1714 4456 1818 4506 iul.
1868 4455 2017 4513 1589.
2056 4456 2132 4507 ad
2171 4458 2219 4517 1;
2257 4455 2700 4514 Panormitano,
2743 4456 2804 4507 21
2845 4468 2970 4516 apr.
3014 4457 3160 4518 1592:
3202 4456 3512 4506 [παίωνα

522 4544 842 4601 occident„
875 4543 908 4595 7
935 4547 1083 4605 sept.
1126 4545 1271 4604 1625,
1305 4545 1378 4596 ad
1414 4547 1463 4606 1:
1497 4545 1874 4602 Derthusen„
1909 4545 1974 4597 19
2003 4548 2176 4596 mart.
2214 4545 2360 4605 1639:
2396 4544 2758 4604 Tirasonen„
2791 4546 2856 4598 13
2888 4546 2991 4598 lul.
3034 4546 3182 4607 1669,
3217 4545 3296 4597 ad
3327 4545 3377 4597 8.

692 4636 719 4672 ³
761 4631 819 4685 S.
852 4632 917 4684 C.
952 4635 1056 4693 Ep.
1101 4636 1162 4685 et
1205 4634 1367 4695 Reg„
1405 4633 1826 4692 Acheruntina,
1863 4634 1930 4686 26
1969 4645 2095 4693 apr.
2132 4635 2276 4695 1595;
2309 4632 2664 4693 Messanen„
2700 4637 2733 4685 4
2770 4635 2873 4685 lul.
2911 4635 3058 4696 160ος
3092 4635 3159 4687 18
3194 4647 3327 4686 nov.
3365 4635 3515 4695 1625:

517 4719 832 4772 Gravinen.
863 4725 923 4772 et
958 4723 1179 4773 Moneta
1206 4722 1449 4781 Pelusii,
1479 4723 1546 4775 30
1575 4724 1676 4774 lul.
1712 4722 1858 4775 1852.

692 4815 720 4849 ⁴
761 4812 904 4863 Plus
937 4812 1032 4868 1x.
1076 4816 1260 4863 const.
1299 4828 1330 4862 α
1363 4811 1662 4863 Romanus
1707 4811 1985 4871 Pontifex
2029 4827 2078 4871 u.
2112 4812 2179 4864 28
2210 4824 2346 4873 aug.
2386 4811 2534 4864 1873.

689 4902 714 4938 ³
760 4901 930 4951 Conc.
970 4901 1256 4961 Trident„
1291 4914 1434 4954 sess.
1470 4902 1669 4963 XXIV,
1704 4904 1775 4953 de
1815 4902 1950 4960 ref„
1982 4913 2032 4952 c.
2065 4902 2146 4963 16:
2181 4901 2537 4954 Benedictus
2567 4901 2718 4961 x1v,
2754 4913 2842 4961 ep.
2879 4902 3098 4963 encycl.
3134 4916 3165 4952 ι
3209 4899 3397 4961 Quam
3440 4911 3515 4951 eo

515 4990 756 5039 sublimi
788 5004 834 5049 ιο,
868 4991 902 5041 8
937 5003 1071 5052 aug.
1103 4991 1250 5050 1755,
1295 4992 1320 5052 5
1360 4994 1408 5051 4;
1439 4992 1582 5043 Plus
1615 4993 1710 5051 lx,
1745 4995 1930 5044 const.
1966 5006 1997 5042 ι
2030 4991 2330 5041 Romanus
2360 4989 2639 5049 Pontifex
2679 5005 2728 5051 ι,
2760 4990 2827 5042 28
2857 5003 2993 5052 aug.
3024 4991 3172 5053 18733
3206 4990 3266 5042 S.
3299 4990 3365 5042 O.
3400 4990 3507 5050 Ep.

514 5083 578 5132 et
608 5080 771 5140 Reg„
803 5077 1179 5138 Tricarccen„
1209 5080 1242 5132 7
1268 5092 1392 5140 apr.
1431 5080 1577 5133 1592:
1606 5080 1878 5138 Tranen„
1910 5081 1974 5131 22
2000 5081 2122 5133 dec.
2156 5080 2303 5140 1592
2331 5078 2637 5137 Bovlnen„
2667 5080 2700 5131 9
2735 5074 2853 5130 san.
2887 5078 3034 5141 1601;
3072 5078 3130 5131 S.
3164 5080 3230 5131 G.
3261 5078 3352 5137 Ο..
3385 5076 3513 5127 Τή-

518 5169 778 5224 ventina,
809 5180 1007 5220 mense
1032 5169 1154 5220 dec.
1187 5169 1333 5229 1586:
1363 5169 1682 5228 nomnen..
1717 5171 1783 5223 11
1814 5170 1960 5221 mall
1987 5170 2134 5231 1624:
2168 5171 2202 5221 9
2229 5182 2363 5230 aug.
2394 5168 2540 5222 1625:
2568 5168 2792 5221 asten..
2824 5170 2888 5220 11
2917 5169 3020 5221 lul.
3053 5167 3199 5227 1626;
3229 5166 3511 5223 odolen„

512 5258 581 5309 24
622 5260 799 5309 mart.
839 5257 986 5319 16273
1022 5258 1353 5315 Uononen..
1392 5260 1426 5310 9
1459 5259 1602 5309 mall
1648 5259 1794 5319 1637:
1827 5256 2191 5315 Nar-itonam„
2231 5258 2296 5309 24
2336 5259 2438 5308 iul.
2488 5257 2633 5317 1643:
2672 5256 3041 5316 {fravas-ten„
3078 5257 3146 5309 30
3190 5266 3319 5316 apr.
3359 5254 3512 5315 1650,

517 5348 593 5399 ad
620 5349 669 5408 l:
696 5347 1097 5404 Salernitana,
1126 5349 1160 5399 9
1191 5347 1314 5400 dec.
1348 5346 1493 5409 1062;
1527 5345 1749 5399 Nonus
1784 5346 2045 5408 Reaalie,
2074 5349 2141 5399 19
2171 5348 2287 5398 lan.
2320 5346 2468 5408 1664:
2497 5346 2861 5406 Maiorioen„
2889 5346 2956 5398 13
2985 5346 3135 5398 febr.
3164 5343 3318 5405 1672,
3353 5343 3433 5395 ad
3465 5343 3516 5403 2:

518 5437 874 5495 Sulmonem,
935 5436 1003 5489 17
1051 5437 1175 5489 dec.
1225 5438 1375 5497 1701,
1425 5434 1491 5488 14
1549 5438 1692 5493 lan..
1753 5437 1788 5486 4
1833 5437 1985 5488 febr.
2038 5435 2185 5498 1702:
2237 5435 2590 5495 corniolen„
2640 5435 2706 5487 22
2756 5439 2904 5496 sept.
2957 5435 3106 5495 1714:
3154 5430 3513 5492 Leopouen„

513 5526 579 5575 14
619 5526 737 5577 lan.
773 5526 920 5579 1736.
