3753 5871
1624 322 1811 373 lnam
3073 340 3202 382 xvu

2962 487 3070 521 m.

222 567 364 630 Τιτ.
405 565 577 630 xm.
689 602 764 611 —
808 566 906 630 De
948 565 1215 630 delictis
1252 569 1489 629 contra
1528 565 1988 641 auctoritates,
2032 582 2379 646 personas,
2417 583 2527 629 res
2573 565 2769 629 eoele-

941 680 1256 745 siasticas
1351 728 2767 746 ...............
2846 681 3209 745 2330-2349

224 869 366 933 Trr.
406 870 582 933 XIV.
693 905 775 914 —
812 870 909 934 De
950 868 1218 934 delictis
1256 872 1493 933 eontra
1536 870 1768 946 vitam,
1822 869 2223 946 libertatem,
2276 870 2770 952 proprietatem,

946 986 1195 1049 bonam
1238 986 1486 1050 famam
1529 1003 1608 1050 ac
1652 987 1868 1050 bonos
1911 1003 2131 1050 mores
2153 1034 2769 1051 .......
2848 987 3211 1051 2350-2359

225 1172 366 1235 Τιτ.
408 1171 546 1235 XV.
689 1207 767 1216 —
807 1172 905 1235 De
947 1172 1229 1236 crimine
1270 1172 1424 1236 falsi
1455 1220 2770 1238 ..............
2849 1174 3212 1237 23604363

224 1361 366 1424 Τιτ.
407 1359 582 1423 XVI.
688 1395 768 1405 --
809 1359 908 1423 De
951 1359 1219 1425 delictis
1260 1361 1331 1423 in
1373 1360 1962 1425 administratione
2004 1361 2113 1426 vel
2132 1362 2560 1443 suseeptione
2593 1362 2772 1431 ordi-

951 1494 1118 1539 num
1159 1477 1584 1557 aliorumque
1610 1476 2199 1541 sacramentorum
2256 1526 2770 1542 ......
2850 1478 3214 1542 2364-2375

219 1661 365 1725 'Px-r.
407 1661 613 1725 XVII.
686 1697 767 1705 —-
812 1661 906 1724 De
952 1659 1218 1757 deliotis
1256 1665 1495 1725 contra
1532 1660 1984 1745 obligationes
2024 1663 2335 1744 proprias
2373 1666 2596 1727 status
2642 1665 2767 1727 ole-

946 1776 1175 1841 ricalis
1215 1777 1326 1840 vel
1372 1776 1668 1859 religiosi
1753 1826 2770 1844 ...........
2850 1780 3214 1844 2376-2389

226 1966 375 2029 Trr.
415 1965 658 2032 XVIII.
698 2003 776 2011 —
818 1967 916 2030 De
958 1964 1224 2031 delictis
1264 1966 1338 2029 in
1378 1965 1758 2045 collatione,
1800 1966 2229 2048 susceptione
2268 1970 2335 2031 et
2374 1967 2772 2031 dimissione

949 2082 1382 2165 dignitatum,
1423 2082 1793 2146 officiorum
1834 2085 1905 2146 et
1945 2081 2421 2146 beneficiorum
2463 2082 2772 2147 ecelesia-

942 2198 1268 2263 sticorum
1353 2246 2768 2264 ...............
2850 2200 3212 2265 2390-2403

220 2383 368 2449 ΤΠ.
407 2385 588 2447 xlx.
704 2420 782 2430 —-
824 2386 919 2449 De
960 2386 1182 2450 abusu
1226 2387 1579 2467 potestatis
1620 2385 1725 2450 vel
1767 2386 1965 2451 offleii
2015 2388 2470 2453 ecclesiastici.
2847 2391 3212 2453 2404-2414

354 5575 560 5625 οοαω
596 5572 750 5629 nm·
783 5582 1079 5634 comtes.
3090 5591 3124 5634 ‘2
