3753 5871
569 93 682 151 618
1709 95 1906 147 Οοᾱοο
1950 94 1983 147 1
1984 93 2113 145 uris
2151 94 2432 147 Oanonid

571 284 996 366 celebratio,
1029 286 1438 352 asservatio
1466 286 1918 353 sanctissimi
1949 284 2437 366 sacramenti,
2472 285 3025 354 administratio
3063 286 3566 371 baptismatis,

578 393 1118 477 Eucharistiae,
1155 394 1677 479 poenitentiae,
1716 394 2150 462 assistentia
2179 394 2699 477 matrimoniis,
2733 395 3032 463 exclusa
3060 395 3569 462 benedictione

578 504 927 589 nuptiali,
967 511 1426 572 mortuorum
1465 506 1876 589 exsequiae,
1916 505 2149 572 vetita
2197 508 2446 573 tamen
2495 504 2755 589 quavis
2792 504 3332 587 sollemnitate,
3375 505 3566 571 bene-
3636 547 3637 553 κ

572 615 806 684 dictio
837 633 1073 699 aquae
1107 615 1572 699 baptismalis
1611 620 1689 683 et
1720 631 2098 682 sacrorum
2132 614 2487 697 oleorum,
2522 613 2979 698 praedicatio
3016 613 3231 680 verbi
3270 613 3445 680 Dei.
3488 612 3568 678 In

574 725 692 793 his
718 729 967 792 tamen
997 727 1231 792 sacris
1262 725 1774 793 functionibus
1802 725 2237 809 prohibetur
2262 728 2530 793 cantus
2564 727 2640 793 et
2668 741 2938 809 pompa
2962 723 3043 790 in
3074 740 3306 790 sacra
3340 722 3565 807 supa·

576 833 810 901 lectili
855 842 930 902 et
976 834 1266 902 sonitus
1320 851 1875 918 campanarum,
1927 852 2400 921 organorum,
2448 834 2855 901 aliorumve
2901 834 3570 901 instrumentorum

576 942 1065 1026 musicalium3
1101 960 1393 1010 sacrum
1428 948 1676 1010 autem
1712 943 2089 1012 Via-ticum
2128 944 2230 1011 ad
2268 942 2603 1011 infirmos
2639 944 2998 1028 privatim
3025 942 3433 1012 deteratur
3465 939 3516 1008 ¹.

1843 1152 2021 1221 ΟΔΝ.
2068 1151 2264 1219 2272.

753 1296 787 1378 5
835 1298 901 1362 1.
952 1296 1044 1362 In
1082 1295 1485 1365 interdicto
1517 1297 1738 1364 locali
1774 1296 2244 1381 particulari,
2281 1296 2348 1363 si
2388 1295 2868 1364 interdictum
2908 1295 3146 1362 fuerit
3177 1295 3445 1363 altare
3475 1294 3570 1361 vel

575 1406 928 1474 sacellum
974 1407 1196 1474 alicui
1207 1427 1295 1477 us
1337 1409 1711 1490 ecclesiae,
1758 1409 2049 1476 nullum
2104 1425 2397 1475 sacrum
2444 1407 2757 1477 officium
2802 1426 2930 1475 seu
2976 1424 3190 1474 sacer
3246 1406 3466 1475 ritus
3504 1408 3568 1472 in

574 1518 842 1586 eisdem
879 1518 1314 1587 celebretur.

758 1627 792 1709 ξ
836 1628 905 1692 2.
958 1627 1041 1695 Si
1087 1627 1565 1696 interdictum
1614 1629 1847 1698 fuerit
1901 1630 2442 1713 coemeterium,
2492 1629 2820 1697 fidelium
2868 1629 3163 1713 quidem
3209 1630 3570 1697 cadavera

574 1737 872 1821 sepeliri
909 1737 1180 1806 ibidem
1214 1746 1551 1823 possunt,
1590 1738 1718 1807 sed
1760 1739 1921 1807 sine
1956 1739 2114 1808 uno
2144 1738 2646 1808 ecclesiastico
2678 1738 2858 1806 ritu.

753 1848 787 1931 ὅ
833 1850 900 1917 3.
955 1848 1036 1917 Si
1070 1849 1305 1918 latum
1339 1849 1572 1918 fuerit
1610 1850 1691 1916 in
1720 1855 2002 1918 certam
2035 1850 2418 1919 ecclesiam
2451 1850 2568 1918 vel
2608 1850 3061 1919 oratorium:

835 1963 933 2027 1.ο
980 1960 1063 2028 Si
1112 1961 1418 2029 ecclesia
1465 1961 1697 2030 fuerit
1740 1962 2187 2047 capitularis
2233 1980 2368 2030 nec
2422 1961 2902 2030 interdictum
2951 1962 3053 2030 sit
3096 1960 3566 2046 Capitulum,

577 2072 775 2140 valet
816 2072 1357 2156 praescriptum
1406 2091 1571 2141 can.
1616 2072 1815 2156 2271,
1862 2093 1936 2141 ιι.
1991 2077 2059 2156 1,
2104 2073 2252 2141 nisi
2304 2073 2686 2142 interdicti
2726 2073 3101 2141 decretum
3147 2074 3566 2160 praecipiat

575 2182 880 2251 Missam
914 2183 1471 2252 conventualem
1510 2185 1869 2252 celebrari
1901 2190 1981 2254 et
2011 2185 2232 2253 horas
2270 2185 2667 2253 canonicas
2702 2184 3004 2253 recitari
3036 2184 3118 2251 in
3154 2184 3332 2252 alia
3366 2183 3565 2253 eccle

574 2292 690 2360 sia
720 2299 854 2362 aut
884 2293 1232 2378 oratori03

839 2402 937 2469 2.ο
983 2403 1066 2471 Si
1094 2403 1330 2471 fuerit
1354 2403 1817 2488 paroecialis,
1854 2411 2192 2474 servetur
2219 2404 2760 2490 praescriptum
2786 2404 2916 2473 cit.
2948 2423 3115 2472 can.
3149 2404 3376 2489 2271,
3418 2424 3489 2472 ιι.
3512 2404 3565 2483 2,

579 2514 726 2581 nisi
770 2513 1154 2581 interdicti
1197 2514 1572 2581 decretum
1618 2513 1843 2581 aliam
1892 2514 2272 2583 ecclesiam
2331 2533 2468 2599 pro
2514 2513 2898 2582 interdicti
2948 2518 3291 2597 tempore
3357 2514 3567 2583 eidm

575 2622 1011 2690 substituat.

1843 2731 2022 2799 CAN.
2079 2730 2276 2799 2273.

752 2873 1168 2944 Interdicta
1201 2873 1532 2959 civitate,
1579 2873 1984 2944 interdicta
2021 2892 2308 2961 quoque
2353 2879 2656 2944 manent
2693 2874 2857 2944 loca
2893 2873 3328 2942 accessoria
3365 2876 3563 2944 etim

576 2991 914 3072 exempta
952 2992 1027 3056 et
1065 2987 1233 3072 ipsa
1267 2987 1575 3056 ecclesia
1604 2987 2081 3071 cathedralis;
2127 2987 2528 3056 interdicta
2565 2986 2898 3071 ecclesia,
2945 2986 3380 3056 interdicta
3416 2989 3564 3056 sunt

575 3099 846 3166 sacella
877 3099 1252 3181 contigua,
1292 3116 1439 3166 non
1466 3117 1643 3167 vero
1675 3098 2216 3183 coemeterium;
2247 3098 2648 3167 interdicto
2677 3099 2972 3181 sacello,
3015 3116 3163 3167 non
3197 3103 3330 3167 cst
3363 3101 3559 3168 inter

575 3211 780 3280 dicta
822 3212 1112 3296 integra
1153 3210 1461 3278 ecclesia
1509 3229 1665 3294 nec,
1707 3211 2111 3280 interdicto
2155 3211 2615 3292 coemeterio,
2657 3209 3060 3278 interdicta
3098 3215 3221 3278 est
3266 3211 3560 3280 ecclesis

579 3323 726 3407 ipsi
751 3322 1127 3404 contigua,
1159 3321 1284 3389 sed
1316 3322 1720 3390 interdicta
1744 3327 1926 3391 sunt
1950 3322 2201 3390 omnia
2225 3323 2560 3391 oratoria
2583 3322 2662 3390 in
2690 3323 3126 3390 coemeterio
3149 3328 3426 3392 erecta
3456 3321 3504 3387 ¹.

1845 3532 2024 3600 CAN.
2074 3532 2271 3599 2274.

755 3676 790 3758 ξ
839 3677 903 3741 1.
958 3676 1040 3744 Si
1081 3677 1573 3744 communitas
1620 3695 1748 3743 seu
1791 3675 2182 3761 collegium
2238 3673 2591 3743 delictum
2647 3674 3220 3759 perpetraverit,
3277 3673 3554 3744 interdi-

572 3791 779 3855 ctum
813 3785 996 3853 ferri
1031 3790 1275 3871 potest
1312 3787 1428 3854 vel
1460 3786 1541 3853 in
1574 3786 1909 3871 singulas
1942 3805 2295 3871 personas
2327 3785 2863 3872 delinquentes,
2906 3785 3022 3854 vel
3051 3786 3134 3852 in
3165 3785 3555 3853 communi·

578 3902 834 3980 tatem,
875 3898 987 3965 uti
1019 3898 1269 3980 talem,
1309 3899 1425 3966 vel
1455 3899 1538 3965 in
1575 3916 1928 3983 personas
1960 3899 2473 3983 delinquentes
2503 3903 2579 3967 et
2617 3897 2698 3964 in
2729 3897 3383 3967 communitatem.

756 4010 791 4092 ξ
838 4009 903 4076 2.
958 4008 1040 4077 Si
1082 4010 1426 4093 primum,
1470 4014 1805 4078 servetur
1852 4010 2394 4096 praescriptum
2433 4028 2597 4077 can.
2641 4009 2837 4077 2275.

765 4313 785 4348 ¹
822 4313 887 4365 G.
913 4313 963 4372 5,
996 4312 1062 4372 X,
1091 4314 1163 4363 de
1189 4311 1626 4370 consuetudine,
1657 4311 1702 4372 t,
1726 4312 1775 4373 43
1802 4322 1851 4363 c.
1885 4311 1969 4371 11,
1998 4311 2065 4372 X,
2091 4313 2162 4363 de
2186 4309 2557 4372 sponsalibus
2580 4314 2640 4362 et
2664 4308 3074 4368 matrimoniis,
3110 4308 3194 4360 IV
3200 4346 3217 4368 .
3246 4311 3302 4370 1,·
3327 4321 3381 4361 c.
3416 4309 3489 4364 5.
3507 4305 3551 4359 L

587 4408 658 4456 ae
692 4405 1018 4466 privileoiis
1048 4408 1107 4455 et
1138 4404 1473 4455 excessibus
1512 4403 2039 4465 pricileoiatorum,
2074 4404 2143 4466 V,
2175 4405 2257 4466 333
2294 4415 2346 4456 c.
2379 4404 2463 4464 11,
2497 4403 2563 4464 Χ,
2600 4403 2672 4453 de
2693 4400 3080 4463 *poenitentiis
3122 4405 3180 4453 et
3218 4397 3550 4452 remissioni·

586 4501 713 4557 bus,
742 4501 810 4560 V,
840 4501 922 4561 3&
948 4511 998 4550 c.
1029 4499 1111 4558 43,
1140 4499 1223 4559 57,
1258 4499 1324 4560 X,
1353 4499 1424 4549 de
1451 4497 1746 4549 sententia
1774 4496 2414 4557 excommunicationis,
2441 4497 2511 4558 V,
2549 4497 2631 4558 39;
2656 4507 2706 4548 c.
2738 4496 2821 4556 17,
2851 4495 2918 4556 X,
2956 4497 3028 4546 de
3053 4495 3389 4545 verborum
3413 4491 3549 4553 sissi

579 4593 874 4654 flectione,
904 4594 973 4654 V,
1001 4594 1083 4655 40;
1105 4605 1156 4644 c.
1189 4594 1271 4654 19,
1303 4592 1385 4652 24,
1423 4593 1494 4643 de
1520 4592 1815 4644 sententia
1842 4588 2479 4650 communicationis,
2516 4588 2918 4650 suspensionis
2942 4592 3002 4640 et
3031 4587 3375 4647 interdicti,
3402 4589 3468 4645 V.
3490 4587 3547 4640 n,

585 4689 646 4738 in
690 4687 814 4748 V1⁰;
845 4698 894 4737 c.
928 4686 977 4746 2,
1018 4687 1090 4736 de
1127 4685 1420 4736 sententia
1457 4684 2097 4744 communicationis,
2135 4682 2537 4744 suspensionis
2572 4688 2630 4735 et
2666 4680 2990 4739 interdicti,
3027 4680 3097 4741 V,
3136 4681 3224 4739 10,
3277 4683 3348 4732 in
3384 4681 3548 4733 cias

586 4793 636 4832 c.
667 4781 716 4840 2,
755 4783 825 4830 ae
850 4780 1145 4830 sententia
1172 4777 1811 4837 eoecommunicationis,
1841 4780 1912 4839 V,
1940 4781 2023 4839 10,
2062 4778 2124 4831 in
2152 4779 2472 4839 mxtravag.
2503 4788 2671 4838 com.;
2697 4776 2941 4828 Bltuale
2966 4774 3158 4835 Rom„
3190 4776 3295 4827 tit.
3333 4776 3420 4832 n,
3448 4785 3490 4823 c.
3513 4773 3545 4823 L

581 4875 653 4924 de
683 4874 1052 4922 sacramento
1085 4870 1362 4932 baptismi
1392 4872 1508 4923 rite
1538 4871 2030 4931 administrando,
2062 4884 2119 4923 n.
2155 4872 2237 4934 27;
2275 4873 2371 4924 tit.
2407 4871 2509 4932 VI,
2551 4881 2602 4922 c.
2639 4869 2688 4930 2,
2724 4867 2947 4929 Quibus
2977 4878 3094 4918 non
3130 4866 3275 4920 licet
3317 4869 3456 4918 (ian
3484 4870 3543 4910 κ-

581 4966 976 5016 ciesiasticam
1009 4967 1395 5025 sepulturam,
1438 4978 1494 5017 ιι.
1536 4965 1584 5016 2.

755 5071 778 5104 ²
828 5062 891 5113 C.
935 5061 1016 5121 17,
1061 5062 1130 5110 cle
1166 5062 1461 5113 sententia
1502 5060 2139 5119 excommunicationis,
2182 5057 2583 5118 suspensionis
2626 5062 2684 5110 et
2724 5055 3048 5113 interdicti,
3097 5055 3170 5114 V,
3210 5057 3302 5115 11,
3348 5057 3410 5105 in
3454 5049 3546 5103 ΥΡ,

583 5158 723 5219 Reg.
758 5156 841 5216 35,
872 5155 955 5214 42,
986 5154 1070 5214 80,
1107 5155 1177 5205 R.
1210 5154 1290 5216 .Ῐ.,
1325 5155 1387 5206 ln
1426 5154 1551 5217 V1⁰;
1579 5166 1628 5207 c.
1661 5155 1712 5215 2,
1755 5156 1826 5206 de
1857 5154 2153 5206 sententia
2184 5148 2821 5207 eocommunicationis,
2862 5146 3271 5210 suspensionis
3306 5153 3370 5199 et
3401 5145 3541 5192 utter-

582 5250 749 5308 dicti,
785 5249 854 5309 V,
887 5249 970 5309 10,
1006 5250 1067 5299 in
1098 5248 1278 5300 Clem.
