<?xml version="1.0" encoding="UTF-8"?>
<!DOCTYPE html PUBLIC "-//W3C//DTD XHTML 1.0 Transitional//EN"
    "http://www.w3.org/TR/xhtml1/DTD/xhtml1-transitional.dtd">
<html xmlns="http://www.w3.org/1999/xhtml" xml:lang="en" lang="en">
 <head>
  <title>
</title>
<meta http-equiv="Content-Type" content="text/html;charset=utf-8" />
  <meta name='ocr-system' content='tesseract 3.04.00' />
  <meta name='ocr-capabilities' content='ocr_page ocr_carea ocr_par ocr_line ocrx_word'/>
</head>
<body>
  <div class='ocr_page' id='page_1' title='image "./codexiuriscanon00xgoog_0175.png"; bbox 0 0 3753 5871; ppageno 0'>
   <div class='ocr_carea' id='block_1_1' title="bbox 1200 312 3198 388">
    <p class='ocr_par' dir='ltr' id='par_1_1' title="bbox 1200 312 3198 388">
     <span class='ocr_line' id='line_1_1' title="bbox 1200 312 3198 388; baseline 0 -17"><span class='ocrx_word' id='word_1_1' title='bbox 1200 321 1375 371; x_wconf 76' lang='lat' dir='ltr'>Liber</span> <span class='ocrx_word' id='word_1_2' title='bbox 1406 318 1707 368; x_wconf 69' lang='lat' dir='ltr'>Secundus</span> <span class='ocrx_word' id='word_1_3' title='bbox 1750 343 1769 353; x_wconf 90' lang='lat'>-</span> <span class='ocrx_word' id='word_1_4' title='bbox 1805 317 1892 367; x_wconf 80' lang='lat' dir='ltr'>De</span> <span class='ocrx_word' id='word_1_5' title='bbox 1933 318 2208 368; x_wconf 60' lang='lat' dir='ltr'>Persona</span> <span class='ocrx_word' id='word_1_6' title='bbox 2655 339 2686 388; x_wconf 27' lang='lat'>¹·</span> <span class='ocrx_word' id='word_1_7' title='bbox 3093 312 3198 371; x_wconf 68' lang='lat'>123</span> 
     </span>
    </p>
   </div>
   <div class='ocr_carea' id='block_1_2' title="bbox 208 499 3196 709">
    <p class='ocr_par' dir='ltr' id='par_1_2' title="bbox 208 489 3196 709">
     <span class='ocr_line' id='line_1_2' title="bbox 213 499 3192 610; baseline -0.006 -27"><span class='ocrx_word' id='word_1_8' title='bbox 213 517 540 600; x_wconf 87' lang='lat' dir='ltr'>politano</span> <span class='ocrx_word' id='word_1_9' title='bbox 579 520 872 598; x_wconf 82' lang='lat' dir='ltr'>agatur,</span> <span class='ocrx_word' id='word_1_10' title='bbox 909 512 1288 597; x_wconf 81' lang='lat' dir='ltr'><strong>antiquior</strong></span> <span class='ocrx_word' id='word_1_11' title='bbox 1321 511 1740 595; x_wconf 83' lang='lat' dir='ltr'>provinciae</span> <span class='ocrx_word' id='word_1_12' title='bbox 1781 508 2220 591; x_wconf 75' lang='lat' dir='ltr'>EpiscopuS,</span> <span class='ocrx_word' id='word_1_13' title='bbox 2258 506 2515 587; x_wconf 87' lang='lat' dir='ltr'>agnita</span> <span class='ocrx_word' id='word_1_14' title='bbox 2553 504 2661 610; x_wconf 87' lang='lat' dir='ltr'>rei</span> <span class='ocrx_word' id='word_1_15' title='bbox 2698 501 3034 582; x_wconf 84' lang='lat' dir='ltr'>veritate,</span> <span class='ocrx_word' id='word_1_16' title='bbox 3072 499 3192 566; x_wconf 91' lang='lat' dir='ltr'>Vi·</span> 
     </span>
     <span class='ocr_line' id='line_1_3' title="bbox 208 609 3196 709; baseline -0.006 -18"><span class='ocrx_word' id='word_1_17' title='bbox 208 625 488 691; x_wconf 87' lang='lat' dir='ltr'>carium</span> <span class='ocrx_word' id='word_1_18' title='bbox 547 642 683 709; x_wconf 86' lang='lat' dir='ltr'>pro</span> <span class='ocrx_word' id='word_1_19' title='bbox 726 642 813 690; x_wconf 86' lang='lat' dir='ltr'>ea</span> <span class='ocrx_word' id='word_1_20' title='bbox 856 624 1013 689; x_wconf 86' lang='lat' dir='ltr'>vice</span> <span class='ocrx_word' id='word_1_21' title='bbox 1057 622 1383 704; x_wconf 52' lang='lat' dir='ltr'>deputem</span> <span class='ocrx_word' id='word_1_22' title='bbox 1430 624 1642 685; x_wconf 88' lang='lat' dir='ltr'>actus</span> <span class='ocrx_word' id='word_1_23' title='bbox 1688 625 1936 684; x_wconf 89' lang='lat' dir='ltr'>autem</span> <span class='ocrx_word' id='word_1_24' title='bbox 1995 615 2202 681; x_wconf 84' lang='lat' dir='ltr'>illius</span> <span class='ocrx_word' id='word_1_25' title='bbox 2249 614 2375 699; x_wconf 87' lang='lat' dir='ltr'>qui</span> <span class='ocrx_word' id='word_1_26' title='bbox 2423 631 2470 679; x_wconf 88' lang='lat' dir='ltr'>a</span> <span class='ocrx_word' id='word_1_27' title='bbox 2519 609 2870 695; x_wconf 89' lang='lat' dir='ltr'>Capitulo</span> <span class='ocrx_word' id='word_1_28' title='bbox 2919 609 3196 675; x_wconf 86' lang='lat' dir='ltr'>electus</span> 
     </span>
    </p>
   </div>
   <div class='ocr_carea' id='block_1_3' title="bbox 211 728 1880 901">
    <p class='ocr_par' dir='ltr' id='par_1_3' title="bbox 211 728 1880 901">
     <span class='ocr_line' id='line_1_4' title="bbox 211 728 1385 814; baseline -0.003 -17"><span class='ocrx_word' id='word_1_29' title='bbox 211 732 478 808; x_wconf 83' lang='lat' dir='ltr'>fuerat,</span> <span class='ocrx_word' id='word_1_30' title='bbox 514 732 679 814; x_wconf 89' lang='lat' dir='ltr'>ipso</span> <span class='ocrx_word' id='word_1_31' title='bbox 705 731 866 797; x_wconf 89' lang='lat' dir='ltr'>iure</span> <span class='ocrx_word' id='word_1_32' title='bbox 898 734 1076 797; x_wconf 83' lang='lat' dir='ltr'>sunt</span> <span class='ocrx_word' id='word_1_33' title='bbox 1115 729 1304 794; x_wconf 90' lang='lat' dir='ltr'>nulli</span> <span class='ocrx_word' id='word_1_34' title='bbox 1336 728 1385 793; x_wconf 87' lang='lat'><strong>¹.</strong></span> 
     </span>
     <span class='ocr_line' id='line_1_5' title="bbox 1510 832 1880 901; baseline -0.014 0"><span class='ocrx_word' id='word_1_35' title='bbox 1510 834 1686 901; x_wconf 73' lang='lat' dir='ltr'><strong>CAN.</strong></span> <span class='ocrx_word' id='word_1_36' title='bbox 1726 832 1880 898; x_wconf 85' lang='lat'><strong>435.</strong></span> 
     </span>
    </p>
   </div>
   <div class='ocr_carea' id='block_1_4' title="bbox 207 946 3207 2451">
    <p class='ocr_par' dir='ltr' id='par_1_4' title="bbox 207 946 3200 1376">
     <span class='ocr_line' id='line_1_6' title="bbox 381 946 3200 1046; baseline -0.007 -16"><span class='ocrx_word' id='word_1_37' title='bbox 381 966 413 1045; x_wconf 70' lang='grc' dir='ltr'>ξ</span> <span class='ocrx_word' id='word_1_38' title='bbox 464 968 528 1029; x_wconf 94' lang='grc'>1.</span> <span class='ocrx_word' id='word_1_39' title='bbox 582 963 794 1031; x_wconf 83' lang='lat' dir='ltr'>Sicut</span> <span class='ocrx_word' id='word_1_40' title='bbox 835 963 932 1029; x_wconf 85' lang='lat' dir='ltr'>ad</span> <span class='ocrx_word' id='word_1_41' title='bbox 970 961 1401 1046; x_wconf 82' lang='lat' dir='ltr'>Capitulum</span> <span class='ocrx_word' id='word_1_42' title='bbox 1438 964 1614 1026; x_wconf 89' lang='lat' dir='ltr'>ante</span> <span class='ocrx_word' id='word_1_43' title='bbox 1648 957 2201 1040; x_wconf 87' lang='lat' dir='ltr'>deputationem</span> <span class='ocrx_word' id='word_1_44' title='bbox 2242 951 2526 1021; x_wconf 86' lang='lat' dir='ltr'>Vicarii</span> <span class='ocrx_word' id='word_1_45' title='bbox 2563 946 3050 1033; x_wconf 86' lang='lat' dir='ltr'>Capitularis,</span> <span class='ocrx_word' id='word_1_46' title='bbox 3088 948 3200 1010; x_wconf 74' lang='lat' dir='ltr'>ita</span> 
     </span>
     <span class='ocr_line' id='line_1_7' title="bbox 207 1051 3197 1153; baseline -0.008 -12"><span class='ocrx_word' id='word_1_47' title='bbox 207 1075 468 1141; x_wconf 91' lang='lat' dir='ltr'>deinde</span> <span class='ocrx_word' id='word_1_48' title='bbox 494 1074 589 1140; x_wconf 92' lang='lat' dir='ltr'>ad</span> <span class='ocrx_word' id='word_1_49' title='bbox 623 1071 1002 1140; x_wconf 90' lang='lat' dir='ltr'>Vicarium</span> <span class='ocrx_word' id='word_1_50' title='bbox 1030 1069 1536 1153; x_wconf 72' lang='lat' dir='ltr'>capitularem</span> <span class='ocrx_word' id='word_1_51' title='bbox 1565 1066 1843 1134; x_wconf 83' lang='lat' dir='ltr'>transit</span> <span class='ocrx_word' id='word_1_52' title='bbox 1870 1063 2254 1130; x_wconf 90' lang='lat' dir='ltr'>ordinaria</span> <span class='ocrx_word' id='word_1_53' title='bbox 2281 1059 2631 1144; x_wconf 82' lang='lat' dir='ltr'>Episcopi</span> <span class='ocrx_word' id='word_1_54' title='bbox 2667 1054 3086 1122; x_wconf 89' lang='lat' dir='ltr'>iurisdictio</span> <span class='ocrx_word' id='word_1_55' title='bbox 3118 1051 3197 1117; x_wconf 92' lang='lat' dir='ltr'>in</span> 
     </span>
     <span class='ocr_line' id='line_1_8' title="bbox 210 1162 3196 1267; baseline -0.008 -17"><span class='ocrx_word' id='word_1_56' title='bbox 210 1183 727 1267; x_wconf 83' lang='lat' dir='ltr'>spiritualibus</span> <span class='ocrx_word' id='word_1_57' title='bbox 749 1187 823 1249; x_wconf 89' lang='lat' dir='ltr'>et</span> <span class='ocrx_word' id='word_1_58' title='bbox 852 1178 1407 1262; x_wconf 73' lang='lat' dir='ltr'>temporalibuS,</span> <span class='ocrx_word' id='word_1_59' title='bbox 1434 1174 1760 1260; x_wconf 84' lang='lat' dir='ltr'>exceptis</span> <span class='ocrx_word' id='word_1_60' title='bbox 1779 1174 1874 1239; x_wconf 86' lang='lat' dir='ltr'>iis</span> <span class='ocrx_word' id='word_1_61' title='bbox 1899 1172 2185 1256; x_wconf 90' lang='lat' dir='ltr'>quaein</span> <span class='ocrx_word' id='word_1_62' title='bbox 2211 1170 2372 1236; x_wconf 89' lang='lat' dir='ltr'>iure</span> <span class='ocrx_word' id='word_1_63' title='bbox 2394 1184 2734 1251; x_wconf 82' lang='lat' dir='ltr'>expresse</span> <span class='ocrx_word' id='word_1_64' title='bbox 2761 1168 2938 1230; x_wconf 88' lang='lat' dir='ltr'>sunt</span> <span class='ocrx_word' id='word_1_65' title='bbox 2965 1162 3196 1230; x_wconf 88' lang='lat' dir='ltr'>eidem</span> 
     </span>
     <span class='ocr_line' id='line_1_9' title="bbox 213 1289 678 1376; baseline -0.009 -17"><span class='ocrx_word' id='word_1_66' title='bbox 213 1293 588 1376; x_wconf 89' lang='lat' dir='ltr'>prohibita</span> <span class='ocrx_word' id='word_1_67' title='bbox 626 1289 678 1355; x_wconf 83' lang='lat'><strong>².</strong></span> 
     </span>
    </p>

    <p class='ocr_par' dir='ltr' id='par_1_5' title="bbox 212 1379 3203 1895">
     <span class='ocr_line' id='line_1_10' title="bbox 390 1379 3203 1481; baseline -0.008 -17"><span class='ocrx_word' id='word_1_68' title='bbox 390 1399 423 1481; x_wconf 73' lang='grc' dir='ltr'><strong>ξ</strong></span> <span class='ocrx_word' id='word_1_69' title='bbox 470 1398 536 1463; x_wconf 88' lang='grc'>2.</span> <span class='ocrx_word' id='word_1_70' title='bbox 589 1399 834 1476; x_wconf 84' lang='lat' dir='ltr'>Quare</span> <span class='ocrx_word' id='word_1_71' title='bbox 869 1394 1300 1478; x_wconf 83' lang='lat' dir='ltr'>Capitulum</span> <span class='ocrx_word' id='word_1_72' title='bbox 1334 1396 1410 1460; x_wconf 88' lang='lat' dir='ltr'>et</span> <span class='ocrx_word' id='word_1_73' title='bbox 1443 1395 1697 1475; x_wconf 87' lang='lat' dir='ltr'>postea</span> <span class='ocrx_word' id='word_1_74' title='bbox 1745 1388 2086 1456; x_wconf 83' lang='lat' dir='ltr'>vicarius</span> <span class='ocrx_word' id='word_1_75' title='bbox 2120 1383 2581 1468; x_wconf 83' lang='lat' dir='ltr'>Capitularis</span> <span class='ocrx_word' id='word_1_76' title='bbox 2612 1379 2860 1447; x_wconf 90' lang='lat' dir='ltr'>omnia</span> <span class='ocrx_word' id='word_1_77' title='bbox 2893 1383 3203 1461; x_wconf 87' lang='lat' dir='ltr'>possunt</span> 
     </span>
     <span class='ocr_line' id='line_1_11' title="bbox 212 1487 3198 1592; baseline -0.008 -19"><span class='ocrx_word' id='word_1_78' title='bbox 212 1525 397 1592; x_wconf 86' lang='lat' dir='ltr'>quae</span> <span class='ocrx_word' id='word_1_79' title='bbox 432 1507 863 1573; x_wconf 90' lang='lat' dir='ltr'>enumerata</span> <span class='ocrx_word' id='word_1_80' title='bbox 892 1507 1068 1569; x_wconf 85' lang='lat' dir='ltr'>sunt</span> <span class='ocrx_word' id='word_1_81' title='bbox 1093 1519 1259 1568; x_wconf 87' lang='lat' dir='ltr'>can.</span> <span class='ocrx_word' id='word_1_82' title='bbox 1290 1500 1445 1580; x_wconf 82' lang='lat'><strong>368,</strong></span> <span class='ocrx_word' id='word_1_83' title='bbox 1489 1502 1521 1581; x_wconf 69' lang='grc' dir='ltr'><strong>ξ</strong></span> <span class='ocrx_word' id='word_1_84' title='bbox 1554 1500 1617 1582; x_wconf 82' lang='grc'><strong>2;</strong></span> <span class='ocrx_word' id='word_1_85' title='bbox 1647 1499 1822 1565; x_wconf 90' lang='lat' dir='ltr'>item</span> <span class='ocrx_word' id='word_1_86' title='bbox 1860 1495 2224 1562; x_wconf 83' lang='lat' dir='ltr'>facultate</span> <span class='ocrx_word' id='word_1_87' title='bbox 2254 1492 2535 1576; x_wconf 89' lang='lat' dir='ltr'>pollent</span> <span class='ocrx_word' id='word_1_88' title='bbox 2562 1487 2992 1555; x_wconf 84' lang='lat' dir='ltr'>exercitium</span> <span class='ocrx_word' id='word_1_89' title='bbox 3027 1503 3198 1568; x_wconf 86' lang='lat' dir='ltr'>pon·</span> 
     </span>
     <span class='ocr_line' id='line_1_12' title="bbox 212 1591 3198 1691; baseline -0.009 -8"><span class='ocrx_word' id='word_1_90' title='bbox 212 1613 599 1683; x_wconf 86' lang='lat' dir='ltr'>tificalium</span> <span class='ocrx_word' id='word_1_91' title='bbox 639 1614 718 1680; x_wconf 92' lang='lat' dir='ltr'>in</span> <span class='ocrx_word' id='word_1_92' title='bbox 751 1612 1066 1679; x_wconf 81' lang='lat' dir='ltr'>dioecesi</span> <span class='ocrx_word' id='word_1_93' title='bbox 1094 1609 1401 1676; x_wconf 88' lang='lat' dir='ltr'>cuilibet</span> <span class='ocrx_word' id='word_1_94' title='bbox 1436 1607 1804 1691; x_wconf 83' lang='lat' dir='ltr'>Episcopo</span> <span class='ocrx_word' id='word_1_95' title='bbox 1836 1602 2340 1689; x_wconf 89' lang='lat' dir='ltr'>permittendi,</span> <span class='ocrx_word' id='word_1_96' title='bbox 2375 1601 2548 1680; x_wconf 90' lang='lat' dir='ltr'>imo,</span> <span class='ocrx_word' id='word_1_97' title='bbox 2584 1597 2647 1662; x_wconf 88' lang='lat' dir='ltr'>si</span> <span class='ocrx_word' id='word_1_98' title='bbox 2688 1595 3035 1661; x_wconf 89' lang='lat' dir='ltr'>Vicarius</span> <span class='ocrx_word' id='word_1_99' title='bbox 3069 1591 3198 1659; x_wconf 88' lang='lat' dir='ltr'>Ca·</span> 
     </span>
     <span class='ocr_line' id='line_1_13' title="bbox 212 1706 3199 1806; baseline -0.008 -18"><span class='ocrx_word' id='word_1_100' title='bbox 212 1721 564 1806; x_wconf 89' lang='lat' dir='ltr'>pitularis</span> <span class='ocrx_word' id='word_1_101' title='bbox 605 1723 706 1788; x_wconf 86' lang='lat' dir='ltr'>sit</span> <span class='ocrx_word' id='word_1_102' title='bbox 755 1721 1193 1804; x_wconf 85' lang='lat' dir='ltr'>Episcopus.</span> <span class='ocrx_word' id='word_1_103' title='bbox 1238 1720 1483 1802; x_wconf 87' lang='lat' dir='ltr'>potest</span> <span class='ocrx_word' id='word_1_104' title='bbox 1523 1716 1680 1799; x_wconf 92' lang='lat' dir='ltr'>ipse</span> <span class='ocrx_word' id='word_1_105' title='bbox 1718 1713 1970 1780; x_wconf 91' lang='lat' dir='ltr'>eadem</span> <span class='ocrx_word' id='word_1_106' title='bbox 2022 1729 2381 1790; x_wconf 84' lang='lat' dir='ltr'>exercere,</span> <span class='ocrx_word' id='word_1_107' title='bbox 2425 1706 2722 1774; x_wconf 85' lang='lat' dir='ltr'>excluso</span> <span class='ocrx_word' id='word_1_108' title='bbox 2772 1708 3019 1770; x_wconf 91' lang='lat' dir='ltr'>tamen</span> <span class='ocrx_word' id='word_1_109' title='bbox 3063 1718 3199 1765; x_wconf 85' lang='lat' dir='ltr'>usu</span> 
     </span>
     <span class='ocr_line' id='line_1_14' title="bbox 212 1825 1241 1895; baseline -0.003 0"><span class='ocrx_word' id='word_1_110' title='bbox 212 1831 464 1895; x_wconf 81' lang='lat' dir='ltr'>throni</span> <span class='ocrx_word' id='word_1_111' title='bbox 498 1848 664 1895; x_wconf 90' lang='lat' dir='ltr'>cum</span> <span class='ocrx_word' id='word_1_112' title='bbox 704 1826 1143 1893; x_wconf 90' lang='lat' dir='ltr'>baldachino</span> <span class='ocrx_word' id='word_1_113' title='bbox 1190 1825 1241 1892; x_wconf 85' lang='lat'><strong>³.</strong></span> 
     </span>
    </p>

    <p class='ocr_par' dir='ltr' id='par_1_6' title="bbox 209 1913 3207 2451">
     <span class='ocr_line' id='line_1_15' title="bbox 391 1913 3202 2017; baseline -0.008 -15"><span class='ocrx_word' id='word_1_114' title='bbox 391 1935 424 2017; x_wconf 67' lang='grc' dir='ltr'>ξ</span> <span class='ocrx_word' id='word_1_115' title='bbox 471 1937 538 2001; x_wconf 89' lang='grc'>3.</span> <span class='ocrx_word' id='word_1_116' title='bbox 589 1934 891 2002; x_wconf 86' lang='lat' dir='ltr'>Vicario</span> <span class='ocrx_word' id='word_1_117' title='bbox 929 1932 1353 2017; x_wconf 84' lang='lat' dir='ltr'>Capitulari</span> <span class='ocrx_word' id='word_1_118' title='bbox 1401 1936 1477 1999; x_wconf 87' lang='lat' dir='ltr'>et</span> <span class='ocrx_word' id='word_1_119' title='bbox 1516 1929 1867 2013; x_wconf 88' lang='lat' dir='ltr'>Capitulo</span> <span class='ocrx_word' id='word_1_120' title='bbox 1910 1945 2055 1994; x_wconf 93' lang='lat' dir='ltr'>non</span> <span class='ocrx_word' id='word_1_121' title='bbox 2096 1924 2270 1991; x_wconf 88' lang='lat' dir='ltr'>licet</span> <span class='ocrx_word' id='word_1_122' title='bbox 2321 1941 2537 2005; x_wconf 87' lang='lat' dir='ltr'>agere</span> <span class='ocrx_word' id='word_1_123' title='bbox 2581 1917 2957 2003; x_wconf 86' lang='lat' dir='ltr'>quidpiam</span> <span class='ocrx_word' id='word_1_124' title='bbox 3012 1913 3202 1997; x_wconf 92' lang='lat' dir='ltr'>quod</span> 
     </span>
     <span class='ocr_line' id='line_1_16' title="bbox 210 2021 3205 2125; baseline -0.008 -16"><span class='ocrx_word' id='word_1_125' title='bbox 210 2045 324 2111; x_wconf 87' lang='lat' dir='ltr'>vel</span> <span class='ocrx_word' id='word_1_126' title='bbox 352 2044 668 2110; x_wconf 87' lang='lat' dir='ltr'>dioecesi</span> <span class='ocrx_word' id='word_1_127' title='bbox 703 2043 816 2109; x_wconf 85' lang='lat' dir='ltr'>vel</span> <span class='ocrx_word' id='word_1_128' title='bbox 849 2040 1394 2125; x_wconf 80' lang='lat' dir='ltr'>episcopalibus</span> <span class='ocrx_word' id='word_1_129' title='bbox 1421 2039 1710 2105; x_wconf 84' lang='lat' dir='ltr'>iuribus</span> <span class='ocrx_word' id='word_1_130' title='bbox 1743 2033 2274 2120; x_wconf 89' lang='lat' dir='ltr'>praeiudicium</span> <span class='ocrx_word' id='word_1_131' title='bbox 2311 2028 2611 2114; x_wconf 86' lang='lat' dir='ltr'>aliquod</span> <span class='ocrx_word' id='word_1_132' title='bbox 2643 2025 2926 2092; x_wconf 71' lang='lat' dir='ltr'>afferre,</span> <span class='ocrx_word' id='word_1_133' title='bbox 2949 2021 3205 2104; x_wconf 81' lang='lat' dir='ltr'>possit3</span> 
     </span>
     <span class='ocr_line' id='line_1_17' title="bbox 212 2133 3203 2236; baseline -0.008 -20"><span class='ocrx_word' id='word_1_134' title='bbox 212 2153 649 2218; x_wconf 87' lang='lat' dir='ltr'>nominatim</span> <span class='ocrx_word' id='word_1_135' title='bbox 684 2169 856 2217; x_wconf 84' lang='lat' dir='ltr'>vero</span> <span class='ocrx_word' id='word_1_136' title='bbox 896 2149 1241 2216; x_wconf 86' lang='lat' dir='ltr'>Vicarins</span> <span class='ocrx_word' id='word_1_137' title='bbox 1273 2146 1736 2236; x_wconf 76' lang='lat' dir='ltr'>Capitularis</span> <span class='ocrx_word' id='word_1_138' title='bbox 1767 2144 2044 2228; x_wconf 85' lang='lat' dir='ltr'>aliique</span> <span class='ocrx_word' id='word_1_139' title='bbox 2077 2141 2228 2208; x_wconf 85' lang='lat' dir='ltr'>sive</span> <span class='ocrx_word' id='word_1_140' title='bbox 2267 2140 2358 2206; x_wconf 89' lang='lat' dir='ltr'>de</span> <span class='ocrx_word' id='word_1_141' title='bbox 2391 2135 2742 2220; x_wconf 88' lang='lat' dir='ltr'>Capitulo</span> <span class='ocrx_word' id='word_1_142' title='bbox 2784 2133 2935 2199; x_wconf 87' lang='lat' dir='ltr'>sive</span> <span class='ocrx_word' id='word_1_143' title='bbox 2966 2133 3203 2197; x_wconf 85' lang='lat' dir='ltr'>extra.-</span> 
     </span>
     <span class='ocr_line' id='line_1_18' title="bbox 213 2235 3207 2341; baseline -0.007 -18"><span class='ocrx_word' id='word_1_144' title='bbox 213 2261 359 2341; x_wconf 90' lang='lat' dir='ltr'>nei,</span> <span class='ocrx_word' id='word_1_145' title='bbox 392 2258 644 2325; x_wconf 87' lang='lat' dir='ltr'>clerici</span> <span class='ocrx_word' id='word_1_146' title='bbox 679 2263 812 2325; x_wconf 87' lang='lat' dir='ltr'>aut</span> <span class='ocrx_word' id='word_1_147' title='bbox 844 2257 1044 2338; x_wconf 89' lang='lat' dir='ltr'>laici,</span> <span class='ocrx_word' id='word_1_148' title='bbox 1081 2276 1213 2340; x_wconf 90' lang='lat' dir='ltr'>per</span> <span class='ocrx_word' id='word_1_149' title='bbox 1251 2275 1328 2323; x_wconf 88' lang='lat' dir='ltr'>se</span> <span class='ocrx_word' id='word_1_150' title='bbox 1357 2255 1471 2322; x_wconf 86' lang='lat' dir='ltr'>vel</span> <span class='ocrx_word' id='word_1_151' title='bbox 1503 2272 1634 2337; x_wconf 87' lang='lat' dir='ltr'>per</span> <span class='ocrx_word' id='word_1_152' title='bbox 1673 2253 1903 2319; x_wconf 83' lang='lat' dir='ltr'>alium</span> <span class='ocrx_word' id='word_1_153' title='bbox 1935 2248 2423 2335; x_wconf 87' lang='lat' dir='ltr'>prohibentur</span> <span class='ocrx_word' id='word_1_154' title='bbox 2463 2243 2734 2310; x_wconf 87' lang='lat' dir='ltr'>Curiae</span> <span class='ocrx_word' id='word_1_155' title='bbox 2767 2235 3207 2323; x_wconf 83' lang='lat' dir='ltr'>episcopalis</span> 
     </span>
     <span class='ocr_line' id='line_1_19' title="bbox 209 2341 3161 2451; baseline -0.011 -14"><span class='ocrx_word' id='word_1_156' title='bbox 209 2369 655 2437; x_wconf 85' lang='lat' dir='ltr'>documenta</span> <span class='ocrx_word' id='word_1_157' title='bbox 686 2366 1055 2451; x_wconf 80' lang='lat' dir='ltr'>quaelibet</span> <span class='ocrx_word' id='word_1_158' title='bbox 1083 2364 1515 2432; x_wconf 80' lang='lat' dir='ltr'>subtrahere</span> <span class='ocrx_word' id='word_1_159' title='bbox 1549 2362 1663 2428; x_wconf 85' lang='lat' dir='ltr'>vel</span> <span class='ocrx_word' id='word_1_160' title='bbox 1697 2362 2077 2427; x_wconf 86' lang='lat' dir='ltr'>destruere</span> <span class='ocrx_word' id='word_1_161' title='bbox 2108 2355 2222 2422; x_wconf 86' lang='lat' dir='ltr'>vel</span> <span class='ocrx_word' id='word_1_162' title='bbox 2257 2354 2498 2421; x_wconf 82' lang='lat' dir='ltr'>celare</span> <span class='ocrx_word' id='word_1_163' title='bbox 2532 2351 2646 2416; x_wconf 86' lang='lat' dir='ltr'>vel</span> <span class='ocrx_word' id='word_1_164' title='bbox 2681 2349 3078 2415; x_wconf 88' lang='lat' dir='ltr'>immuta-re</span> <span class='ocrx_word' id='word_1_165' title='bbox 3108 2341 3161 2406; x_wconf 86' lang='lat'><strong>⁴.</strong></span> 
     </span>
    </p>
   </div>
   <div class='ocr_carea' id='block_1_5' title="bbox 392 2521 1881 2740">
    <p class='ocr_par' dir='ltr' id='par_1_7' title="bbox 392 2521 1881 2740">
     <span class='ocr_line' id='line_1_20' title="bbox 1513 2521 1881 2589; baseline -0.003 0"><span class='ocrx_word' id='word_1_166' title='bbox 1513 2521 1689 2589; x_wconf 76' lang='lat' dir='ltr'><strong>CAN.</strong></span> <span class='ocrx_word' id='word_1_167' title='bbox 1726 2521 1881 2588; x_wconf 84' lang='lat'><strong>436.</strong></span> 
     </span>
     <span class='ocr_line' id='line_1_21' title="bbox 392 2646 1663 2740; baseline -0.002 -26"><span class='ocrx_word' id='word_1_168' title='bbox 392 2648 577 2740; x_wconf 72' lang='lat' dir='ltr'>Sede</span> <span class='ocrx_word' id='word_1_169' title='bbox 606 2651 918 2714; x_wconf 83' lang='lat' dir='ltr'>vacante</span> <span class='ocrx_word' id='word_1_170' title='bbox 951 2646 1137 2713; x_wconf 86' lang='lat' dir='ltr'>nihil</span> <span class='ocrx_word' id='word_1_171' title='bbox 1178 2647 1572 2712; x_wconf 87' lang='lat' dir='ltr'>innovetur</span> <span class='ocrx_word' id='word_1_172' title='bbox 1611 2646 1663 2712; x_wconf 78' lang='lat'><strong>⁵.</strong></span> 
     </span>
    </p>
   </div>
   <div class='ocr_carea' id='block_1_6' title="bbox 1515 2808 1883 2875">
    <p class='ocr_par' dir='ltr' id='par_1_8' title="bbox 1515 2808 1883 2875">
     <span class='ocr_line' id='line_1_22' title="bbox 1515 2808 1883 2875; baseline -0.003 0"><span class='ocrx_word' id='word_1_173' title='bbox 1515 2808 1691 2875; x_wconf 74' lang='lat' dir='ltr'><strong>CAN.</strong></span> <span class='ocrx_word' id='word_1_174' title='bbox 1729 2809 1883 2875; x_wconf 75' lang='lat'><strong>437.</strong></span> 
     </span>
    </p>
   </div>
   <div class='ocr_carea' id='block_1_7' title="bbox 212 2932 3205 3126">
    <p class='ocr_par' dir='ltr' id='par_1_9' title="bbox 212 2932 3205 3126">
     <span class='ocr_line' id='line_1_23' title="bbox 394 2932 3205 3037; baseline 0 -35"><span class='ocrx_word' id='word_1_175' title='bbox 394 2935 486 3002; x_wconf 91' lang='lat' dir='ltr'>In</span> <span class='ocrx_word' id='word_1_176' title='bbox 516 2934 820 3002; x_wconf 86' lang='lat' dir='ltr'>Vicario</span> <span class='ocrx_word' id='word_1_177' title='bbox 849 2933 1371 3037; x_wconf 84' lang='lat' dir='ltr'>constituendo</span> <span class='ocrx_word' id='word_1_178' title='bbox 1401 2933 1681 3000; x_wconf 87' lang='lat' dir='ltr'>nullam</span> <span class='ocrx_word' id='word_1_179' title='bbox 1713 2932 1854 3000; x_wconf 90' lang='lat' dir='ltr'>sibi</span> <span class='ocrx_word' id='word_1_180' title='bbox 1884 2932 2424 3019; x_wconf 84' lang='lat' dir='ltr'>iurisdictionis</span> <span class='ocrx_word' id='word_1_181' title='bbox 2452 2939 2738 3019; x_wconf 89' lang='lat' dir='ltr'>partem</span> <span class='ocrx_word' id='word_1_182' title='bbox 2778 2935 3205 3018; x_wconf 84' lang='lat' dir='ltr'>Capitulum</span> 
     </span>
     <span class='ocr_line' id='line_1_24' title="bbox 212 3042 3205 3126; baseline 0 -16"><span class='ocrx_word' id='word_1_183' title='bbox 212 3043 537 3111; x_wconf 88' lang='lat' dir='ltr'>retinere</span> <span class='ocrx_word' id='word_1_184' title='bbox 570 3047 839 3126; x_wconf 87' lang='lat' dir='ltr'>potest,</span> <span class='ocrx_word' id='word_1_185' title='bbox 880 3062 1010 3109; x_wconf 93' lang='lat' dir='ltr'>nec</span> <span class='ocrx_word' id='word_1_186' title='bbox 1047 3042 1364 3125; x_wconf 79' lang='lat' dir='ltr'>gerendo</span> <span class='ocrx_word' id='word_1_187' title='bbox 1400 3042 1689 3109; x_wconf 91' lang='lat' dir='ltr'>muneri</span> <span class='ocrx_word' id='word_1_188' title='bbox 1732 3045 2024 3125; x_wconf 89' lang='lat' dir='ltr'>tempus</span> <span class='ocrx_word' id='word_1_189' title='bbox 2060 3042 2454 3125; x_wconf 87' lang='lat' dir='ltr'>praefinire</span> <span class='ocrx_word' id='word_1_190' title='bbox 2487 3043 2766 3111; x_wconf 87' lang='lat' dir='ltr'>aliasve</span> <span class='ocrx_word' id='word_1_191' title='bbox 2811 3044 3205 3110; x_wconf 88' lang='lat' dir='ltr'>restrictio-</span> 
     </span>
    </p>
   </div>
   <div class='ocr_carea' id='block_1_8' title="bbox 210 3150 1871 3301">
    <p class='ocr_par' dir='ltr' id='par_1_10' title="bbox 210 3150 1871 3301">
     <span class='ocr_line' id='line_1_25' title="bbox 210 3150 962 3233; baseline 0.001 -18"><span class='ocrx_word' id='word_1_192' title='bbox 210 3169 345 3218; x_wconf 79' lang='lat' dir='ltr'>nes</span> <span class='ocrx_word' id='word_1_193' title='bbox 378 3150 871 3233; x_wconf 86' lang='lat' dir='ltr'>praestituere</span> <span class='ocrx_word' id='word_1_194' title='bbox 912 3151 962 3216; x_wconf 78' lang='lat'><strong>⁸.</strong></span> 
     </span>
     <span class='ocr_line' id='line_1_26' title="bbox 1504 3235 1871 3301; baseline 0.003 0"><span class='ocrx_word' id='word_1_195' title='bbox 1504 3235 1679 3301; x_wconf 74' lang='lat' dir='ltr'><strong>CAN.</strong></span> <span class='ocrx_word' id='word_1_196' title='bbox 1718 3237 1871 3301; x_wconf 87' lang='lat'><strong>438.</strong></span> 
     </span>
    </p>
   </div>
   <div class='ocr_carea' id='block_1_9' title="bbox 214 3359 3209 3552">
    <p class='ocr_par' dir='ltr' id='par_1_11' title="bbox 214 3359 3209 3552">
     <span class='ocr_line' id='line_1_27' title="bbox 397 3359 3209 3445; baseline -0.001 -18"><span class='ocrx_word' id='word_1_197' title='bbox 397 3363 744 3429; x_wconf 87' lang='lat' dir='ltr'>Vicarius</span> <span class='ocrx_word' id='word_1_198' title='bbox 796 3361 1282 3445; x_wconf 82' lang='lat' dir='ltr'>capitularis,</span> <span class='ocrx_word' id='word_1_199' title='bbox 1332 3361 1535 3428; x_wconf 80' lang='lat' dir='ltr'>edita·</span> <span class='ocrx_word' id='word_1_200' title='bbox 1592 3360 1762 3426; x_wconf 87' lang='lat' dir='ltr'>fidei</span> <span class='ocrx_word' id='word_1_201' title='bbox 1822 3361 2278 3444; x_wconf 89' lang='lat' dir='ltr'>professione</span> <span class='ocrx_word' id='word_1_202' title='bbox 2323 3360 2417 3427; x_wconf 90' lang='lat' dir='ltr'>de</span> <span class='ocrx_word' id='word_1_203' title='bbox 2467 3378 2614 3445; x_wconf 88' lang='lat' dir='ltr'>qua</span> <span class='ocrx_word' id='word_1_204' title='bbox 2662 3361 2739 3427; x_wconf 91' lang='lat' dir='ltr'>in</span> <span class='ocrx_word' id='word_1_205' title='bbox 2787 3379 2951 3426; x_wconf 89' lang='lat' dir='ltr'>can.</span> <span class='ocrx_word' id='word_1_206' title='bbox 3014 3359 3209 3426; x_wconf 85' lang='lat'>1406-</span> 
     </span>
     <span class='ocr_line' id='line_1_28' title="bbox 214 3466 3207 3552; baseline -0.001 -17"><span class='ocrx_word' id='word_1_207' title='bbox 214 3469 416 3550; x_wconf 80' lang='lat'>1408,</span> <span class='ocrx_word' id='word_1_208' title='bbox 485 3471 739 3537; x_wconf 83' lang='lat' dir='ltr'>statim</span> <span class='ocrx_word' id='word_1_209' title='bbox 795 3469 1380 3535; x_wconf 89' lang='lat' dir='ltr'>iurisdictionem</span> <span class='ocrx_word' id='word_1_210' title='bbox 1436 3468 1745 3549; x_wconf 89' lang='lat' dir='ltr'>obtinet,</span> <span class='ocrx_word' id='word_1_211' title='bbox 1815 3468 1993 3552; x_wconf 88' lang='lat' dir='ltr'>quin</span> <span class='ocrx_word' id='word_1_212' title='bbox 2046 3468 2464 3534; x_wconf 85' lang='lat' dir='ltr'>necessaria</span> <span class='ocrx_word' id='word_1_213' title='bbox 2517 3467 2621 3534; x_wconf 87' lang='lat' dir='ltr'>sit</span> <span class='ocrx_word' id='word_1_214' title='bbox 2672 3468 2902 3534; x_wconf 89' lang='lat' dir='ltr'>ullius</span> <span class='ocrx_word' id='word_1_215' title='bbox 2951 3466 3207 3533; x_wconf 87' lang='lat' dir='ltr'>confir-</span> 
     </span>
    </p>
   </div>
   <div class='ocr_carea' id='block_1_10' title="bbox 213 3577 1879 3731">
    <p class='ocr_par' dir='ltr' id='par_1_12' title="bbox 213 3577 1879 3731">
     <span class='ocr_line' id='line_1_29' title="bbox 213 3577 474 3645; baseline -0.004 -3"><span class='ocrx_word' id='word_1_216' title='bbox 213 3577 474 3645; x_wconf 90' lang='lat' dir='ltr'>matio.</span> 
     </span>
     <span class='ocr_line' id='line_1_30' title="bbox 1512 3664 1879 3731; baseline 0 0"><span class='ocrx_word' id='word_1_217' title='bbox 1512 3664 1688 3731; x_wconf 60' lang='lat' dir='ltr'>Cau.</span> <span class='ocrx_word' id='word_1_218' title='bbox 1726 3664 1879 3731; x_wconf 78' lang='lat'><strong>439.</strong></span> 
     </span>
    </p>
   </div>
   <div class='ocr_carea' id='block_1_11' title="bbox 208 3786 3206 3984">
    <p class='ocr_par' dir='ltr' id='par_1_13' title="bbox 208 3786 3206 3984">
     <span class='ocr_line' id='line_1_31' title="bbox 396 3786 3206 3873; baseline -0.001 -18"><span class='ocrx_word' id='word_1_219' title='bbox 396 3788 604 3868; x_wconf 85' lang='lat' dir='ltr'>Quae</span> <span class='ocrx_word' id='word_1_220' title='bbox 633 3790 712 3856; x_wconf 92' lang='lat' dir='ltr'>in</span> <span class='ocrx_word' id='word_1_221' title='bbox 742 3808 907 3856; x_wconf 89' lang='lat' dir='ltr'>can.</span> <span class='ocrx_word' id='word_1_222' title='bbox 938 3789 1068 3856; x_wconf 80' lang='lat'>370</span> <span class='ocrx_word' id='word_1_223' title='bbox 1103 3789 1195 3857; x_wconf 92' lang='lat' dir='ltr'>de</span> <span class='ocrx_word' id='word_1_224' title='bbox 1231 3789 1533 3855; x_wconf 87' lang='lat' dir='ltr'>Vicario</span> <span class='ocrx_word' id='word_1_225' title='bbox 1565 3789 1912 3856; x_wconf 81' lang='lat' dir='ltr'>Generali</span> <span class='ocrx_word' id='word_1_226' title='bbox 1950 3789 2412 3873; x_wconf 86' lang='lat' dir='ltr'>praescripta</span> <span class='ocrx_word' id='word_1_227' title='bbox 2445 3792 2646 3869; x_wconf 86' lang='lat' dir='ltr'>sunt,</span> <span class='ocrx_word' id='word_1_228' title='bbox 2680 3787 2931 3854; x_wconf 87' lang='lat' dir='ltr'>eadem</span> <span class='ocrx_word' id='word_1_229' title='bbox 2963 3786 3055 3852; x_wconf 91' lang='lat' dir='ltr'>de</span> <span class='ocrx_word' id='word_1_230' title='bbox 3087 3786 3206 3851; x_wconf 89' lang='lat' dir='ltr'>Vi·</span> 
     </span>
     <span class='ocr_line' id='line_1_32' title="bbox 208 3895 2098 3984; baseline -0.004 -17"><span class='ocrx_word' id='word_1_231' title='bbox 208 3900 424 3967; x_wconf 82' lang='lat' dir='ltr'>cario</span> <span class='ocrx_word' id='word_1_232' title='bbox 466 3918 751 3984; x_wconf 88' lang='lat' dir='ltr'>quoque</span> <span class='ocrx_word' id='word_1_233' title='bbox 792 3898 1215 3982; x_wconf 87' lang='lat' dir='ltr'>Capitulari</span> <span class='ocrx_word' id='word_1_234' title='bbox 1252 3899 1458 3966; x_wconf 86' lang='lat' dir='ltr'>dicta</span> <span class='ocrx_word' id='word_1_235' title='bbox 1496 3898 2020 3982; x_wconf 85' lang='lat' dir='ltr'>intelligantur</span> <span class='ocrx_word' id='word_1_236' title='bbox 2047 3895 2098 3959; x_wconf 73' lang='lat'><strong>².</strong></span> 
     </span>
    </p>
   </div>
   <div class='ocr_carea' id='block_1_12' title="bbox 216 4081 3221 5570">
    <p class='ocr_par' dir='ltr' id='par_1_14' title="bbox 404 4081 1820 4142">
     <span class='ocr_line' id='line_1_33' title="bbox 404 4081 1820 4142; baseline -0.003 -8"><span class='ocrx_word' id='word_1_237' title='bbox 404 4084 425 4118; x_wconf 85' lang='lat'><em>¹</em></span> <span class='ocrx_word' id='word_1_238' title='bbox 467 4083 525 4134; x_wconf 92' lang='lat' dir='ltr'><strong>S.</strong></span> <span class='ocrx_word' id='word_1_239' title='bbox 557 4082 624 4134; x_wconf 90' lang='lat' dir='ltr'>C.</span> <span class='ocrx_word' id='word_1_240' title='bbox 658 4083 743 4142; x_wconf 89' lang='lat' dir='ltr'>C.,</span> <span class='ocrx_word' id='word_1_241' title='bbox 781 4082 1145 4138; x_wconf 62' lang='lat' dir='ltr'>Maior-acen..</span> <span class='ocrx_word' id='word_1_242' title='bbox 1179 4082 1245 4132; x_wconf 82' lang='lat'>13</span> <span class='ocrx_word' id='word_1_243' title='bbox 1285 4082 1432 4133; x_wconf 75' lang='lat' dir='ltr'>febr.</span> <span class='ocrx_word' id='word_1_244' title='bbox 1478 4081 1624 4142; x_wconf 82' lang='grc'><strong>1672,</strong></span> <span class='ocrx_word' id='word_1_245' title='bbox 1660 4082 1738 4133; x_wconf 83' lang='lat' dir='ltr'>ad</span> <span class='ocrx_word' id='word_1_246' title='bbox 1771 4083 1820 4133; x_wconf 87' lang='lat'>3.</span> 
     </span>
    </p>

    <p class='ocr_par' dir='ltr' id='par_1_15' title="bbox 218 4168 3215 4411">
     <span class='ocr_line' id='line_1_34' title="bbox 398 4168 3212 4234; baseline 0 -12"><span class='ocrx_word' id='word_1_247' title='bbox 398 4173 425 4210; x_wconf 82' lang='lat'>²</span> <span class='ocrx_word' id='word_1_248' title='bbox 473 4173 615 4223; x_wconf 81' lang='lat' dir='ltr'>Pius</span> <span class='ocrx_word' id='word_1_249' title='bbox 661 4172 756 4232; x_wconf 82' lang='lat' dir='ltr'>IX,</span> <span class='ocrx_word' id='word_1_250' title='bbox 801 4177 986 4223; x_wconf 80' lang='lat' dir='ltr'>const.</span> <span class='ocrx_word' id='word_1_251' title='bbox 1045 4187 1074 4221; x_wconf 74' lang='grc' dir='ltr'><strong>α</strong></span> <span class='ocrx_word' id='word_1_252' title='bbox 1119 4168 1416 4222; x_wconf 67' lang='lat' dir='ltr'>Romanus</span> <span class='ocrx_word' id='word_1_253' title='bbox 1462 4171 1739 4228; x_wconf 66' lang='lat' dir='ltr'>Pontifex</span> <span class='ocrx_word' id='word_1_254' title='bbox 1784 4187 1832 4231; x_wconf 70' lang='lat' dir='ltr'>n,</span> <span class='ocrx_word' id='word_1_255' title='bbox 1892 4171 1956 4223; x_wconf 81' lang='lat'>28</span> <span class='ocrx_word' id='word_1_256' title='bbox 2001 4184 2134 4232; x_wconf 80' lang='lat' dir='ltr'>aug.</span> <span class='ocrx_word' id='word_1_257' title='bbox 2168 4172 2313 4234; x_wconf 73' lang='lat'>1873;</span> <span class='ocrx_word' id='word_1_258' title='bbox 2360 4172 2417 4224; x_wconf 90' lang='lat' dir='ltr'><strong>S.</strong></span> <span class='ocrx_word' id='word_1_259' title='bbox 2451 4173 2514 4224; x_wconf 88' lang='lat' dir='ltr'>C.</span> <span class='ocrx_word' id='word_1_260' title='bbox 2553 4173 2609 4224; x_wconf 85' lang='lat' dir='ltr'><strong>S.</strong></span> <span class='ocrx_word' id='word_1_261' title='bbox 2643 4173 2782 4233; x_wconf 75' lang='lat' dir='ltr'><strong>Off..</strong></span> <span class='ocrx_word' id='word_1_262' title='bbox 2835 4175 2949 4225; x_wconf 84' lang='lat' dir='ltr'>litt.</span> <span class='ocrx_word' id='word_1_263' title='bbox 2996 4176 3212 4234; x_wconf 81' lang='lat' dir='ltr'>encycl.</span> 
     </span>
     <span class='ocr_line' id='line_1_35' title="bbox 218 4260 3215 4322; baseline -0.001 -9"><span class='ocrx_word' id='word_1_264' title='bbox 218 4262 287 4313; x_wconf 66' lang='lat' dir='ltr'><strong>m</strong></span> <span class='ocrx_word' id='word_1_265' title='bbox 316 4262 469 4313; x_wconf 66' lang='lat' dir='ltr'>febr.</span> <span class='ocrx_word' id='word_1_266' title='bbox 499 4261 647 4322; x_wconf 87' lang='grc'><strong>1888,</strong></span> <span class='ocrx_word' id='word_1_267' title='bbox 681 4275 740 4312; x_wconf 87' lang='grc' dir='ltr'><strong>ιι.</strong></span> <span class='ocrx_word' id='word_1_268' title='bbox 777 4262 825 4321; x_wconf 86' lang='grc'><strong>2;</strong></span> <span class='ocrx_word' id='word_1_269' title='bbox 851 4261 1006 4312; x_wconf 86' lang='lat' dir='ltr'>decr.</span> <span class='ocrx_word' id='word_1_270' title='bbox 1040 4262 1104 4312; x_wconf 84' lang='grc'>20</span> <span class='ocrx_word' id='word_1_271' title='bbox 1130 4265 1256 4321; x_wconf 82' lang='lat' dir='ltr'>apr.</span> <span class='ocrx_word' id='word_1_272' title='bbox 1288 4261 1433 4321; x_wconf 65' lang='lat'>189&amp;</span> <span class='ocrx_word' id='word_1_273' title='bbox 1461 4260 1520 4312; x_wconf 87' lang='lat' dir='ltr'><strong>S.</strong></span> <span class='ocrx_word' id='word_1_274' title='bbox 1552 4261 1617 4312; x_wconf 91' lang='lat' dir='ltr'>C.</span> <span class='ocrx_word' id='word_1_275' title='bbox 1654 4261 1758 4321; x_wconf 81' lang='lat' dir='ltr'>Ep.</span> <span class='ocrx_word' id='word_1_276' title='bbox 1792 4265 1852 4312; x_wconf 89' lang='lat' dir='ltr'>et</span> <span class='ocrx_word' id='word_1_277' title='bbox 1890 4261 2053 4322; x_wconf 73' lang='lat' dir='ltr'><strong>neg..</strong></span> <span class='ocrx_word' id='word_1_278' title='bbox 2085 4261 2148 4311; x_wconf 82' lang='lat'>21</span> <span class='ocrx_word' id='word_1_279' title='bbox 2176 4274 2307 4311; x_wconf 83' lang='lat' dir='ltr'>nov.</span> <span class='ocrx_word' id='word_1_280' title='bbox 2342 4262 2487 4322; x_wconf 72' lang='lat'><strong>16033</strong></span> <span class='ocrx_word' id='word_1_281' title='bbox 2518 4262 2574 4313; x_wconf 87' lang='lat' dir='ltr'>S.</span> <span class='ocrx_word' id='word_1_282' title='bbox 2609 4263 2673 4314; x_wconf 93' lang='grc'>0.</span> <span class='ocrx_word' id='word_1_283' title='bbox 2708 4263 2794 4322; x_wconf 90' lang='grc'>0.,</span> <span class='ocrx_word' id='word_1_284' title='bbox 2836 4261 3215 4318; x_wconf 77' lang='lat' dir='ltr'>Derthonen..</span> 
     </span>
     <span class='ocr_line' id='line_1_36' title="bbox 218 4350 2404 4411; baseline -0 -11"><span class='ocrx_word' id='word_1_285' title='bbox 218 4352 287 4400; x_wconf 80' lang='lat'>21</span> <span class='ocrx_word' id='word_1_286' title='bbox 319 4350 447 4402; x_wconf 83' lang='lat' dir='ltr'>dec.</span> <span class='ocrx_word' id='word_1_287' title='bbox 480 4351 627 4411; x_wconf 77' lang='lat'>1591:</span> <span class='ocrx_word' id='word_1_288' title='bbox 658 4350 724 4402; x_wconf 84' lang='lat'>13</span> <span class='ocrx_word' id='word_1_289' title='bbox 763 4353 910 4410; x_wconf 82' lang='lat' dir='ltr'>sept.</span> <span class='ocrx_word' id='word_1_290' title='bbox 943 4350 1091 4410; x_wconf 83' lang='grc'><strong>1721,</strong></span> <span class='ocrx_word' id='word_1_291' title='bbox 1125 4350 1202 4401; x_wconf 83' lang='lat' dir='ltr'>ad</span> <span class='ocrx_word' id='word_1_292' title='bbox 1234 4350 1285 4401; x_wconf 91' lang='lat'><strong>1.</strong></span> <span class='ocrx_word' id='word_1_293' title='bbox 1321 4377 1387 4387; x_wconf 95' lang='lat'>—</span> <span class='ocrx_word' id='word_1_294' title='bbox 1428 4350 1575 4400; x_wconf 76' lang='lat' dir='ltr'>Vide</span> <span class='ocrx_word' id='word_1_295' title='bbox 1607 4351 1791 4400; x_wconf 82' lang='lat' dir='ltr'>etlam</span> <span class='ocrx_word' id='word_1_296' title='bbox 1822 4361 1952 4400; x_wconf 85' lang='lat' dir='ltr'>can.</span> <span class='ocrx_word' id='word_1_297' title='bbox 1993 4350 2104 4410; x_wconf 75' lang='grc' dir='ltr'>437ς</span> <span class='ocrx_word' id='word_1_298' title='bbox 2137 4350 2251 4409; x_wconf 84' lang='grc'><strong>455,</strong></span> <span class='ocrx_word' id='word_1_299' title='bbox 2294 4351 2320 4410; x_wconf 63' lang='lat' dir='ltr'>fi</span> <span class='ocrx_word' id='word_1_300' title='bbox 2356 4350 2404 4400; x_wconf 88' lang='grc'>2.</span> 
     </span>
    </p>

    <p class='ocr_par' dir='ltr' id='par_1_16' title="bbox 217 4438 3218 4679">
     <span class='ocr_line' id='line_1_37' title="bbox 402 4438 3218 4503; baseline 0 -13"><span class='ocrx_word' id='word_1_301' title='bbox 402 4442 429 4478; x_wconf 80' lang='lat'>³</span> <span class='ocrx_word' id='word_1_302' title='bbox 473 4440 610 4499; x_wconf 76' lang='lat' dir='ltr'><strong>Reg.</strong></span> <span class='ocrx_word' id='word_1_303' title='bbox 658 4440 739 4497; x_wconf 81' lang='grc'><strong>46,</strong></span> <span class='ocrx_word' id='word_1_304' title='bbox 785 4439 855 4489; x_wconf 84' lang='lat' dir='ltr'><strong>R.</strong></span> <span class='ocrx_word' id='word_1_305' title='bbox 893 4439 971 4498; x_wconf 81' lang='lat' dir='ltr'><strong>J..</strong></span> <span class='ocrx_word' id='word_1_306' title='bbox 1014 4440 1074 4488; x_wconf 82' lang='lat' dir='ltr'>in</span> <span class='ocrx_word' id='word_1_307' title='bbox 1110 4439 1233 4499; x_wconf 84' lang='lat' dir='ltr'><strong>VI⁰;</strong></span> <span class='ocrx_word' id='word_1_308' title='bbox 1274 4438 1333 4490; x_wconf 95' lang='lat' dir='ltr'><strong>S.</strong></span> <span class='ocrx_word' id='word_1_309' title='bbox 1366 4438 1431 4489; x_wconf 93' lang='grc'>0.</span> <span class='ocrx_word' id='word_1_310' title='bbox 1467 4439 1524 4489; x_wconf 80' lang='lat' dir='ltr'><strong>S.</strong></span> <span class='ocrx_word' id='word_1_311' title='bbox 1559 4439 1695 4499; x_wconf 75' lang='lat' dir='ltr'><strong>off..</strong></span> <span class='ocrx_word' id='word_1_312' title='bbox 1736 4439 1850 4491; x_wconf 84' lang='lat' dir='ltr'>ntt.</span> <span class='ocrx_word' id='word_1_313' title='bbox 1891 4440 2109 4499; x_wconf 81' lang='lat' dir='ltr'>encycl.</span> <span class='ocrx_word' id='word_1_314' title='bbox 2149 4439 2213 4490; x_wconf 87' lang='grc'>20</span> <span class='ocrx_word' id='word_1_315' title='bbox 2252 4440 2398 4490; x_wconf 80' lang='lat' dir='ltr'>febr.</span> <span class='ocrx_word' id='word_1_316' title='bbox 2449 4439 2595 4499; x_wconf 82' lang='grc'><strong>1888,</strong></span> <span class='ocrx_word' id='word_1_317' title='bbox 2635 4453 2693 4490; x_wconf 88' lang='grc' dir='ltr'><strong>ιι.</strong></span> <span class='ocrx_word' id='word_1_318' title='bbox 2726 4441 2774 4500; x_wconf 89' lang='grc'>3;</span> <span class='ocrx_word' id='word_1_319' title='bbox 2811 4439 2874 4489; x_wconf 90' lang='grc'><strong>24</strong></span> <span class='ocrx_word' id='word_1_320' title='bbox 2909 4452 3039 4490; x_wconf 80' lang='lat' dir='ltr'>nov.</span> <span class='ocrx_word' id='word_1_321' title='bbox 3073 4440 3218 4503; x_wconf 73' lang='lat'>18975</span> 
     </span>
     <span class='ocr_line' id='line_1_38' title="bbox 217 4527 3213 4589; baseline -0 -10"><span class='ocrx_word' id='word_1_322' title='bbox 217 4529 383 4579; x_wconf 76' lang='lat' dir='ltr'>decr.</span> <span class='ocrx_word' id='word_1_323' title='bbox 425 4528 492 4580; x_wconf 70' lang='lat' dir='ltr'><strong>m</strong></span> <span class='ocrx_word' id='word_1_324' title='bbox 522 4540 646 4588; x_wconf 86' lang='lat' dir='ltr'>apr.</span> <span class='ocrx_word' id='word_1_325' title='bbox 678 4528 826 4589; x_wconf 72' lang='lat'><strong>189&amp;</strong></span> <span class='ocrx_word' id='word_1_326' title='bbox 853 4529 887 4579; x_wconf 79' lang='lat'><strong>3</strong></span> <span class='ocrx_word' id='word_1_327' title='bbox 916 4528 1059 4578; x_wconf 80' lang='lat' dir='ltr'>mall</span> <span class='ocrx_word' id='word_1_328' title='bbox 1091 4528 1239 4587; x_wconf 89' lang='grc'><strong>1899,</strong></span> <span class='ocrx_word' id='word_1_329' title='bbox 1281 4527 1359 4579; x_wconf 82' lang='lat' dir='ltr'>ad</span> <span class='ocrx_word' id='word_1_330' title='bbox 1392 4528 1440 4588; x_wconf 73' lang='lat'>2:</span> <span class='ocrx_word' id='word_1_331' title='bbox 1470 4528 1502 4578; x_wconf 90' lang='lat'>5</span> <span class='ocrx_word' id='word_1_332' title='bbox 1535 4531 1682 4587; x_wconf 80' lang='lat' dir='ltr'>sept.</span> <span class='ocrx_word' id='word_1_333' title='bbox 1716 4529 1862 4588; x_wconf 83' lang='lat'>1900;</span> <span class='ocrx_word' id='word_1_334' title='bbox 1901 4527 1958 4579; x_wconf 89' lang='lat' dir='ltr'><strong>S.</strong></span> <span class='ocrx_word' id='word_1_335' title='bbox 1993 4528 2056 4578; x_wconf 92' lang='lat' dir='ltr'>C.</span> <span class='ocrx_word' id='word_1_336' title='bbox 2093 4528 2196 4588; x_wconf 81' lang='lat' dir='ltr'>Ep.</span> <span class='ocrx_word' id='word_1_337' title='bbox 2232 4532 2294 4579; x_wconf 87' lang='lat' dir='ltr'>et</span> <span class='ocrx_word' id='word_1_338' title='bbox 2328 4529 2490 4588; x_wconf 84' lang='lat' dir='ltr'><strong>Reg.,</strong></span> <span class='ocrx_word' id='word_1_339' title='bbox 2530 4527 2949 4586; x_wconf 74' lang='lat' dir='ltr'>Acheruntina,</span> <span class='ocrx_word' id='word_1_340' title='bbox 2992 4530 3024 4578; x_wconf 85' lang='lat'>5</span> <span class='ocrx_word' id='word_1_341' title='bbox 3066 4530 3213 4578; x_wconf 84' lang='lat' dir='ltr'>febr.</span> 
     </span>
     <span class='ocr_line' id='line_1_39' title="bbox 220 4616 1899 4679; baseline -0.001 -12"><span class='ocrx_word' id='word_1_342' title='bbox 220 4619 377 4679; x_wconf 70' lang='lat'><strong>10⁰1:</strong></span> <span class='ocrx_word' id='word_1_343' title='bbox 413 4617 727 4676; x_wconf 68' lang='lat' dir='ltr'>Nepesina,</span> <span class='ocrx_word' id='word_1_344' title='bbox 767 4618 832 4668; x_wconf 85' lang='lat'>15</span> <span class='ocrx_word' id='word_1_345' title='bbox 860 4616 983 4669; x_wconf 86' lang='lat' dir='ltr'>dec.</span> <span class='ocrx_word' id='word_1_346' title='bbox 1019 4617 1164 4677; x_wconf 76' lang='grc' dir='ltr'><strong>1603ς</strong></span> <span class='ocrx_word' id='word_1_347' title='bbox 1199 4616 1256 4668; x_wconf 91' lang='lat' dir='ltr'><strong>S.</strong></span> <span class='ocrx_word' id='word_1_348' title='bbox 1295 4617 1365 4666; x_wconf 87' lang='lat' dir='ltr'><strong>R.</strong></span> <span class='ocrx_word' id='word_1_349' title='bbox 1400 4617 1487 4676; x_wconf 88' lang='grc'>0.,</span> <span class='ocrx_word' id='word_1_350' title='bbox 1523 4618 1554 4666; x_wconf 87' lang='grc'><strong>4</strong></span> <span class='ocrx_word' id='word_1_351' title='bbox 1583 4629 1714 4667; x_wconf 85' lang='lat' dir='ltr'>nov.</span> <span class='ocrx_word' id='word_1_352' title='bbox 1752 4616 1899 4667; x_wconf 86' lang='lat'><strong>1905.</strong></span> 
     </span>
    </p>

    <p class='ocr_par' dir='ltr' id='par_1_17' title="bbox 220 4704 3218 4944">
     <span class='ocr_line' id='line_1_40' title="bbox 406 4704 3217 4767; baseline -0.001 -10"><span class='ocrx_word' id='word_1_353' title='bbox 406 4709 436 4745; x_wconf 77' lang='lat'><strong>⁴</strong></span> <span class='ocrx_word' id='word_1_354' title='bbox 474 4706 538 4757; x_wconf 91' lang='grc'>0.</span> <span class='ocrx_word' id='word_1_355' title='bbox 571 4708 620 4765; x_wconf 92' lang='grc'>1,</span> <span class='ocrx_word' id='word_1_356' title='bbox 653 4708 703 4765; x_wconf 87' lang='grc'><strong>2,</strong></span> <span class='ocrx_word' id='word_1_357' title='bbox 735 4708 800 4767; x_wconf 83' lang='grc' dir='ltr'><strong>Χ,</strong></span> <span class='ocrx_word' id='word_1_358' title='bbox 841 4718 914 4756; x_wconf 76' lang='lat' dir='ltr'>nc</span> <span class='ocrx_word' id='word_1_359' title='bbox 950 4708 1087 4756; x_wconf 69' lang='lat' dir='ltr'>sede</span> <span class='ocrx_word' id='word_1_360' title='bbox 1125 4710 1373 4757; x_wconf 79' lang='lat' dir='ltr'>vacante</span> <span class='ocrx_word' id='word_1_361' title='bbox 1412 4704 1637 4764; x_wconf 76' lang='lat' dir='ltr'>aliquid</span> <span class='ocrx_word' id='word_1_362' title='bbox 1685 4705 2018 4763; x_wconf 72' lang='lat' dir='ltr'>innovetur,</span> <span class='ocrx_word' id='word_1_363' title='bbox 2060 4706 2176 4766; x_wconf 89' lang='lat'>111,</span> <span class='ocrx_word' id='word_1_364' title='bbox 2227 4708 2276 4766; x_wconf 87' lang='grc'><strong>9;</strong></span> <span class='ocrx_word' id='word_1_365' title='bbox 2319 4704 2376 4756; x_wconf 85' lang='lat' dir='ltr'><strong>S.</strong></span> <span class='ocrx_word' id='word_1_366' title='bbox 2412 4706 2475 4757; x_wconf 92' lang='lat' dir='ltr'>C.</span> <span class='ocrx_word' id='word_1_367' title='bbox 2511 4707 2615 4765; x_wconf 85' lang='lat' dir='ltr'>Ep.</span> <span class='ocrx_word' id='word_1_368' title='bbox 2657 4713 2719 4757; x_wconf 86' lang='lat' dir='ltr'>et</span> <span class='ocrx_word' id='word_1_369' title='bbox 2760 4706 2921 4766; x_wconf 66' lang='lat' dir='ltr'>Reg„</span> <span class='ocrx_word' id='word_1_370' title='bbox 2965 4704 3217 4754; x_wconf 70' lang='lat' dir='ltr'>Salerni-</span> 
     </span>
     <span class='ocr_line' id='line_1_41' title="bbox 220 4793 3218 4856; baseline 0 -11"><span class='ocrx_word' id='word_1_371' title='bbox 220 4801 395 4853; x_wconf 75' lang='lat' dir='ltr'>tam,</span> <span class='ocrx_word' id='word_1_372' title='bbox 430 4797 498 4848; x_wconf 81' lang='grc'>30</span> <span class='ocrx_word' id='word_1_373' title='bbox 529 4796 647 4846; x_wconf 79' lang='lat' dir='ltr'>ian.</span> <span class='ocrx_word' id='word_1_374' title='bbox 684 4797 831 4856; x_wconf 73' lang='lat'><strong>1590:</strong></span> <span class='ocrx_word' id='word_1_375' title='bbox 863 4795 1190 4855; x_wconf 62' lang='lat' dir='ltr'>Eunonen..</span> <span class='ocrx_word' id='word_1_376' title='bbox 1233 4795 1298 4846; x_wconf 88' lang='grc'>20</span> <span class='ocrx_word' id='word_1_377' title='bbox 1338 4795 1460 4847; x_wconf 82' lang='lat' dir='ltr'>dec.</span> <span class='ocrx_word' id='word_1_378' title='bbox 1497 4796 1643 4856; x_wconf 83' lang='grc'><strong>1594;</strong></span> <span class='ocrx_word' id='word_1_379' title='bbox 1682 4793 1951 4853; x_wconf 72' lang='lat' dir='ltr'>oritana,</span> <span class='ocrx_word' id='word_1_380' title='bbox 1996 4795 2060 4845; x_wconf 87' lang='grc'>29</span> <span class='ocrx_word' id='word_1_381' title='bbox 2093 4807 2225 4845; x_wconf 81' lang='lat' dir='ltr'>nov.</span> <span class='ocrx_word' id='word_1_382' title='bbox 2272 4794 2418 4856; x_wconf 83' lang='grc' dir='ltr'><strong>160ος</strong></span> <span class='ocrx_word' id='word_1_383' title='bbox 2459 4794 2777 4853; x_wconf 67' lang='grc' dir='ltr'><strong>Καραείηα,</strong></span> <span class='ocrx_word' id='word_1_384' title='bbox 2814 4795 2878 4845; x_wconf 91' lang='grc'><strong>16</strong></span> <span class='ocrx_word' id='word_1_385' title='bbox 2912 4794 3032 4846; x_wconf 86' lang='lat' dir='ltr'>dec.</span> <span class='ocrx_word' id='word_1_386' title='bbox 3073 4795 3218 4855; x_wconf 77' lang='lat'>1639:</span> 
     </span>
     <span class='ocr_line' id='line_1_42' title="bbox 221 4882 1505 4944; baseline -0.002 -9"><span class='ocrx_word' id='word_1_387' title='bbox 221 4884 287 4935; x_wconf 81' lang='lat' dir='ltr'><strong>S.</strong></span> <span class='ocrx_word' id='word_1_388' title='bbox 326 4885 396 4937; x_wconf 88' lang='lat' dir='ltr'>C.</span> <span class='ocrx_word' id='word_1_389' title='bbox 429 4884 519 4944; x_wconf 88' lang='grc'>0.,</span> <span class='ocrx_word' id='word_1_390' title='bbox 554 4884 897 4941; x_wconf 67' lang='lat' dir='ltr'>Mazanen„</span> <span class='ocrx_word' id='word_1_391' title='bbox 930 4885 963 4936; x_wconf 83' lang='grc'><strong>6</strong></span> <span class='ocrx_word' id='word_1_392' title='bbox 993 4884 1116 4936; x_wconf 81' lang='lat' dir='ltr'>(lec.</span> <span class='ocrx_word' id='word_1_393' title='bbox 1154 4882 1301 4943; x_wconf 74' lang='grc'><strong>1642,</strong></span> <span class='ocrx_word' id='word_1_394' title='bbox 1346 4884 1423 4935; x_wconf 85' lang='lat' dir='ltr'>ad</span> <span class='ocrx_word' id='word_1_395' title='bbox 1457 4883 1505 4933; x_wconf 88' lang='lat'><strong>2.</strong></span> 
     </span>
    </p>

    <p class='ocr_par' dir='ltr' id='par_1_18' title="bbox 218 4970 3221 5125">
     <span class='ocr_line' id='line_1_43' title="bbox 405 4970 3221 5035; baseline -0.002 -9"><span class='ocrx_word' id='word_1_396' title='bbox 405 4977 434 5014; x_wconf 84' lang='lat'>⁸</span> <span class='ocrx_word' id='word_1_397' title='bbox 477 4975 541 5026; x_wconf 89' lang='lat' dir='ltr'>C.</span> <span class='ocrx_word' id='word_1_398' title='bbox 575 4976 625 5035; x_wconf 92' lang='grc'>1,</span> <span class='ocrx_word' id='word_1_399' title='bbox 657 4976 722 5034; x_wconf 83' lang='lat' dir='ltr'>X,</span> <span class='ocrx_word' id='word_1_400' title='bbox 772 4985 846 5024; x_wconf 74' lang='lat' dir='ltr'>ne</span> <span class='ocrx_word' id='word_1_401' title='bbox 885 4976 1021 5024; x_wconf 69' lang='lat' dir='ltr'>aede</span> <span class='ocrx_word' id='word_1_402' title='bbox 1062 4978 1310 5023; x_wconf 80' lang='lat' dir='ltr'>vacante</span> <span class='ocrx_word' id='word_1_403' title='bbox 1350 4972 1576 5032; x_wconf 74' lang='lat' dir='ltr'>aliquia</span> <span class='ocrx_word' id='word_1_404' title='bbox 1621 4974 1952 5031; x_wconf 75' lang='lat' dir='ltr'>innovetur,</span> <span class='ocrx_word' id='word_1_405' title='bbox 2004 4972 2120 5032; x_wconf 84' lang='grc' dir='ltr'><strong>ΙΙΙ,</strong></span> <span class='ocrx_word' id='word_1_406' title='bbox 2160 4973 2210 5033; x_wconf 85' lang='grc'><strong>9;</strong></span> <span class='ocrx_word' id='word_1_407' title='bbox 2251 4985 2299 5022; x_wconf 86' lang='lat' dir='ltr'>e.</span> <span class='ocrx_word' id='word_1_408' title='bbox 2354 4974 2403 5031; x_wconf 89' lang='grc'>1,</span> <span class='ocrx_word' id='word_1_409' title='bbox 2450 4975 2519 5022; x_wconf 81' lang='lat' dir='ltr'>de</span> <span class='ocrx_word' id='word_1_410' title='bbox 2570 4972 2745 5022; x_wconf 76' lang='lat' dir='ltr'>rebus</span> <span class='ocrx_word' id='word_1_411' title='bbox 2787 4970 3066 5021; x_wconf 74' lang='lat' dir='ltr'>ecclesiae</span> <span class='ocrx_word' id='word_1_412' title='bbox 3105 4982 3221 5019; x_wconf 74' lang='lat' dir='ltr'>non</span> 
     </span>
     <span class='ocr_line' id='line_1_44' title="bbox 218 5061 3217 5125; baseline -0.001 -10"><span class='ocrx_word' id='word_1_413' title='bbox 218 5064 585 5120; x_wconf 68' lang='lat' dir='ltr'>alienandis,</span> <span class='ocrx_word' id='word_1_414' title='bbox 607 5064 724 5124; x_wconf 91' lang='grc' dir='ltr'><strong>ΙΙΙ,</strong></span> <span class='ocrx_word' id='word_1_415' title='bbox 746 5065 798 5125; x_wconf 84' lang='grc'>9,</span> <span class='ocrx_word' id='word_1_416' title='bbox 822 5065 885 5114; x_wconf 80' lang='lat' dir='ltr'>in</span> <span class='ocrx_word' id='word_1_417' title='bbox 909 5063 1035 5124; x_wconf 84' lang='lat' dir='ltr'><strong>VI⁰;</strong></span> <span class='ocrx_word' id='word_1_418' title='bbox 1059 5063 1115 5114; x_wconf 89' lang='lat' dir='ltr'><strong>S.</strong></span> <span class='ocrx_word' id='word_1_419' title='bbox 1150 5061 1213 5114; x_wconf 89' lang='lat' dir='ltr'>C.</span> <span class='ocrx_word' id='word_1_420' title='bbox 1250 5064 1351 5123; x_wconf 86' lang='lat' dir='ltr'>Ep.</span> <span class='ocrx_word' id='word_1_421' title='bbox 1379 5066 1441 5115; x_wconf 85' lang='lat' dir='ltr'>et</span> <span class='ocrx_word' id='word_1_422' title='bbox 1469 5063 1630 5123; x_wconf 76' lang='lat' dir='ltr'><strong>neg..</strong></span> <span class='ocrx_word' id='word_1_423' title='bbox 1657 5063 1925 5120; x_wconf 72' lang='lat' dir='ltr'>Oritana,</span> <span class='ocrx_word' id='word_1_424' title='bbox 1956 5062 2021 5113; x_wconf 85' lang='grc'>29</span> <span class='ocrx_word' id='word_1_425' title='bbox 2044 5074 2173 5112; x_wconf 80' lang='lat' dir='ltr'>nov.</span> <span class='ocrx_word' id='word_1_426' title='bbox 2199 5062 2344 5121; x_wconf 86' lang='grc'><strong>1600;</strong></span> <span class='ocrx_word' id='word_1_427' title='bbox 2373 5062 2577 5113; x_wconf 74' lang='lat' dir='ltr'>Pontis</span> <span class='ocrx_word' id='word_1_428' title='bbox 2605 5062 2802 5120; x_wconf 73' lang='lat' dir='ltr'>(Iurvi,</span> <span class='ocrx_word' id='word_1_429' title='bbox 2828 5063 2892 5111; x_wconf 82' lang='lat'>14</span> <span class='ocrx_word' id='word_1_430' title='bbox 2918 5061 3036 5111; x_wconf 84' lang='lat' dir='ltr'>lun.</span> <span class='ocrx_word' id='word_1_431' title='bbox 3071 5061 3217 5112; x_wconf 81' lang='lat'><strong>1788.</strong></span> 
     </span>
    </p>

    <p class='ocr_par' dir='ltr' id='par_1_19' title="bbox 216 5148 3219 5482">
     <span class='ocr_line' id='line_1_45' title="bbox 409 5148 3218 5213; baseline -0.002 -10"><span class='ocrx_word' id='word_1_432' title='bbox 409 5158 435 5192; x_wconf 84' lang='lat'>⁸</span> <span class='ocrx_word' id='word_1_433' title='bbox 472 5154 615 5204; x_wconf 75' lang='lat' dir='ltr'>Plus</span> <span class='ocrx_word' id='word_1_434' title='bbox 647 5153 745 5213; x_wconf 79' lang='lat' dir='ltr'>lx,</span> <span class='ocrx_word' id='word_1_435' title='bbox 785 5157 969 5204; x_wconf 81' lang='lat' dir='ltr'>const.</span> <span class='ocrx_word' id='word_1_436' title='bbox 1008 5169 1038 5203; x_wconf 74' lang='grc' dir='ltr'><strong>α</strong></span> <span class='ocrx_word' id='word_1_437' title='bbox 1073 5152 1370 5202; x_wconf 68' lang='lat' dir='ltr'>Romanus</span> <span class='ocrx_word' id='word_1_438' title='bbox 1407 5151 1685 5210; x_wconf 70' lang='lat' dir='ltr'>Pontifex</span> <span class='ocrx_word' id='word_1_439' title='bbox 1726 5168 1776 5213; x_wconf 63' lang='grc' dir='ltr'><strong>ν,</strong></span> <span class='ocrx_word' id='word_1_440' title='bbox 1811 5151 1878 5203; x_wconf 89' lang='grc'>28</span> <span class='ocrx_word' id='word_1_441' title='bbox 1911 5165 2044 5212; x_wconf 83' lang='lat' dir='ltr'>aug.</span> <span class='ocrx_word' id='word_1_442' title='bbox 2090 5152 2236 5212; x_wconf 62' lang='lat'>187&amp;</span> <span class='ocrx_word' id='word_1_443' title='bbox 2273 5150 2330 5202; x_wconf 87' lang='lat' dir='ltr'><strong>S.</strong></span> <span class='ocrx_word' id='word_1_444' title='bbox 2364 5151 2429 5201; x_wconf 93' lang='grc'><strong>0.</strong></span> <span class='ocrx_word' id='word_1_445' title='bbox 2465 5151 2568 5210; x_wconf 82' lang='lat' dir='ltr'>Ep.</span> <span class='ocrx_word' id='word_1_446' title='bbox 2614 5153 2677 5201; x_wconf 82' lang='lat' dir='ltr'>et</span> <span class='ocrx_word' id='word_1_447' title='bbox 2712 5151 2873 5210; x_wconf 62' lang='lat' dir='ltr'>Regu,</span> <span class='ocrx_word' id='word_1_448' title='bbox 2914 5148 3218 5207; x_wconf 70' lang='lat' dir='ltr'>Caietano,</span> 
     </span>
     <span class='ocr_line' id='line_1_46' title="bbox 216 5237 3219 5304; baseline -0.003 -8"><span class='ocrx_word' id='word_1_449' title='bbox 216 5244 294 5295; x_wconf 78' lang='lat'>20</span> <span class='ocrx_word' id='word_1_450' title='bbox 317 5246 435 5296; x_wconf 84' lang='lat' dir='ltr'>oet.</span> <span class='ocrx_word' id='word_1_451' title='bbox 464 5242 613 5304; x_wconf 73' lang='grc' dir='ltr'><strong>1587ς</strong></span> <span class='ocrx_word' id='word_1_452' title='bbox 639 5241 972 5301; x_wconf 72' lang='lat' dir='ltr'>Potentina,</span> <span class='ocrx_word' id='word_1_453' title='bbox 1000 5242 1033 5293; x_wconf 81' lang='grc'><strong>7</strong></span> <span class='ocrx_word' id='word_1_454' title='bbox 1059 5243 1202 5292; x_wconf 82' lang='lat' dir='ltr'>mall</span> <span class='ocrx_word' id='word_1_455' title='bbox 1230 5241 1376 5302; x_wconf 82' lang='grc'><strong>1624;</strong></span> <span class='ocrx_word' id='word_1_456' title='bbox 1411 5239 1724 5299; x_wconf 72' lang='lat' dir='ltr'>Aquilam,</span> <span class='ocrx_word' id='word_1_457' title='bbox 1755 5241 1788 5292; x_wconf 81' lang='grc'><strong>7</strong></span> <span class='ocrx_word' id='word_1_458' title='bbox 1824 5241 1928 5291; x_wconf 82' lang='lat' dir='ltr'>iul.</span> <span class='ocrx_word' id='word_1_459' title='bbox 1963 5239 2109 5301; x_wconf 87' lang='grc'><strong>1662;</strong></span> <span class='ocrx_word' id='word_1_460' title='bbox 2137 5238 2429 5298; x_wconf 69' lang='lat' dir='ltr'>Tropien„</span> <span class='ocrx_word' id='word_1_461' title='bbox 2467 5238 2500 5289; x_wconf 89' lang='grc'><strong>6</strong></span> <span class='ocrx_word' id='word_1_462' title='bbox 2531 5243 2705 5290; x_wconf 79' lang='lat' dir='ltr'>mart.</span> <span class='ocrx_word' id='word_1_463' title='bbox 2740 5239 2884 5299; x_wconf 87' lang='grc'><strong>1681;</strong></span> <span class='ocrx_word' id='word_1_464' title='bbox 2918 5237 3219 5297; x_wconf 71' lang='lat' dir='ltr'>Capuam,</span> 
     </span>
     <span class='ocr_line' id='line_1_47' title="bbox 219 5327 3218 5393; baseline -0.002 -9"><span class='ocrx_word' id='word_1_465' title='bbox 219 5333 295 5384; x_wconf 71' lang='grc'>30</span> <span class='ocrx_word' id='word_1_466' title='bbox 340 5344 477 5393; x_wconf 73' lang='lat' dir='ltr'>aug.</span> <span class='ocrx_word' id='word_1_467' title='bbox 518 5331 667 5391; x_wconf 74' lang='lat'><strong>1686:</strong></span> <span class='ocrx_word' id='word_1_468' title='bbox 702 5330 997 5380; x_wconf 66' lang='lat' dir='ltr'>Nucerina</span> <span class='ocrx_word' id='word_1_469' title='bbox 1038 5329 1427 5390; x_wconf 76' lang='lat' dir='ltr'>Paoanorum,</span> <span class='ocrx_word' id='word_1_470' title='bbox 1471 5341 1669 5381; x_wconf 83' lang='lat' dir='ltr'>mense</span> <span class='ocrx_word' id='word_1_471' title='bbox 1716 5333 1892 5381; x_wconf 80' lang='lat' dir='ltr'>mart.</span> <span class='ocrx_word' id='word_1_472' title='bbox 1933 5330 2080 5391; x_wconf 83' lang='lat'>1809;</span> <span class='ocrx_word' id='word_1_473' title='bbox 2123 5329 2181 5381; x_wconf 89' lang='lat' dir='ltr'>S.</span> <span class='ocrx_word' id='word_1_474' title='bbox 2232 5329 2298 5380; x_wconf 92' lang='grc'><strong>0.</strong></span> <span class='ocrx_word' id='word_1_475' title='bbox 2342 5330 2428 5388; x_wconf 89' lang='grc'>0.,</span> <span class='ocrx_word' id='word_1_476' title='bbox 2482 5328 2742 5387; x_wconf 66' lang='lat' dir='ltr'>Adrion„</span> <span class='ocrx_word' id='word_1_477' title='bbox 2785 5328 2850 5379; x_wconf 85' lang='lat'>30</span> <span class='ocrx_word' id='word_1_478' title='bbox 2888 5328 3032 5378; x_wconf 82' lang='lat' dir='ltr'>man</span> <span class='ocrx_word' id='word_1_479' title='bbox 3071 5327 3218 5387; x_wconf 88' lang='grc'><strong>1835,</strong></span> 
     </span>
     <span class='ocr_line' id='line_1_48' title="bbox 220 5420 477 5482; baseline -0.004 -11"><span class='ocrx_word' id='word_1_480' title='bbox 220 5421 309 5473; x_wconf 82' lang='lat' dir='ltr'>ad</span> <span class='ocrx_word' id='word_1_481' title='bbox 339 5422 393 5482; x_wconf 84' lang='lat'>1,</span> <span class='ocrx_word' id='word_1_482' title='bbox 426 5420 477 5471; x_wconf 90' lang='grc'><strong>2.</strong></span> 
     </span>
    </p>

    <p class='ocr_par' dir='ltr' id='par_1_20' title="bbox 405 5505 3123 5570">
     <span class='ocr_line' id='line_1_49' title="bbox 405 5505 3123 5570; baseline -0.003 -7"><span class='ocrx_word' id='word_1_483' title='bbox 405 5513 432 5552; x_wconf 76' lang='lat'><strong><em>⁷</em></strong></span> <span class='ocrx_word' id='word_1_484' title='bbox 476 5511 620 5563; x_wconf 75' lang='lat' dir='ltr'>Plus</span> <span class='ocrx_word' id='word_1_485' title='bbox 655 5509 722 5569; x_wconf 81' lang='lat' dir='ltr'>X,</span> <span class='ocrx_word' id='word_1_486' title='bbox 758 5514 920 5562; x_wconf 87' lang='lat' dir='ltr'>motu</span> <span class='ocrx_word' id='word_1_487' title='bbox 952 5521 1146 5570; x_wconf 83' lang='lat' dir='ltr'>propr.</span> <span class='ocrx_word' id='word_1_488' title='bbox 1181 5524 1212 5560; x_wconf 74' lang='grc' dir='ltr'><strong>ι</strong></span> <span class='ocrx_word' id='word_1_489' title='bbox 1245 5509 1412 5559; x_wconf 76' lang='lat' dir='ltr'>Inter</span> <span class='ocrx_word' id='word_1_490' title='bbox 1446 5507 1802 5568; x_wconf 66' lang='lat' dir='ltr'>multiplices</span> <span class='ocrx_word' id='word_1_491' title='bbox 1832 5522 1883 5567; x_wconf 70' lang='grc' dir='ltr'>ιι,</span> <span class='ocrx_word' id='word_1_492' title='bbox 1919 5507 1983 5559; x_wconf 90' lang='grc'>21</span> <span class='ocrx_word' id='word_1_493' title='bbox 2023 5509 2171 5559; x_wconf 75' lang='lat' dir='ltr'>febr.</span> <span class='ocrx_word' id='word_1_494' title='bbox 2207 5507 2354 5567; x_wconf 87' lang='grc'><strong>1905,</strong></span> <span class='ocrx_word' id='word_1_495' title='bbox 2397 5519 2454 5557; x_wconf 87' lang='grc' dir='ltr'><strong>ιι.</strong></span> <span class='ocrx_word' id='word_1_496' title='bbox 2491 5506 2573 5565; x_wconf 87' lang='grc'>21,</span> <span class='ocrx_word' id='word_1_497' title='bbox 2607 5506 2689 5566; x_wconf 89' lang='grc'><strong>46,</strong></span> <span class='ocrx_word' id='word_1_498' title='bbox 2721 5505 2803 5564; x_wconf 86' lang='grc'>62,</span> <span class='ocrx_word' id='word_1_499' title='bbox 2837 5505 3007 5564; x_wconf 58' lang='grc'><strong>6466,</strong></span> <span class='ocrx_word' id='word_1_500' title='bbox 3041 5505 3123 5556; x_wconf 82' lang='grc'><strong>76.</strong></span> 
     </span>
    </p>
   </div>
  </div>
 </body>
</html>
