3753 5871
462 333 576 393 258
1606 339 1801 391 0066ae
1846 341 1878 390 1
1882 338 2010 392 affl
2050 341 2334 393 Οαηοπίοί

1782 545 1961 613 CAN.
2002 545 2156 613 898.

648 662 966 732 Prorsus
1001 666 1095 732 ab
1140 666 1238 732 iis
1276 667 1598 751 peccatis
1635 668 1777 735 sibi
1815 669 2279 737 reservandis
2327 688 2576 738 omnes
2615 671 3043 741 abstineant
3089 692 3276 759 quae
3311 676 3457 743 iam

418 837 424 843 .
472 770 624 839 sint
673 771 845 839 Sedi
889 774 1364 856 Apostolicae
1405 775 1629 844 etiam
1679 778 1970 844 ratione
2022 794 2379 847 censurae
2435 783 2835 864 reservata,
2895 786 2971 849 et
3017 783 3461 867 regulariter

475 881 568 947 ab
593 881 690 946 iis
717 897 1003 964 quoque
1037 882 1303 966 quibus
1327 899 1667 964 censura,
1697 884 1840 951 etsi
1875 885 2152 952 nemini
2188 892 2587 971 reservata,
2624 906 2675 955 a
2699 888 2863 956 iure
2895 889 3248 975 imposita
3280 892 3384 959 sit
3407 888 3458 958 ¹.

1763 1060 1942 1127 CAN.
1982 1061 2135 1128 899.

648 1173 682 1255 ξ
730 1176 795 1239 1.
848 1174 1176 1242 Statutis
1214 1175 1437 1243 semel
1475 1175 2099 1242 reservationibus
2138 1193 2321 1260 quas
2359 1194 2527 1243 vere
2567 1180 3021 1247 necessarias
3060 1184 3197 1248 aut
3238 1181 3461 1249 utiles

470 1281 988 1366 iudicaverint,
1035 1286 1300 1350 curent
1334 1283 1664 1350 locorum
1709 1283 2097 1350 Ordinarii
2143 1288 2228 1351 ut
2264 1284 2360 1351 ad
2398 1285 2863 1353 subditorum
2901 1287 3270 1370 notitiam,
3315 1306 3460 1373 quo

470 1389 770 1458 meliore
816 1391 925 1458 eis
963 1390 1307 1458 videatur
1347 1391 1587 1472 modo,
1629 1392 1922 1459 eaedem
1963 1392 2453 1476 deducantur,
2496 1411 2629 1461 nec
2666 1394 3102 1463 facultatem
3143 1413 3191 1461 a.
3232 1414 3454 1463 reser-

469 1500 663 1566 vatis
692 1499 1120 1568 absolvendi
1147 1499 1385 1566 cuivis
1414 1505 1491 1568 et
1530 1500 1804 1584 passim
1845 1501 2282 1586 impertiant
2309 1501 2364 1571 ¹.

647 1607 679 1691 ξ
726 1608 792 1674 2.
842 1610 948 1676 At
992 1609 1413 1677 huiusmodi
1454 1611 1882 1679 absolvendi
1922 1611 2249 1679 facultas
2290 1613 2454 1695 ipso
2496 1612 2660 1679 iure
2699 1611 3055 1695 competit
3103 1612 3463 1679 canonico

468 1716 1041 1799 poenitentiario
1082 1717 1178 1784 ad
1215 1735 1549 1785 normam
1580 1736 1745 1786 can.
1790 1718 1947 1803 401,
1997 1719 2032 1802 ξ
2072 1722 2139 1803 1,
2178 1723 2256 1788 et
2289 1719 2773 1787 habitualiter
2806 1718 3285 1802 impertiatur
3317 1719 3454 1786 sal-

468 1826 615 1891 tem
657 1823 959 1891 vica-riis
992 1825 1345 1907 foraneis,
1384 1825 1669 1907 addita,
1707 1826 2144 1910 praesertim
2178 1826 2258 1893 in
2294 1827 2478 1894 locis
2512 1826 2866 1895 dioecesis
2900 1845 2949 1894 a
2982 1826 3150 1894 sede
3186 1826 3455 1910 episco-

468 1931 624 2013 pali
672 1931 1214 2016 remotioribuS,
1255 1933 1619 2001 facultate
1656 1934 2184 2019 subdelegandi
2223 1933 2445 2002 toties
2483 1934 2770 2019 quoties
2809 1933 3301 2001 confessarios
3341 1934 3456 2000 sui

467 2037 881 2120 districtus,
938 2040 1003 2106 si
1043 2045 1120 2108 et
1161 2040 1458 2125 quando
1497 2060 1633 2125 pro
1673 2041 2100 2126 urgentiore
2141 2041 2394 2126 aliquo
2434 2040 2929 2109 determinato
2971 2059 3148 2108 casu
3195 2043 3292 2109 ad
3333 2060 3457 2109 eos

469 2153 857 2215 recurrant
885 2147 937 2215 ³.

648 2255 683 2337 ξ
728 2254 795 2322 3.
847 2255 1022 2338 Ipso
1062 2256 1225 2323 iure
1266 2274 1313 2322 a
1348 2256 1668 2337 casibus,
1715 2274 1898 2341 quos
1937 2273 2229 2340 quoquo
2267 2255 2481 2323 modo
2521 2255 2663 2322 sibi
2703 2255 3087 2322 Ordinarii
3139 2272 3454 2322 reserva·

467 2362 737 2446 verint,
783 2364 1161 2431 absolvere
1203 2366 1519 2448 possunt
1570 2368 1731 2432 tum
1787 2363 2119 2447 parochi,
2168 2363 2390 2430 aliive
2446 2363 2572 2447 qui
2620 2362 3107 2448 parochorum
3167 2363 3459 2430 nomine

469 2469 549 2536 in
591 2470 755 2538 iure
797 2474 1218 2552 censentur,
1265 2475 1427 2539 toto
1470 2474 1800 2555 tempore
1844 2471 1936 2538 ad
1988 2474 2461 2556 praeceptum
2512 2469 2859 2554 paschale
2905 2468 3458 2553 adimplendum

469 2578 668 2660 utili,
706 2583 864 2645 tum
902 2578 1179 2664 singuli
1221 2578 1675 2647 missionarii
1718 2598 1860 2664 quo
1893 2583 2222 2665 tempore
2256 2579 2643 2647 missiones
2682 2578 2778 2646 ad
2815 2577 3170 2664 populum
3205 2577 3461 2645 haberi

465 2684 853 2770 contingat
882 2685 936 2752 ⁴.

1756 2793 1933 2861 CAN.
1984 2793 2135 2861 900.

644 2914 964 2995 Quaevis
1006 2913 1412 2983 reservatio
1454 2911 1664 2982 omni
1693 2914 1768 2982 vi
1806 2918 2057 2983 caret.

734 3025 832 3089 1.⁰
875 3022 1062 3090 Cum
1104 3023 1639 3091 confessionem
1676 3030 2043 3108 peragunt
2088 3024 2240 3093 sive
2283 3024 2570 3109 aegroti
2607 3025 2736 3109 qui
2769 3024 2984 3092 domo
3021 3024 3271 3166 egredi
3312 3043 3458 3092 non

468 3131 745 3213 valent,
784 3130 935 3198 sive
975 3132 1227 3216 sponsi
1263 3131 1719 3199 matrimonii
1755 3128 2062 3198 ineundi
2095 3149 2345 3216 causa;

721 3238 821 3304 2:
864 3239 1173 3319 Quoties
1210 3240 1324 3306 vel
1357 3238 1734 3323 legitimus
1770 3238 2128 3323 Superior
2160 3240 2471 3324 petitam
2515 3258 2653 3324 pro
2681 3240 2932 3325 aliquo
2966 3239 3461 3309 determinato

466 3365 642 3415 casu
691 3347 1117 3415 absolvendi
1165 3347 1601 3414 facultatem
1648 3347 2147 3432 denegaverit,
2194 3348 2337 3430 vel,
2386 3348 2738 3432 prudenti
2785 3348 3221 3416 confessarii
3271 3347 3457 3416 iudi·

468 3454 610 3537 cio,
663 3454 1091 3523 absolvendi
1138 3453 1465 3522 facultas
1514 3473 1560 3521 a
1623 3454 1954 3539 legitimo
2018 3455 2415 3538 Superiore
2465 3456 2620 3539 peti
2671 3460 2987 3539 nequeat
3038 3456 3199 3524 sine
3247 3455 3460 3540 gravi

470 3563 919 3646 poenitentis
945 3562 1405 3630 incommodo
1432 3567 1567 3631 aut
1594 3563 1754 3631 sine
1789 3563 2121 3647 periculo
2148 3563 2577 3631 violationis
2608 3562 2839 3648 sigilli
2877 3562 3461 3648 sacramentalia

728 3670 826 3738 3.⁶
870 3670 1112 3738 Extra
1143 3670 1605 3739 territorium
1647 3672 2120 3754 reservantis,
2157 3671 2450 3739 etiamsi
2486 3670 2879 3740 dumtaxat
2921 3670 3018 3739 ad
3061 3671 3458 3739 absolutio-

473 3796 635 3847 nem
672 3779 1145 3847 obtinendam
1181 3779 1567 3863 poenitens
1602 3798 1689 3847 ex
1734 3798 1821 3847 eo
1858 3778 2280 3847 discesserit
2301 3778 2355 3845 ⁸.

1718 4028 1979 4096 CAPUT
2047 4028 2197 4094 ΙΙΙ.

1204 4146 1318 4213 De
1354 4146 1682 4214 subiecto
1719 4145 2167 4213 sacramenti
2206 4144 2728 4229 poenitentiae.

1773 4323 1951 4391 CAN.
2003 4321 2155 4391 901.

647 4452 796 4532 Qui
831 4457 1000 4537 post
1039 4452 1486 4535 baptismum
1525 4447 1875 4516 mortalia.
1916 4447 2399 4532 perpetravit,
2442 4465 2628 4532 quae
2668 4448 2991 4514 nondum
3041 4465 3175 4532 per
3219 4447 3466 4534 claves

473 4560 847 4630 Ecclesiae
885 4561 1165 4628 directe
1198 4559 1504 4627 remissa
1539 4562 1739 4639 sunt,
1783 4554 2001 4624 debet
2033 4555 2282 4623 omnia
2315 4573 2624 4641 quorum
2667 4560 2839 4640 post
2877 4555 3306 4641 diligentem
3345 4554 3463 4622 sui

655 4790 677 4825 ²
714 4789 856 4850 Reg.
891 4789 976 4848 54.
1005 4788 1076 4840 R.
1106 4789 1186 4849 3.,
1217 4789 1278 4840 ln
1306 4788 1432 4851 V103
1463 4786 1520 4839 S.
1552 4787 1617 4839 0.
1658 4785 1717 4839 S.
1749 4786 1890 4848 Otr..
1923 4789 2095 4841 instr.
2130 4788 2196 4840 13
2225 4787 2330 4840 iul.
2362 4788 2511 4849 1910,
2541 4800 2599 4839 n.
2632 4788 2682 4849 ας
2719 4786 2777 4840 S.
2809 4786 2875 4840 O.
2908 4787 3016 4848 mp.
3047 4789 3111 4840 et
3140 4786 3304 4849 neg..
3339 4786 3458 4840 utt.

471 4878 538 4931 2ss
574 4891 706 4930 nov.
743 4877 887 4930 1002.

648 4969 677 5007 2
713 4967 887 5019 conc.
937 4966 1227 5028 Trident„
1266 4978 1409 5019 sess.
1460 4966 1611 5027 XIV,
1655 4967 1727 5018 dc
1774 4961 2159 5027 vomitorius,
2197 4977 2248 5018 c.
2282 4966 2331 5030 ῖς
2370 4964 2428 5019 Β.
2465 4965 2530 5019 O.
2570 4964 2629 5019 Β.
2667 4965 2807 5026 om,
2847 4966 3018 5019 lustr.
3060 4965 3126 5017 13
3164 4965 3270 5017 iul·
3312 4964 3462 5026 1910,

473 5069 532 5108 n.
568 5058 618 5120 ῦς
652 5057 710 5109 8.
745 5056 809 5108 C.
846 5057 953 5117 13²1)-
989 5059 1053 5109 et
1084 5055 1248 5118 Rea,
1282 5055 1348 5108 26
1378 5067 1510 5107 nov.
1545 5055 1693 5107 1002.

649 5148 677 5184 ³
715 5146 772 5198 Β.
809 5145 873 5197 Ο.
918 5145 981 5197 Β.
1028 5144 1167 5206 Off..
1207 5146 1377 5197 lustr.
1422 5145 1490 5197 13
1522 5144 1627 5198 iul.
1665 5145 1812 5205 1916,
1847 5157 1906 5195 n.
1943 5144 1994 5196 0.

650 5239 682 5275 ⁴
717 5236 775 5288 Β.
809 5235 874 5288 0.
913 5234 971 5287 Β.
1009 5234 1148 5296 Off„
1182 5235 1353 5288 lustr.
1391 5234 1457 5287 13
1489 5235 1594 5287 iul.
1627 5233 1777 5295 1916,
1810 5245 1869 5285 n.
1904 5233 1956 5294 ’1,
1989 5245 2041 5294 c,
2076 5233 2134 5285 d.

648 5327 676 5363 ⁸
712 5323 981 5376 Clemens
1011 5324 1185 5385 VIII,
1212 5323 1368 5375 decr.
1406 5339 1436 5374 α
1465 5322 1890 5374 Sanctis-cimus
1925 5337 1975 5384 n,
2006 5322 2073 5375 20
2097 5322 2242 5373 maii
2267 5321 2414 5385 1588:
2441 5321 2712 5375 Clemens
2736 5322 2803 5383 X,
2833 5323 3019 5374 const.
3054 5335 3086 5371 ι
3114 5319 3382 5380 sepem
3414 5333 3465 5378 n,

474 5415 541 5467 21
575 5414 696 5465 iun.
731 5413 878 5475 1070,
920 5413 947 5475 3
981 5413 1031 5476 ’ἴς
1071 5414 1130 5466 S.
1163 5413 1228 5465 0.
1264 5411 1323 5465 S.
1357 5411 1496 5474 om,
1535 5413 1705 5466 instr.
1743 5413 1809 5464 13
1844 5412 1948 5463 iul.
1981 5410 2130 5474 1910,
2165 5424 2223 5463 n.
2261 5410 2313 5474 7,
2351 5424 2408 5473 a,
2454 5412 2512 5473 b,
2548 5423 2599 5474 e:
2645 5410 2704 5465 S.
2736 5410 2802 5464 O.
2834 5410 2924 5473 0..
2962 5408 3200 5467 cam..
3242 5407 3314 5459 22
3342 5407 3467 5459 iun.

476 5502 624 5565 16193
659 5501 817 5554 decr.
851 5501 916 5553 21
958 5506 1105 5564 sept.
1142 5500 1291 5562 1⁶24,
1338 5501 1365 5563 ς
1400 5502 1450 5554 1.
