3753 5871
1478 333 1842 385 now-senta
3052 334 3161 395 709

169 519 487 582 nendum.
518 518 662 581 Nos
684 518 820 597 ipsi
848 517 1279 597 postmodum
1307 519 1396 582 ab
1424 519 1552 583 hac
1587 520 1760 583 Sede
1782 520 2086 582 omnium
2113 519 2448 598 principe,
2482 523 2556 583 et
2577 520 2936 601 magistra,
2968 521 3153 585 lucu·

169 627 355 690 lento
380 626 811 690 edocebimus
830 625 1162 706 exemplo,
1184 628 1430 705 quanti
1451 627 1842 691 iaciendum
1869 628 1963 691 sit
1979 628 2366 706 episcopale
2389 628 2743 706 iudicium,
2768 633 3160 707 quantoque

167 751 284 796 vos
319 734 576 798 honore
600 750 1115 813 prosequamur,
1149 732 1571 798 venerabiles
1600 734 1911 814 Fratres,
1939 735 2013 797 in
2050 740 2316 814 partem
2343 734 2640 799 Nostrae
2667 734 3161 800 sollicitudinis

164 845 506 920 evocatos,
543 841 790 919 quibus
820 842 1099 905 interim
1134 840 1605 921 Apostolicam
1638 842 2192 906 Benedictionem
2228 846 2666 920 peramanter
2696 845 3154 923 impertimur.

167 948 428 1010 Datum
461 949 715 1012 Romae
746 950 934 1028 apud
974 949 1044 1012 S.
1082 949 1376 1012 Mariam
1409 949 1738 1012 Maiorem
1780 949 1893 1014 die
1926 965 2047 1010 xrv
2088 950 2484 1014 Decembris
2525 966 2883 1013 unccxnn.
2923 952 3156 1015 Ponti·

165 1056 419 1117 ficatus
457 1055 695 1119 Nostri
725 1073 909 1119 anno
938 1056 1172 1119 tertio.

1407 1437 1749 1521 Docmu.
1806 1438 1913 1520 V.

255 1612 756 1683 Constitutio
806 1612 1218 1682 Benedicti
1267 1613 1420 1682 1²1².
1469 1612 1638 1682 xlv
1692 1641 1721 1675 ‹
1761 1612 2371 1684 Sacramentum
2418 1613 2971 1684 Poenitentiae
3009 1639 3069 1693 »,

1390 1740 1416 1789 1
1478 1721 1671 1789 lunii
1731 1735 1955 1805 1741.

354 1911 873 1974 Sacramentum
909 1911 1408 1991 Poenitentiae,
1448 1929 1650 1989 quam
1680 1912 2071 1990 secundam,
2105 1918 2262 1990 post
2290 1911 2732 1991 naufragium
2764 1913 3160 1992 deperditae

152 2020 464 2099 gratiae,
515 2019 822 2081 tabulam
865 2019 1089 2082 sancti
1132 2020 1380 2083 Patres
1417 2023 1580 2099 apte
1629 2025 2145 2098 nuncuparunt,
2199 2020 2342 2083 Nos
2392 2019 2557 2083 licet
2595 2021 3030 2084 immerentes
3069 2022 3158 2083 ad

157 2122 474 2189 universi
521 2127 844 2189 dominici
888 2126 1116 2206 gregis
1160 2144 1397 2190 curam
1443 2145 1743 2207 superna
1785 2128 2237 2207 dispositione
2284 2129 2533 2208 vocati,
2584 2145 2779 2191 omne
2827 2129 3159 2207 studium,

151 2240 229 2297 et
276 2234 702 2314 pastoralem
747 2234 1282 2298 sollicitudinem
1334 2235 1660 2299 adhibere
1714 2239 2050 2314 tenemur,
2108 2254 2193 2300 ne
2238 2238 2417 2314 quod
2465 2240 2625 2316 post
2666 2237 2991 2299 amissam
3048 2238 3155 2289 ba·

155 2342 409 2419 ptismi
451 2341 913 2434 innocentiam
955 2342 1195 2405 datum
1238 2348 1347 2407 est
1387 2343 1624 2407 divina
1663 2344 2088 2424 benignitate
2132 2344 2546 2424 perfugium,
2590 2361 2714 2422 per
2758 2344 3158 2407 daemonum

151 2450 509 2528 fraudem,
563 2455 635 2514 et
673 2451 1020 2512 hominum
1065 2451 1193 2515 Dei
1235 2450 1582 2514 beneficiis
1634 2468 1944 2529 perverse
1996 2452 2338 2516 utentium
2393 2452 2754 2522 malitiam,
2798 2441 3161 2520 naufragis

148 2574 237 2620 ac
272 2556 557 2620 miseris
590 2558 1062 2636 peccatoribus
1095 2558 1484 2620 luctuosum
1517 2560 1767 2621 evadat
1798 2559 2105 2636 exitium;
2146 2564 2216 2623 et
2259 2560 2435 2638 quod
2469 2560 2542 2612 in
2586 2550 2903 2628 salute-m,
2939 2554 3013 2613 et
3045 2566 3156 2612 cu-

148 2666 510 2728 rationem
559 2665 969 2743 animarum,
1024 2682 1068 2728 a
1116 2665 1287 2744 Deo,
1341 2666 1458 2744 qui
1507 2665 1697 2730 dives
1744 2671 1853 2730 est
1900 2668 1975 2729 in
2026 2659 2519 2738 misericordia,
2573 2658 2976 2721 institutum
3026 2662 3157 2736 est,

145 2771 538 2834 execrabili
585 2772 1025 2836 scelestorum
1073 2774 1518 2851 quorumdam
1567 2771 1997 2831 sacerdotum
2033 2767 2501 2845 improbitate,
2542 2768 2616 2828 in
2654 2783 2888 2830 earum
2940 2767 3159 2844 perni-

146 2879 363 2954 ciem,
404 2878 612 2953 atque
653 2879 1014 2940 interitum
1049 2879 1383 2940 vertatur.

353 2983 387 3059 ξ
436 2985 499 3045 1.
545 2983 823 3045 Dudum
843 2983 1112 3062 quidem
1135 3000 1178 3046 a
1205 2982 1322 3046 fel.
1352 2984 1613 3047 record.
1644 2983 1977 3063 Gregorio
1998 2984 2190 3062 Papa
2212 2984 2328 3045 XV
2353 2982 2881 3047 Praedecessore
2905 2983 3161 3046 Nostro

145 3108 282 3168 per
320 3107 494 3153 suas
525 3090 799 3153 litteras
835 3092 912 3152 in
944 3091 1165 3153 iorma
1208 3091 1529 3153 Brevium
1564 3092 1689 3154 sub
1723 3092 1958 3153 datum
1996 3092 2248 3155 Romae
2281 3091 2469 3169 apud
2505 3090 2828 3153 Sanctam
2868 3090 3160 3152 Mariam

141 3198 501 3260 Maiorem
538 3197 649 3261 die
690 3213 845 3258 xxx
890 3199 1188 3277 Augusti
1228 3213 1556 3278 Mocxxn,
1595 3199 2055 3262 Pontificatus
2091 3200 2197 3260 sui
2235 3215 2418 3261 anno
2455 3197 2774 3275 secundo,
2814 3196 3163 3275 sapienter

142 3306 519 3384 provisum
562 3305 703 3367 fuit
745 3309 986 3367 contra
1031 3322 1488 3384 quoscumque
1531 3306 1919 3370 sacerdotes
1962 3305 2324 3368 audiendis
2366 3304 2911 3368 confessionibus
2956 3305 3159 3382 depu-

137 3418 384 3493 tatos,
415 3413 503 3475 ad
539 3413 777 3492 turpia
805 3418 879 3477 et
912 3413 1279 3477 inhonesta
1307 3413 1785 3492 sollicitantes3
1815 3419 1886 3479 et
1917 3414 2236 3492 deinceps
2275 3413 2676 3477 successivis
2713 3413 3160 3490 temporibus,

138 3522 242 3584 ad
284 3536 536 3584 earum
568 3520 961 3583 litterarum
990 3521 1630 3599 interpretationem
1659 3539 1741 3585 ac
1771 3522 2327 3600 declarationem,
2362 3521 2565 3600 plura
2597 3521 2884 3584 subinde
2912 3537 2955 3582 a
2991 3518 3163 3583 Gon·

132 3626 571 3707 gregatione
626 3627 1135 3690 venerabilium
1198 3629 1524 3691 Fratrum
1590 3629 2001 3691 Nostrorum
2062 3628 2357 3691 Sanctae
2413 3629 2760 3691 Romanae
2818 3626 3165 3690 Ecclesiae

135 3732 652 3797 cardinalium
705 3735 1036 3798 adversus
1088 3734 1501 3799 haereticam
1560 3736 1973 3814 pravitatem
2037 3736 2456 3815 generalium
2494 3734 2993 3813 Inquisitorum
3040 3736 3164 3796 sub

134 3844 264 3907 die
312 3857 403 3902 Χ]
443 3842 696 3904 mensis
741 3843 1104 3905 Februarii
1151 3834 1353 3905 Anno
1391 3843 1668 3906 Domini
1718 3857 2013 3918 uncam,
2052 3842 2459 3921 prodierunt
2497 3844 2794 3921 decreta,
2836 3847 2908 3906 et
2942 3860 2986 3906 a
3025 3859 3159 3905 rec.

131 3966 368 4014 mem.
409 3949 806 4011 Alexandro
850 3949 985 4012 PP.
1027 3951 1173 4013 VII
1207 3950 1474 4029 pariter
1507 3950 2027 4028 praedecessore
2058 3950 2314 4013 Nostro
2349 3951 2421 4011 in
2459 3949 3016 4028 Congregatione·
3040 3948 3163 4011 Ge·

130 4057 393 4122 ner-ali
430 4057 728 4120 Sanctae
751 4057 1096 4120 Romanae
1127 4056 1558 4120 Universalis
1588 4056 2074 4135 Inquisitionis
2101 4056 2209 4119 die
2240 4073 2411 4117 xx1v
2443 4056 2862 4134 Septembris
2887 4070 3166 4117 nncnxv

124 4183 400 4230 coram
459 4182 538 4227 eo
582 4164 846 4243 habita,
893 4165 1079 4228 inter
1119 4165 1302 4228 alias
1353 4165 1440 4227 ab
1487 4164 1902 4244 Evangelica
1948 4165 2263 4242 veritate,
2310 4168 2384 4227 et
2438 4167 2832 4226 sanctorum
2877 4164 3165 4227 Patrum

127 4273 498 4337 doctrina
540 4272 807 4336 alienas
852 4277 921 4336 et
967 4272 1283 4336 dissonas
1328 4273 1856 4352 propositiones,
1905 4275 2100 4335 sexta
2147 4270 2488 4350 videlicet,
2547 4276 2619 4335 et
2663 4273 2978 4350 septima,
3038 4273 3169 4334 huc

125 4380 621 4458 revocandae,
652 4378 1041 4459 damnatae,
1074 4385 1149 4445 et
1174 4381 1562 4459 prohibitae
1595 4380 1903 4444 fuerunt.
1935 4358 2343 4458 Nos'itaque
2370 4383 2640 4444 mature
2677 4379 3171 4459 perpendentes

126 4487 419 4568 quanti
463 4488 787 4549 momenti
830 4488 924 4551 sit
969 4488 1060 4551 ad
1097 4491 1445 4551 aeternam
1495 4487 1880 4549 animarum
1931 4485 2223 4550 salutem
2264 4504 2345 4550 ea
2383 4487 2631 4564 ubique
2670 4491 2909 4549 exacte
2946 4488 3165 4549 obser-

125 4595 345 4672 vari,
381 4595 460 4656 et
496 4592 735 4670 quanti
772 4593 862 4655 ad
899 4594 1212 4656 infirmas
1255 4612 1413 4657 oves
1446 4594 1813 4673 curandas,
1852 4597 1924 4657 et
1958 4593 2263 4657 decorem
2306 4593 2602 4656 Sanctae
2645 4591 2994 4676 Ecclesiae
3040 4592 3167 4655 Del

122 4700 638 4777 retinendum,
695 4700 999 4779 intersit,
1045 4718 1132 4765 ne
1188 4701 1404 4779 aliqui
1457 4702 1846 4765 sacerdotes
1890 4701 2365 4764 Poenitentiae
2416 4700 2862 4763 Sacramento
2906 4699 3171 4762 nefarie

114 4810 565 4884 abutentes,
610 4808 1122 4885 poenitentibus
1164 4826 1289 4887 pro
1337 4808 1698 4872 curatione
1733 4808 2007 4883 vulnus,
2055 4825 2180 4886 pro
2220 4824 2396 4886 pane
2446 4806 2769 4885 lapidem,
2814 4823 2940 4885 pro
2985 4806 3171 4884 pisce

115 4916 586 4997 serpentem,
633 4930 761 4991 pro
802 4914 1141 4977 medicina
1174 4932 1503 4979 venenum
1542 4916 1926 4994 porrigant,
1975 4915 2093 4978 sed
2128 4915 2357 4977 animo
2396 4930 2620 4977 secum
2657 4913 3057 4991 recolentes,
3097 4931 3170 4976 se

112 5049 165 5092 a
205 5022 537 5090 Christo
574 5020 867 5085 Domino
904 5023 1278 5101 praesides,
1314 5026 1388 5087 et
1422 5023 1687 5087 iudices
1730 5024 2114 5086 animarum
2153 5023 2595 5101 constitutos,
2644 5039 2729 5084 ea
2768 5021 3166 5097 sanctitate,

112 5151 336 5216 quae
381 5129 804 5192 sublimitati
855 5146 935 5192 ac
974 5129 1305 5209 dignitati
1346 5131 1653 5193 muneris
1688 5131 2030 5209 convenit,
2083 5135 2226 5193 tam
2270 5129 2728 5193 venerandum
2774 5128 3167 5193 Sacramen-

112 5253 294 5309 tum
343 5236 887 5300 administrent:
924 5237 1117 5299 Motu
1148 5238 1453 5316 proprio,
1489 5242 1559 5301 et
1584 5256 1666 5301 ex
1700 5241 1894 5302 certa
1920 5238 2234 5313 scientia,
2262 5255 2342 5299 ac
2369 5240 2644 5299 matura
2676 5235 3169 5300 delibera-tione

112 5353 459 5422 Nostra,
501 5345 857 5423 praefatas
899 5345 1176 5408 litteras
1210 5345 1625 5424 huiusmodi,
1673 5362 1755 5409 ac
1792 5347 2047 5426 omnia,
2085 5350 2155 5409 et
2193 5345 2468 5425 singula
2503 5346 2780 5409 decreta
2815 5342 3171 5423 praedicta

112 5460 213 5524 ad
265 5452 586 5517 illarum
624 5450 1262 5530 interpretationem
1305 5457 1376 5517 et
1418 5452 1950 5516 declarationem
2022 5456 2362 5516 emanata.
2407 5449 2811 5529 Apostolica
2868 5450 3164 5514 auctori·
