3753 5871
1203 295 1380 346 Liber
1411 294 1714 347 Secundus
1758 320 1776 332 ·
1810 296 1901 347 De
1942 293 2218 346 Perconi:
3133 293 3209 352 79

1503 521 1680 589 om.
1718 520 1871 588 295.

385 644 420 726 ξ
468 647 532 710 1.
582 644 868 712 vicarii
908 648 987 712 et
1027 642 1400 711 Praefecti
1437 644 1853 729 Apostolici
1894 644 1987 711 ab
2028 644 2368 711 omnibus
2409 644 2925 726 missionariis,
2979 644 3204 712 etiam

211 752 603 837 religiosis,
654 756 967 836 possunt
1005 769 1094 819 ac
1134 750 1403 819 debent
1441 750 1732 836 exigere
1772 756 1857 819 ut
1907 769 2082 819 suas
2124 755 2464 835 patentes
2504 771 2632 820 seu
2674 752 2866 818 alias
2906 753 3207 836 quasvis

205 877 462 927 eorum
530 859 929 943 missionis,
1001 859 1551 942 destinationis,
1611 859 2178 945 constitutionis
2214 878 2303 927 ac
2343 859 2851 943 deputationis
2910 860 3209 928 litteras

206 967 628 1050 exhibeant,
677 985 944 1052 easque
989 966 1329 1035 exhibere
1378 967 1895 1035 recusantibus
1950 967 2383 1034 exercitium
2429 966 2760 1034 cuiusvis
2807 967 3207 1035 ministerii

204 1072 690 1142 ecclesiastici
723 1074 1110 1159 probibere
1148 1074 1198 1142 ².

388 1179 423 1263 ξ
468 1180 537 1247 2.
586 1182 857 1249 Omnes
906 1181 1384 1264 missionarii,
1428 1180 1653 1250 etiam
1695 1182 2098 1266 regulares,
2152 1182 2528 1250 licentiam
2574 1183 2768 1249 sacri
2808 1183 3204 1251 ministerii

205 1289 595 1357 exercendi
631 1293 894 1373 petant
933 1308 981 1356 a
1015 1289 1341 1357 vicariis
1375 1295 1450 1358 et
1487 1289 1900 1367 Praefectis
1934 1290 2411 1374 Apostolicis,
2463 1290 2588 1375 qui
2627 1293 2876 1358 tamen
2915 1309 3075 1358 eam
3115 1309 3210 1357 ne

202 1397 593 1480 denegent,
632 1396 780 1464 nisi
819 1396 1136 1481 singulis
1166 1400 1244 1466 et
1273 1415 1570 1482 gravem
1612 1398 1705 1466 ob
1734 1414 2035 1465 causam
2053 1397 2106 1464 ¹.

1501 1558 1679 1626 CAN.
1726 1557 1880 1625 296.

388 1678 421 1760 ξ
470 1680 535 1743 1.
586 1678 837 1745 Etiam
893 1677 1349 1745 missionarii
1409 1677 1785 1760 regulares
1852 1677 2353 1745 subiiciuntur
2393 1677 2677 1744 Vicarii
2714 1681 2790 1745 et
2838 1677 3211 1745 Praefecti

203 1785 625 1869 Apostolici
655 1785 1182 1868 iurisdictioni,
1214 1785 1632 1853 visitationi
1669 1789 1744 1852 et
1770 1785 2215 1852 correctioni
2243 1785 2322 1851 in
2361 1784 2457 1851 iis
2488 1803 2674 1869 quae
2704 1784 3081 1869 pertinent
3110 1784 3206 1851 ad

207 1893 646 1960 missionum
700 1893 1049 1977 regimen,
1100 1910 1358 1959 curam
1410 1894 1856 1975 animarum,
1915 1894 2566 1961 sacramentorum
2619 1893 3200 1960 administratio·

206 2016 402 2080 nem,
449 1999 868 2067 scholarum
904 1999 1411 2082 directionem,
1452 2000 1863 2068 oblationes
1900 2000 2185 2068 intuitu
2233 1999 2608 2067 missionis
2645 2001 2913 2082 factas,
2954 1999 3203 2083 imple·

205 2112 537 2174 mentum
577 2106 869 2190 piarum
900 2107 1370 2175 voluntatum
1405 2109 1485 2175 in
1517 2109 1845 2176 favorem
1876 2105 2201 2175 eiusdem
2233 2107 2610 2175 missionis
2644 2108 2695 2172 ³.

388 2214 423 2296 ξ
469 2213 538 2280 2.
587 2214 941 2294 Quamvis
992 2214 1310 2282 vicariis
1363 2219 1440 2285 et
1482 2216 1894 2284 Praefectis
1936 2215 2390 2300 Apostolicis
2437 2216 2648 2283 nullo
2698 2215 2914 2283 modo
2958 2214 3207 2296 liceat,

206 2327 511 2405 praeter
550 2340 770 2391 casus
826 2323 905 2389 in
953 2324 1117 2391 iure
1163 2323 1563 2408 praevisos,
1617 2343 1696 2391 se
1743 2324 1822 2390 in
1870 2324 2344 2408 disciplinam
2407 2323 2826 2408 religiosam
2875 2322 3212 2407 ingerere

206 2448 399 2514 quae
439 2448 484 2496 a
523 2430 918 2514 superiore
952 2431 1297 2516 religioso
1328 2432 1717 2516 dependet,
1765 2432 1829 2499 si
1864 2435 2112 2500 tamen
2146 2431 2350 2499 circa
2390 2450 2502 2515 ea,
2540 2432 2633 2499 de
2673 2432 2938 2515 quibus
2974 2431 3053 2497 in
3091 2448 3204 2496 su·

205 2536 501 2621 periore
530 2539 1023 2623 paragrapho,
1062 2539 1454 2607 conflictus
1482 2540 1773 2607 oriatur
1801 2541 2001 2607 inter
2030 2540 2463 2607 mandatum
2500 2539 2785 2607 Vicarii
2816 2543 2951 2606 aut
2990 2537 3205 2605 Prae·

204 2644 391 2712 fecti
430 2645 844 2729 Apostolici
886 2650 961 2714 et
1012 2647 1444 2715 mandatum
1490 2648 1940 2732 Superioris,
1987 2648 2199 2732 prius
2245 2647 2666 2732 praevalere
2707 2647 2947 2730 debet,
3006 2646 3213 2714 salvo

204 2751 375 2818 iure
405 2769 747 2820 recursus
780 2754 857 2819 in
889 2754 1312 2824 devolutivo
1339 2754 1435 2823 ad
1464 2754 1816 2828 >Sanctam
1859 2755 2119 2824 Sedem
2152 2760 2225 2823 et
2265 2755 2493 2822 salvis
2530 2754 3031 2839 peculiaribus
3063 2758 3206 2821 sta·

207 2858 403 2927 tutis
429 2877 478 2926 a
508 2858 693 2927 Sede
730 2859 1165 2945 Apostolica
1194 2861 1526 2947 probatis
1548 2864 1600 2930 ⁴.

1507 3021 1685 3088 CAN.
1723 3021 1878 3089 297.

387 3144 921 3214 Deficientibus
945 3164 985 3212 e
1006 3143 1207 3213 clero
1238 3145 1604 3214 saeculari
1630 3145 2163 3228 sacerdotibus,
2192 3144 2477 3211 Vicarii
2504 3154 2580 3211 et
2613 3143 2985 3212 Praefecti
3019 3148 3208 3229 Apo-

207 3251 461 3319 stolici
502 3257 840 3337 possunt,
882 3252 1143 3322 audito
1183 3271 1435 3322 eorum
1482 3254 1904 3338 superiore,
1944 3270 2203 3338 cogere
2244 3253 2650 3337 religiosos,
2703 3252 2928 3319 etiam
2978 3270 3210 3319 exem·

207 3362 408 3443 ptos,
451 3359 850 3428 vicariatui
883 3362 998 3428 vel
1034 3363 1547 3445 praefecturae
1581 3361 1944 3444 addictos,
1991 3361 2088 3428 ad
2122 3361 2540 3427 animarum
2575 3378 2830 3427 curam
2877 3378 3207 3427 exercen-

207 3466 413 3549 dam,
457 3467 684 3536 salvis
715 3468 1000 3551 pariter
1030 3469 1531 3552 peculiaribus
1565 3470 1876 3538 statutis
1912 3488 1961 3537 a
1995 3469 2180 3537 Sede
2215 3468 2649 3552 Apostolica
2689 3468 3025 3552 probatis
3051 3470 3102 3535 ⁵.

387 3694 411 3731 ²
448 3693 719 3746 Clemens
759 3693 857 3754 IX,
897 3696 1082 3746 const.
1137 3708 1168 3743 α
1208 3692 1619 3753 Speculatores
1670 3708 1719 3754 »‚
1771 3693 1837 3746 13
1881 3696 2027 3753 sept.
2073 3693 2219 3755 10⁰9:
2261 3693 2618 3747 Benedictus
2660 3694 2812 3756 XIV,
2855 3707 2945 3755 ep.
2991 3702 3212 3758 encyci.

212 3799 248 3834 ι
274 3782 677 3843 Apoetouonm
703 3782 1101 3832 ministerium
1127 3797 1177 3844 ι,
1211 3782 1279 3835 80
1301 3782 1446 3833 maii
1473 3781 1623 3843 1753,
1655 3781 1685 3844 3
1713 3782 1765 3844 ὃς
1793 3781 1852 3835 S.
1886 3782 1951 3834 C.
1983 3782 2058 3833 de
2089 3783 2259 3844 Prop.
2301 3782 2445 3835 Fide
2489 3783 2578 3843 (C.
2614 3784 2726 3845 R),
2756 3784 2821 3834 22
2855 3787 3030 3837 mart.
3061 3784 3209 3845 1069,

212 3872 297 3925 ad
334 3872 388 3936 ῦς
415 3872 483 3925 23
521 3884 654 3924 nov.
697 3871 845 3935 1088;
884 3871 973 3931 (Ο.
1011 3871 1128 3932 6.),
1165 3872 1199 3923 9
1230 3871 1375 3922 maii
1409 3870 1556 3932 1773:
1593 3871 1763 3923 instr.
1809 3871 1913 3931 (ad
1956 3872 2063 3932 Dp.
2100 3872 2297 3925 Latin.
2337 3872 2743 3935 Babylonem).
2780 3873 2845 3926 23
2881 3877 3029 3934 sept.
3068 3873 3216 3934 1783:

212 3962 391 4013 instr.
421 3961 490 4013 30
518 3964 665 4021 sept.
698 3960 848 4021 1848,
886 3972 944 4011 ιι.
976 3961 1026 4023 1;
1058 3961 1175 4013 litt.
1208 3961 1428 4022 encyci.
1465 3960 1529 4013 20
1560 3972 1686 4020 apr.
1721 3960 1868 4013 1873.

379 4050 408 4087 ²
452 4051 723 4102 Clemens
759 4050 856 4111 IX,
903 4052 1088 4102 const.
1129 4065 1160 4100 α
1196 4050 1609 4110 speculatores
1654 4064 1704 4111 ι,
1751 4049 1817 4103 13
1855 4054 2002 4110 sept.
2044 4050 2192 4112 1609;
2230 4049 2290 4103 S.
2332 4051 2397 4103 O.
2440 4051 2513 4103 de
2553 4052 2724 4111 Prop.
2767 4051 2912 4103 Fide
2967 4051 3056 4111 (O.
3099 4052 3212 4112 R),

211 4139 284 4189 22
310 4142 488 4190 mart.
520 4138 668 4199 1009,
700 4139 777 4191 ad
812 4139 863 4201 ὃς
890 4138 955 4190 23
986 4152 1116 4190 nov.
1151 4138 1297 4200 168&
1327 4140 1391 4190 14
1426 4139 1573 4191 febr.
1607 4138 1753 4200 17023
1784 4139 1956 4191 instr.
2000 4139 2102 4199 (ad
2138 4140 2242 4199 Ep.
2285 4140 2481 4191 Latin.
2526 4140 2933 4201 Babylonem),
2968 4139 3032 4190 23
3063 4142 3208 4197 sept.

212 4227 367 4289 17833
403 4227 575 4280 instr.
605 4228 674 4280 30
700 4231 850 4288 sept.
883 4227 1032 4289 1848,
1061 4239 1129 4291 ,n.
1171 4227 1219 4289 2;
1251 4228 1422 4279 instr.
1467 4227 1568 4287 (ad
1599 4228 1724 4280 Vic.
1761 4230 1868 4289 Ap.
1905 4229 2161 4279 Tunkin.
2198 4228 2472 4289 orient),
2505 4230 2538 4280 1
2579 4230 2725 4288 sept.
2761 4227 2908 4287 1881,
2940 4240 2998 4277 n.
3031 4228 3080 4277 1.

383 4318 410 4354 ⁸
445 4316 716 4368 Clemens
752 4316 849 4376 lx,
889 4320 1075 4369 const.
1117 4331 1148 4367 ι
1196 4317 1608 4376 speculatores
1643 4332 1693 4377 ι,
1735 4318 1801 4370 13
1840 4320 1988 4378 sept.
2033 4317 2179 4379 1689:
2218 4316 2575 4369 Benedictus
2613 4317 2764 4375 XIV,
2808 4318 2992 4367 const.
3045 4331 3075 4365 α
3124 4314 3215 4367 Ad

212 4404 540 4455 nmmum
566 4419 616 4465 ι,
641 4405 709 4457 30
731 4408 890 4457 mart
922 4405 1070 4464 1742,
1110 4405 1136 4466 3
1170 4405 1221 4467 8;
1247 4416 1338 4466 ep.
1368 4407 1588 4468 encyci.
1621 4422 1653 4457 α
1683 4405 2083 4466 apostolicum
2111 4406 2509 4457 ministerium
2538 4421 2588 4464 ι,
2615 4406 2681 4457 30
2715 4405 2859 4455 maii
2887 4404 3034 4463 1753,
3069 4403 3095 4464 3
3126 4405 3210 4464 12.

212 4495 303 4557 143
340 4494 461 4545 Leo
500 4493 667 4554 XIII,
709 4496 895 4546 const.
951 4509 981 4543 ι
1021 4492 1317 4544 Romanos
1361 4494 1673 4557 Pontifices
1716 4510 1767 4556 ι,
1812 4495 1848 4547 8
1889 4494 2210 4556 ma111881;
2255 4493 2312 4547 8.
2346 4494 2411 4547 Ο.
2444 4494 2518 4546 de
2564 4494 2734 4553 Prop.
2769 4492 2914 4545 Fide
2975 4492 3063 4552 (O.
3100 4493 3212 4557 P.)‚

211 4583 285 4634 22
316 4586 493 4635 mart.
522 4582 670 4643 1080,
698 4583 777 4634 ad
803 4583 941 4644 8-1ος
985 4583 1073 4642 (0.
1108 4584 1172 4634 P.
1211 4595 1317 4643 pro
1349 4584 1520 4645 Sim),
1551 4584 1617 4636 13
1645 4596 1778 4645 aug.
1812 4584 1964 4645 1669,
1995 4583 2073 4635 ad
2102 4584 2152 4644 3,
2184 4585 2233 4645 4:
2269 4583 2357 4641 (C.
2392 4584 2456 4634 P.
2496 4595 2603 4644 pro
2634 4582 2805 4642 Sim),
2836 4581 2870 4633 8
2899 4594 3033 4644 aug.
3067 4581 3218 4642 1698:

211 4674 251 4724 2
283 4675 400 4724 oct.
430 4671 577 4734 1724:
612 4672 700 4731 (C.
735 4671 851 4733 6.),
882 4671 947 4723 16
982 4675 1128 4731 sept.
1161 4672 1308 4732 rm:
1344 4673 1513 4724 instr.
1557 4673 1660 4733 (ad
1691 4674 1795 4735 Bp.
1828 4675 2026 4725 Latin.
2064 4674 2470 4734 Babylonem),
2504 4672 2568 4723 23
2599 4674 2745 4731 sept.
2777 4670 2924 4731 1783;
2970 4670 3059 4729 (O.
3094 4670 3214 4731 6.),

215 4764 287 4814 11
320 4763 446 4814 dec.
486 4760 634 4822 1838,
671 4761 751 4814 ad
793 4762 843 4823 ὃς
887 4761 976 4819 (O.
1010 4761 1126 4823 G.),
1166 4762 1233 4813 11
1268 4760 1393 4813 dec.
1426 4762 1574 4822 1839,
1616 4761 1695 4813 ad
1732 4764 1783 4822 1,
1814 4762 1864 4824 53
1912 4762 2001 4821 (C.
2046 4763 2109 4813 P.
2162 4772 2266 4821 pro
2316 4761 2486 4821 Sin),
2528 4761 2592 4810 11
2629 4762 2804 4811 mart.
2847 4759 2993 4821 1848;
3043 4759 3213 4811 instr.

209 4852 286 4904 30
330 4853 481 4910 sept.
521 4849 669 4910 1848.
708 4862 766 4901 ιι.
807 4851 857 4910 4,
889 4850 939 4911 ὃς
988 4851 1158 4901 instr.
1218 4849 1320 4909 (ad
1350 4850 1475 4901 Vic.
1509 4851 1614 4910 Ap.
1648 4851 1907 4902 Tunkin.
1940 4851 2214 4910 Orient.),
2259 4852 2291 4901 1
2332 4852 2480 4909 sept.
2523 4849 2672 4909 1881,
2717 4861 2774 4898 n.
2807 4848 2911 4909 3-ος
2959 4848 3048 4905 (O.
3096 4848 3216 4909 G.),

214 4941 254 4992 0
286 4941 438 4993 febr.
473 4939 620 5002 1882:
657 4939 745 4992 (O.
780 4938 898 4999 6.),
933 4938 999 4991 18
1040 4940 1155 4990 ian.
1189 4938 1338 4999 1888,
1377 4939 1455 4991 ad
1487 4938 1536 4998 2,
1571 4939 1620 4990 3.

384 5033 414 5068 ⁴
457 5029 811 5082 Benedictus
841 5029 993 5089 XIV.
1025 5033 1210 5082 const.
1247 5044 1277 5078 α
1319 5028 1407 5078 Ad
1450 5027 1766 5079 militantis
1807 5043 1857 5089 ι,
1893 5029 1959 5079 30
1992 5032 2165 5080 mart.
2202 5027 2349 5085 1742,
2391 5026 2417 5087 3
2451 5025 2502 5088 8;
2533 5037 2624 5086 ep.
2659 5027 2878 5088 encycl.
2917 5042 2947 5076 α
2981 5025 3221 5086 Aposto-

215 5120 400 5170 uoum
429 5118 825 5169 misterium
847 5135 896 5179 xo,
921 5119 987 5171 30
1008 5118 1154 5169 maii
1174 5117 1322 5178 1753,
1354 5118 1380 5179 3
1406 5118 1574 5179 15-17;
1603 5117 1660 5170 S.
1688 5117 1753 5170 C.
1780 5118 1855 5169 de
1883 5107 2233 5177 Prop.'Fide
2273 5116 2361 5175 (0.
2397 5116 2513 5177 6.),
2547 5115 2613 5167 20
2644 5117 2765 5167 iun.
2793 5114 2940 5178 162&
2974 5115 3061 5173 (C.
3097 5116 3216 5176 G.),

213 5209 288 5261 m
317 5210 438 5260 ian.
472 5209 619 5271 1⁶29:
658 5208 747 5267 (Ο.
782 5209 846 5259 P.
891 5219 997 5268 pro
1039 5207 1209 5267 Sin),
1254 5207 1318 5257 11
1352 5210 1526 5258 mart.
1563 5206 1710 5267 1848:
1746 5208 1915 5257 instr.
1955 5205 2022 5257 30
2056 5208 2202 5266 sept.
2240 5204 2388 5265 1848,
2424 5217 2481 5255 n.
2514 5203 2564 5265 8:
2599 5204 2769 5256 instr.
2816 5204 2918 5263 (ad
2949 5205 3073 5256 Vic.
3108 5206 3216 5264 Ap.

215 5298 480 5348 Tunkin.
516 5297 790 5357 orient),
833 5298 865 5348 1
896 5298 1045 5356 sept.
1081 5294 1230 5354 1881,
1264 5307 1322 5345 ιι.
1359 5294 1410 5354 2,
1446 5295 1495 5344 4.

385 5390 414 5427 ⁸
453 5387 725 5440 Olemens
765 5387 863 5448 IX,
910 5390 1098 5439 const.
1149 5400 1180 5436 ι
1226 5384 1640 5444 speculatores
1677 5398 1726 5445 ι,
1766 5382 1832 5436 13
1870 5386 2017 5445 sept.
2059 5383 2206 5446 160oe
2248 5382 2306 5435 S.
2351 5383 2416 5436 C.
2460 5383 2533 5435 de
2575 5384 2744 5443 Prop.
2788 5383 2936 5436 Fide
2984 5382 3070 5442 (C.
3106 5383 3218 5443 P.),

217 5477 289 5527 22
316 5479 495 5529 mart.
537 5475 687 5537 1009,
720 5476 799 5529 ad
830 5476 880 5537 ⁷3
911 5476 1081 5527 instr.
1118 5473 1185 5527 30
1216 5476 1365 5535 sept.
1403 5472 1552 5535 1848,
1588 5485 1644 5525 n.
1677 5473 1726 5526 3.
