3753 5871
1331 336 1507 386 Liber
1537 338 1773 388 Tertius
1807 362 1827 374 ·
1864 336 1954 387 De
1993 338 2190 388 Rebus
3179 335 3288 393 235

480 535 515 618 5
561 535 628 601 2.
677 534 953 600 Vinum
1008 533 1222 601 debet
1276 550 1434 600 esse
1486 532 1830 625 naturaie
1906 532 1996 599 de
2071 532 2439 617 genimine
2513 532 2692 598 vitis
2759 536 2835 599 et
2904 549 3049 597 non
3126 549 3278 598 cor·

300 650 602 731 ruptum
645 642 694 710 ¹.
1568 739 1576 747 .

1586 770 1762 838 CAN.
1807 769 1960 836 816.

471 915 562 980 Ῑιι
609 913 877 982 Missae
916 913 1409 982 celebratione
1449 914 1814 993 sacerdos,
1872 912 2272 979 secundum
2328 910 2711 995 proprium
2768 909 3022 990 ritum,
3071 906 3286 974 debet

296 1040 560 1106 panem
597 1040 930 1108 azymum
976 1024 1093 1090 vel
1139 1024 1665 1091 fermentatum
1706 1022 2054 1090 adhibere
2105 1021 2518 1105 ubicunque
2559 1019 2869 1087 Sacrum
2910 1017 3083 1086 litet
3108 1014 3161 1081 ².

1600 1215 1778 1283 cm.
1827 1213 1982 1280 817.

473 1358 703 1426 Nefas
768 1363 907 1441 est,
970 1361 1277 1442 urgente
1343 1358 1568 1425 etiam
1627 1360 1956 1423 extrema
2019 1357 2479 1431 necessitate,
2518 1356 2831 1423 alteram
2901 1354 3286 1422 materiam

302 1469 463 1535 sine
517 1468 784 1550 altera,
842 1470 981 1534 aut
1046 1466 1271 1534 etiam
1349 1471 1765 1549 utramque,
1823 1469 2038 1532 extra
2121 1465 2392 1532 Missae
2471 1465 3063 1545 celebrationem,
3122 1480 3287 1530 con·

302 1597 592 1647 secrare
634 1577 683 1642 ⁸.
1893 1578 1901 1589 '

1601 1704 1778 1772 CAN.
1821 1704 1975 1770 818.

472 1844 895 1928 Reprobata
935 1850 1194 1933 quavis
1234 1850 1614 1917 contraria
1661 1850 2219 1932 consuetudine,
2273 1849 2615 1917 sacerdos
2662 1851 3042 1919 celebrans
3080 1870 3286 1920 accu-

303 1962 462 2024 rate
493 1974 581 2024 ac
614 1957 874 2027 devote
909 1963 1152 2028 servet
1187 1961 1523 2029 rubricas
1560 1981 1860 2028 suorum
1901 1962 2286 2029 ritualium
2335 1961 2720 2044 librorum,
2758 1959 3169 2049 caveatque
3199 1983 3290 2032 ne

296 2066 489 2134 alias
527 2070 1027 2137 caeremonias
1074 2076 1211 2139 aut
1251 2090 1503 2157 preces
1552 2073 1855 2158 proprio
1896 2073 2214 2140 arbitrio
2250 2072 2613 2156 adiungat
2645 2073 2694 2138 ⁴1.

305 2383 365 2436 Β.
403 2383 472 2435 Β.
509 2384 598 2445 O..
639 2384 1001 2444 Gandaven„
1035 2384 1102 2437 10
1133 2385 1256 2437 dec.
1292 2385 1440 2447 1820,
1474 2388 1553 2439 ad
1597 2388 1843 2448 primam
1884 2390 2033 2441 tacti
2077 2392 2347 2452 speciem,
2385 2392 2462 2444 ad
2501 2395 2551 2453 1,
2587 2393 2636 2454 2ς
2681 2393 2922 2445 Missale
2965 2394 3157 2454 Rom„
3194 2396 3288 2447 tit.

306 2477 394 2528 De
419 2478 748 2538 defectibus
771 2478 833 2527 in
858 2477 1246 2529 celebratione
1270 2478 1586 2530 missarum
1608 2482 2070 2542 occurrentibus,
2101 2494 2153 2534 c.
2190 2481 2273 2544 11,
2304 2487 2374 2535 dc
2402 2484 2730 2543 defectibus
2761 2486 3066 2542 materiae.-
3089 2498 3140 2537 c.
3174 2486 3291 2546 111,

304 2568 378 2618 de
421 2568 656 2627 defectu
690 2570 881 2628 vanu,
917 2583 972 2620 ιι.
1011 2570 1114 2631 1-5,
1148 2569 1390 2622 Rituale
1426 2570 1613 2630 Rom..
1652 2572 1747 2625 tit.
1795 2573 1897 2634 1v,
1934 2584 1983 2624 c.
2025 2574 2075 2632 1.
2123 2575 2195 2624 de
2237 2574 2613 2625 sanctissimo
2648 2574 3062 2628 Eucharistiae
3099 2587 3285 2627 sacra-

306 2661 522 2717 mento,
548 2671 606 2710 ιι.
637 2660 685 2710 7.

487 2752 508 2788 ¹
548 2753 846 2813 iungemus
871 2754 952 2805 1v
987 2755 1074 2813 (in
1098 2754 1271 2805 Cone.
1301 2730 1671 2816 Florentia),
1705 2761 1890 2809 const.
1923 2772 1954 2807 a
1981 2757 2264 2807 Exultate
2299 2759 2421 2809 Deo
2449 2775 2497 2817 ι,
2529 2759 2593 2809 22
2625 2772 2756 2811 nov.
2793 2761 2940 2819 1439.
2972 2760 2998 2820 5
3026 2761 3107 2821 12;
3138 2760 3195 2812 S.
3226 2760 3291 2812 C.

308 2842 368 2895 S.
397 2843 512 2895 ΟΠ.
549 2844 964 2905 (Aethiopiae).
993 2845 1187 2896 221111.
1216 2845 1362 2907 170&
1395 2845 1428 2897 7
1460 2846 1601 2898 maii
1633 2846 1780 2907 1879;
1806 2849 1839 2900 9
1874 2848 1978 2898 iul.
2010 2848 2157 2909 1881;
2194 2847 2664 2909 (carcassonae),
2698 2851 2730 2900 4
2765 2851 2907 2901 mall
2937 2851 3082 2912 1887;
3117 2852 3295 2910 (Mas-

307 2934 525 2997 siliae),
554 2938 619 2989 30
646 2937 750 2988 iul.
779 2937 925 2999 189ος
951 2939 1016 2989 15
1048 2949 1175 2999 apr.
1210 2939 1356 2999 1801:
1393 2939 1634 3001 (Tchely
1671 2940 2219 3001 Hermio-orient),
2252 2942 2316 2992 25
2349 2942 2468 2993 iun.
2509 2942 2654 3004 1891;
2700 2942 3066 3003 (Drusillae),
3097 2944 3129 2994 5
3158 2956 3291 3004 aug.

306 3028 453 3089 189ος
497 3029 960 3090 (Tarraconem),
997 3030 1031 3081 5
1064 3042 1198 3091 aug.
1239 3030 1385 3088 1896:
1420 3030 1485 3080 22
1530 3031 1674 3082 mali
1720 3033 1867 3092 1901;
1908 3032 2024 3083 litt.
2065 3033 2284 3093 encycl.
2334 3033 2400 3084 30
2437 3045 2571 3094 aug.
2617 3035 2764 3094 1901;
2814 3032 2872 3085 S.
2909 3034 2974 3086 C.
3012 3033 3085 3085 de
3121 3035 3289 3094 Pron.

309 3119 456 3172 Fide
492 3118 726 3181 (fliam),
758 3134 814 3172 a.
846 3121 994 3183 18193
1025 3122 1143 3173 litt.
1183 3123 1398 3183 encycl.
1439 3123 1504 3173 10
1535 3127 1711 3174 mart.
1753 3124 1899 3183 1861;
1933 3124 2175 3175 Missale
2209 3124 2396 3184 Rom..
2440 3125 2534 3176 tit.
2580 3124 2668 3174 De
2700 3124 3028 3183 defectibus
3060 3126 3122 3175 in
3156 3126 3289 3175 ceie-

309 3211 574 3262 bratione
603 3213 919 3263 missarum
950 3214 1410 3272 occurrentibus,
1440 3225 1490 3265 c.
1526 3215 1608 3275 11,
1641 3216 1711 3265 dc
1753 3214 2082 3273 defectibus
2121 3215 2424 3271 materiae:
2456 3228 2504 3266 c.
2541 3217 2643 3277 IV,
2686 3217 2757 3268 de
2791 3217 3025 3276 defectu
3061 3216 3204 3265 vini.

485 3305 512 3342 ²
549 3304 615 3356 Ο.
645 3307 728 3364 14,
764 3306 830 3366 X,
864 3307 936 3356 de
966 3305 1354 3356 celebratione
1393 3308 1727 3365 missarum,
1759 3312 1817 3359 et
1852 3310 2221 3357 sacramento
2253 3307 2687 3367 Eucharistiae,
2727 3314 2787 3360 et
2820 3310 3038 3360 divinis
3071 3308 3296 3368 officiis,

311 3396 427 3456 111,
466 3398 548 3457 413
582 3397 882 3449 Protessio
910 3397 1044 3449 fidei
1084 3399 1171 3457 (in
1200 3398 1372 3450 Conc.
1407 3398 1747 3460 Lugdunen.
1782 3400 1867 3460 11)
1903 3412 1938 3450 a
1973 3399 2262 3450 michaele
2300 3400 2650 3461 Palaeologo
2682 3399 2963 3461 Gregorio
2998 3402 3042 3450 x
3073 3401 3296 3460 oblata.

309 3501 367 3539 a.
397 3489 543 3549 1274:
573 3489 870 3550 Eugenlus
905 3490 983 3541 lv
1021 3491 1108 3548 (in
1135 3490 1307 3541 Cone.
1344 3489 1711 3550 Florentia),
1741 3494 1926 3543 const.
1959 3507 1989 3541 a
2025 3490 2350 3541 Laetentur
2377 3490 2525 3541 caeli
2554 3507 2602 3550 ι,
2632 3491 2666 3543 6
2696 3493 2796 3543 lul.
2831 3491 2978 3552 1439,
3019 3492 3045 3553 5
3081 3493 3131 3553 4;
3162 3492 3299 3543 Gre-

308 3580 512 3640 gorius
547 3580 714 3640 xln,
753 3584 936 3632 const.
982 3597 1012 3632 s
1060 3581 1483 3632 Sanctissimae
1521 3597 1571 3641 ι,
1614 3595 1670 3632 a.
1714 3582 1861 3642 1575,
1915 3583 2214 3634 Protessio
2254 3582 2390 3633 iidei
2434 3582 2677 3634 Graecis
2727 3594 3003 3644 praescr.;
3055 3583 3298 3634 Benedi-

308 3675 444 3724 ctus
473 3672 624 3734 XIV,
658 3675 841 3724 const.
877 3687 907 3722 s
940 3672 1073 3722 Etsi
1103 3672 1424 3731 pastoralis
1466 3688 1514 3734 s,
1557 3673 1622 3725 20
1655 3675 1797 3725 maii
1831 3674 1980 3733 1742.
2027 3674 2053 3735 5
2091 3674 2140 3735 Ι,
2178 3686 2236 3724 ιι.
2275 3675 2358 3734 11,
2395 3676 2422 3734 5
2468 3673 2570 3734 vl,
2607 3687 2664 3725 ιι.
2702 3676 2766 3735 Χ;
2798 3686 2888 3738 ep.
2928 3690 2959 3725 a
2989 3672 3189 3734 Nuper
3222 3676 3299 3724 ad

312 3765 432 3814 Nos
460 3780 508 3823 ι,
540 3765 605 3816 10
635 3769 810 3816 mart.
839 3766 987 3836 1743,
1017 3766 1314 3817 Protessio
1340 3766 1479 3817 fidei
1505 3766 1819 3817 Maronitis
1846 3778 2122 3828 praesen
2153 3778 2243 3826 ep.
2273 3767 2491 3827 encyel.
2523 3782 2553 3816 a
2582 3767 2816 3818 Allatas
2846 3771 2983 3816 sunt
3012 3782 3061 3825 n.
3099 3766 3164 3818 20
3194 3766 3297 3818 iul.

310 3856 458 3916 1755,
488 3857 514 3918 5
542 3857 624 3917 22,
660 3857 743 3916 23,
778 3857 860 3918 34;
886 3857 1028 3909 Pius
1054 3857 1119 3917 Χῖ
1146 3861 1331 3908 const.
1366 3872 1401 3907 a
1436 3857 1681 3907 Tradita
1712 3858 1787 3907 ab
1814 3857 2079 3916 antiquis
2114 3872 2164 3918 ι,
2194 3859 2257 3908 14
2289 3865 2437 3917 sent.
2467 3858 2614 3918 1912,
2651 3870 2709 3908 ιι.
2749 3857 2797 3918 I;
2828 3857 2886 3909 S.
2918 3858 2983 3909 C.
3020 3858 3095 3909 de
3126 3860 3294 3919 Prop.

311 3948 476 4009 Fide,
512 3948 668 3999 decr.
697 3948 770 4000 20
804 3961 933 4000 nov.
981 3948 1127 4010 183&
1161 3950 1331 4001 instr.
1371 3949 1438 4001 81
1476 3950 1577 4000 iul.
1625 3948 1772 4008 1902,
1811 3962 1869 4000 ιι.
1912 3952 1961 4009 1,
1997 3962 2049 4010 e3
2083 3950 2326 4001 Missale
2373 3949 2560 4010 Rom..
2606 3952 2705 4002 tlt.
2746 3950 2833 4001 De
2873 3949 3202 4008 defectibus
3237 3948 3297 3997 in

313 4040 704 4091 celebratione
736 4040 1049 4090 missarum
1082 4040 1542 4098 occurrentibus,
1573 4052 1624 4092 c.
1662 4040 1779 4101 III,
1814 4044 1885 4091 de
1925 4040 2164 4098 defectu
2207 4042 2398 4099 panis.
2435 4053 2491 4091 ιι.
2529 4041 2579 4093 3.

487 4135 515 4171 ³
557 4132 799 4183 missale
836 4133 1023 4192 Rom..
1067 4134 1162 4185 tit.
1201 4133 1287 4183 De
1334 4133 1660 4192 defectibus
1700 4134 1762 4182 in
1798 4132 2188 4183 celebratione
2227 4131 2543 4183 missarum
2590 4133 3049 4191 occurrentibus,
3089 4145 3137 4184 c.
3184 4133 3299 4192 111.

312 4224 386 4274 de
426 4224 660 4296 defectu
695 4223 892 4283 panis,
922 4236 979 4274 ιι.
1012 4225 1064 4285 5,
1095 4224 1145 4286 0;
1171 4236 1221 4275 c.
1261 4225 1361 4284 1v,
1396 4226 1467 4275 de
1501 4225 1735 4284 defectu
1767 4224 1913 4282 vini,
1954 4237 2011 4275 ιι.
2046 4226 2097 4285 5,
2132 4224 2183 4285 8;
2215 4236 2265 4276 c.
2303 4225 2369 4285 X,
2404 4226 2475 4275 de
2510 4223 2838 4283 defectibus
2878 4224 2940 4273 in
2972 4223 3302 4273 ministerio

314 4318 443 4376 ipso
474 4315 935 4374 occurrentibus,
964 4328 1023 4366 ιι.
1053 4316 1103 4368 3.

492 4412 519 4445 ⁴
555 4407 620 4458 Ο.
655 4408 704 4467 7,
741 4409 909 4467 10-12,
944 4409 1014 4459 D.
1053 4409 1134 4462 11.
1169 4410 1239 4459 de
1276 4420 1458 4466 cona:
1494 4421 1544 4460 c.
1579 4412 1661 4470 14,
1698 4411 1765 4470 X,
1800 4412 1870 4460 de
1911 4408 2098 4468 officio
2132 4409 2345 4459 iudicis
2377 4407 2686 4467 ordinarii,
2723 4409 2772 4468 Ι,
2813 4409 2897 4469 31;
2927 4409 3100 4464 Cone.
3140 4408 3305 4459 Basi-

317 4501 486 4559 ieeu„
523 4512 667 4553 sess.
704 4501 851 4560 xxi,
883 4512 935 4552 c.
977 4501 1027 4562 8;
1059 4501 1233 4552 Cone.
1266 4501 1554 4562 Trident„
1591 4514 1734 4553 sess.
1779 4501 1960 4560 xxn,
1998 4502 2070 4551 de
2106 4500 2395 4560 sacrificio
2429 4501 2666 4558 missae,
2709 4512 2759 4550 c.
2795 4500 2846 4561 5,
2889 4511 3022 4551 can.
3058 4500 3109 4560 7,
3148 4502 3196 4559 9ς
3232 4500 3302 4549 de

314 4593 697 4643 observandis
722 4596 782 4643 et
810 4591 1104 4643 evitandis
1135 4593 1196 4642 in
1223 4593 1611 4644 celebratione
1648 4592 1885 4649 missae:
1922 4592 1980 4645 S.
2016 4593 2157 4644 Plus
2189 4593 2256 4652 V,
2287 4597 2471 4644 const.
2514 4608 2544 4642 a
2575 4591 2952 4644 Providentia
2985 4608 3031 4651 n,
3065 4592 3129 4642 20
3162 4605 3298 4653 aug.

314 4685 462 4745 1506:
492 4689 676 4736 const.
713 4700 744 4735 a
781 4686 905 4745 Quo
946 4685 1199 4744 primum
1232 4699 1281 4744 ι,
1315 4686 1380 4735 14
1415 4685 1517 4735 iul.
1561 4686 1708 4744 1570,
1747 4685 1773 4746 5
1810 4686 1858 4746 3;
1895 4685 2249 4736 Benedictus
2291 4685 2440 4743 xlv,
2483 4687 2670 4735 const.
2709 4699 2740 4734 a
2775 4684 2865 4733 Ad
2900 4683 3217 4735 militantis
3253 4700 3300 4743 υ,

314 4778 383 4829 30
414 4781 588 4829 mart.
623 4778 771 4838 1742,
807 4780 834 4838 5
868 4776 919 4840 0;
951 4780 1135 4829 const.
1176 4793 1207 4828 a
1239 4776 1371 4828 Etsi
1404 4776 1723 4836 pastoralis
1767 4792 1815 4835 ι,
1852 4777 1919 4831 20
1956 4778 2102 4827 maii
2146 4776 2293 4836 1742,
2332 4776 2358 4837 5
2395 4776 2493 4836 lx,
2529 4789 2585 4826 ιι.
2627 4776 2675 4835 Ι,
2709 4776 2924 4836 xvl11;
2955 4787 3045 4835 ep.
3082 4776 3301 4836 encycl.

319 4886 351 4919 ι
387 4871 816 4920 Demandatam
852 4885 901 4930 ιι,
942 4869 1005 4920 24
1041 4869 1165 4920 dec.
1203 4870 1349 4927 1743.
1389 4869 1415 4930 5
1454 4871 1535 4928 11;
1575 4880 1666 4930 ep.
1705 4871 1925 4929 encycl.
1967 4885 1995 4919 s
2034 4867 2201 4919 Inter
2236 4868 2575 4928 omnioerms
2613 4884 2662 4927 n,
2699 4868 2733 4918 2
2779 4869 2925 4919 febr.
2973 4869 3123 4924 1744.
3163 4868 3189 4927 5
3225 4868 3308 4927 18;

316 4967 503 5014 const.
535 4978 563 5012 s
590 4962 873 5022 Imposito
898 4962 1078 5013 Nobis
1105 4976 1153 5015 n.
1186 4962 1250 5013 29
1277 4965 1451 5012 mart.
1481 4961 1627 5017 1751,
1660 4961 1686 5021 5
1720 4965 1769 5022 9;
1794 4973 1886 5021 ep.
1922 4962 2140 5022 encycl.
2180 4976 2210 5010 a
2237 4961 2472 5011 Ailaiae
2499 4965 2636 5012 sunt
2666 4976 2714 5020 ι,
2745 4960 2810 5011 20
2839 4959 2947 5010 iul.
2982 4960 3129 5016 1755,
3165 4960 3191 5019 5
3222 4961 3306 5020 34;

316 5066 407 5114 ep.
436 5071 466 5105 a
489 5056 702 5106 Aestas
729 5070 777 5114 s.
809 5056 871 5106 11
896 5058 1008 5107 oct.
1034 5054 1180 5112 1757,
1208 5066 1264 5104 ιι.
1302 5053 1570 5112 Vll-XII,
1597 5054 1745 5113 XVI:
1776 5054 1918 5105 Pius
1941 5055 2007 5112 X,
2041 5057 2222 5105 const.
2260 5068 2293 5101 ι
2319 5053 2564 5103 Tradita
2593 5054 2667 5103 ab
2693 5051 2955 5110 antiquis
2981 5067 3029 5110 ι,
3061 5053 3125 5102 14
3155 5055 3304 5110 sept.

320 5146 467 5203 1912,
496 5159 551 5196 ιι.
583 5148 630 5206 1;
658 5145 717 5198 S.
754 5145 819 5197 C.
857 5146 929 5197 de
964 5146 1132 5206 Pron.
1173 5145 1335 5204 Fide,
1365 5147 1536 5197 lustr.
1584 5146 1685 5202 (ad
1723 5146 1843 5197 Vic.
1879 5148 1983 5204 Ap.
2017 5145 2440 5204 Oocblnchin.)‚
2471 5146 2536 5195 30
2572 5143 2692 5194 lun.
2731 5143 2875 5203 183oe
2906 5144 3075 5195 instr.
3107 5144 3171 5194 31
3203 5143 3305 5194 lul.

322 5239 468 5297 1902,
505 5250 560 5288 ιι.
606 5239 654 5297 6:
692 5237 750 5290 Β.
789 5236 858 5288 Β.
896 5237 983 5298 (3.,
1023 5237 1248 5294 oscen..
1283 5238 1348 5288 16
1379 5241 1551 5288 mart.
1590 5238 1736 5296 1501,
1782 5237 1859 5288 ad
1895 5239 1975 5297 19;
2013 5236 2341 5294 Lisbonen„
2378 5236 2442 5287 12
2484 5249 2614 5287 nov.
2649 5235 2793 5294 1605;
2843 5235 3036 5292 Urbis,
3072 5237 3138 5286 19
3173 5248 3306 5296 aug.

322 5331 469 5387 1051,
501 5330 576 5381 ad
607 5330 654 5390 2;
687 5329 951 5380 Plurium
982 5328 1352 5386 dicct-esium,
1390 5330 1457 5380 11
1495 5333 1668 5380 mart.
1703 5330 1849 5389 185&
1883 5329 2126 5381 Missaie
2158 5329 2345 5388 Rom„
2389 5330 2483 5381 tit.
2523 5327 2812 5376 Rubricae
2843 5326 3144 5385 venerales
3176 5324 3310 5375 mis·

324 5422 488 5475 salis:
519 5423 613 5474 tit.
651 5421 827 5471 Ritus
858 5421 1183 5471 servandus
1218 5422 1278 5469 in
1321 5420 1710 5470 celebratione
1746 5420 1988 5478 manae.-
2021 5422 2115 5473 tit.
2164 5421 2251 5470 De
2287 5420 2615 5478 defectibus
2650 5419 2708 5468 in
2750 5417 3140 5471 celebratione
3176 5416 3310 5467 mis·

324 5523 523 5562 sarum
555 5515 1013 5573 occurrentibus‚·
1043 5514 1136 5566 tlt.
1177 5512 1331 5564 Ordo
1374 5512 1606 5567 missae:
1642 5513 1735 5565 tit.
1776 5512 1975 5563 Canon
2010 5513 2243 5564 missae.
