3753 5871
469 206 580 265 616
1602 215 1799 269 Οοᾱοο
1842 217 2006 271 lev-u
2044 218 2327 271 Damnioi

1652 622 2077 691 TITULUS
2117 623 2269 690 XV.

1558 768 1669 835 De
1729 768 2078 835 crimine
2137 766 2376 836 falsi.

1734 995 1914 1063 om.
1965 994 2163 1063 2360.

648 1138 683 1221 ξ
730 1141 795 1204 1.
846 1139 1117 1206 Omnes
1153 1137 1640 1206 fabricatores
1688 1137 1806 1205 vel
1845 1137 2141 1204 falsarii
2183 1137 2633 1217 litterarum,
2687 1137 3146 1206 decretorum
3189 1137 3306 1204 vel
3346 1154 3440 1203 re·

473 1246 918 1329 scriptorum
964 1246 1176 1314 Sedis
1217 1246 1689 1330 Apostolicae
1738 1246 1855 1313 vel
1897 1245 2158 1313 iisdem
2202 1246 2502 1329 litteris,
2558 1246 2875 1314 decretis
2915 1246 3032 1313 vel
3075 1243 3446 1329 rescriptis

475 1354 793 1421 scienter
845 1357 1138 1421 utentes
1186 1353 1585 1423 incurrunt
1635 1353 1802 1438 ipso
1862 1353 2067 1421 facto
2120 1353 2202 1419 in
2253 1354 3078 1421 excommunicatlonem
3142 1350 3442 1436 speciali

472 1461 686 1529 modo
729 1460 903 1529 Sedi
943 1461 1416 1545 Apostolicae
1457 1460 1980 1529 reservatam&

649 1568 683 1650 ξ
729 1569 797 1634 2.
846 1568 1118 1637 Clerici
1155 1569 1504 1637 delictum
1554 1569 1647 1637 de
1689 1588 1832 1655 quo
1880 1570 1961 1636 in
2003 1569 2037 1651 g
2077 1572 2116 1636 1
2158 1570 2704 1638 committentes
2741 1571 2914 1637 aliis
2952 1571 3208 1654 poenis
3248 1588 3442 1654 prae·

469 1680 675 1743 terea·
710 1679 1211 1759 coerceantur,
1256 1694 1442 1760 quae
1481 1694 1712 1762 usque
1742 1677 1838 1744 ad
1871 1677 2360 1760 privationem
2394 1676 2750 1760 beneficii,
2787 1677 3029 1760 officii,
3063 1676 3449 1762 dignitatis

471 1788 547 1851 et
586 1782 963 1868 pensionis
1020 1783 1559 1852 ecclesiasticae
1616 1784 1917 1852 extendi
1984 1789 2318 1869 possunt3
2362 1784 2688 1869 religiosi
2757 1789 3004 1852 autem
3069 1784 3451 1869 priventur

472 1890 810 1959 omnibus
834 1889 1090 1959 officiis
1116 1892 1407 1976 quaein
1440 1891 1794 1975 religione
1819 1892 2093 1960 habent
2122 1898 2198 1960 et
2222 1910 2397 1959 voce
2418 1893 2662 1960 activa
2689 1910 2776 1959 ac
2808 1892 3128 1976 passiva,
3160 1896 3450 1975 praeter

470 1997 661 2065 alias
705 2016 979 2082 poenas
1014 1999 1094 2065 in
1129 1999 1455 2083 propriis
1490 1998 1847 2084 cuiusque
1885 1999 2546 2068 constitutionibus
2592 2002 2920 2067 statutas
2960 1996 3013 2065 ².

1740 2196 1918 2264 CAN.
1963 2196 2161 2264 2361.

647 2336 730 2405 Si
761 2338 928 2421 quis
966 2337 1047 2403 in
1080 2337 1421 2421 precibus
1458 2336 1554 2405 ad
1589 2338 2031 2422 rescriptum
2064 2355 2110 2404 a
2144 2337 2332 2406 Sede
2361 2338 2792 2422 Apostolica
2824 2337 2941 2405 vel
2980 2356 3030 2404 8
3062 2338 3207 2405 loci
3244 2337 3446 2406 Ordi-

474 2443 687 2511 nario
713 2443 1259 2529 impetrandum
1288 2445 1554 2513 fraude
1588 2445 1703 2513 vel
1734 2445 1909 2513 dolo
1936 2464 2190 2513 verum
2231 2444 2613 2514 reticuerit
2642 2451 2778 2514 aut
2806 2445 3078 2513 falsum
3109 2464 3448 2530 exposue-

473 2550 600 2634 rit,
633 2556 878 2724 pggest
906 2570 952 2619 a
988 2569 1124 2694 ⁸2¹⁰
1152 2552 1555 2621 ordinario
1588 2570 1727 2637 pro
1751 2553 2016 2637 culpae
2043 2553 2411 2636 gravitate
2440 2552 2720 2637 puniri,
2753 2553 2959 2621 salvo
2995 2555 3451 2639 praescripto

469 2674 635 2724 can.
773 2708 791 2740 ‚
836 2658 1001 2725 1054
1061 2712 1076 2727 .

1738 2786 1915 2854 cm.
1964 2784 2161 2855 2362.

644 2926 1099 2996 Litterarum
1131 2928 1248 2997 vel
1288 2931 1622 2996 actorum
1657 2928 2317 2997 ecclesiasticorum
2363 2932 2516 2997 tam
2555 2927 3018 3013 publicorum
3055 2946 3281 3013 quam
3316 2926 3449 3013 pri·

472 3039 812 3103 vatorum
838 3036 1326 3104 fabricatores
1357 3038 1471 3104 vel
1500 3036 1794 3104 falsarii
1818 3037 1935 3106 vel
1971 3037 2390 3104 huiusmodi
2416 3035 2877 3106 documentis
2904 3036 3227 3105 scienter
3255 3038 3449 3103 uten-

471 3150 608 3226 tes,
638 3162 774 3228 pro
804 3145 1174 3227 gravitate
1197 3145 1452 3213 delicti
1477 3148 1981 3229 coerceantur,
2015 3145 2230 3213 firmo
2254 3145 2716 3230 praescripto
2738 3163 2903 3212 can.
2933 3144 3132 3228 2406,
3164 3143 3200 3226 ξ
3235 3146 3281 3211 1
3311 3140 3366 3208 ⁴.

1729 3335 1908 3404 om.
1965 3335 2162 3405 2363.

648 3477 730 3544 Si
772 3479 938 3561 quis
968 3497 1100 3562 per
1130 3478 1454 3562 seipsum
1492 3478 1607 3545 vel
1642 3496 1774 3562 per
1805 3477 1995 3545 alios
2028 3478 2558 3546 confessa-rium
2597 3478 2689 3546 de
2723 3477 3284 3546 sollicitationis
3324 3475 3448 3544 cri·

472 3584 670 3652 mine
703 3586 901 3669 apud
942 3585 1375 3669 Superiores
1409 3584 1605 3653 falso
1638 3585 2216 3669 denuntiaverit,
2260 3586 2423 3669 ipso
2459 3585 2665 3653 facto
2698 3585 3019 3652 incurrit
3056 3585 3136 3652 in
3174 3601 3450 3653 exeom-

470 3691 1042 3760 municationem
1080 3693 1384 3778 speciali
1429 3693 1644 3761 modo
1682 3693 1856 3762 Sedi
1896 3694 2367 3779 Apostolicae
2408 3696 2880 3776 reservatam,
2928 3711 2976 3760 a
3016 3711 3160 3777 qua
3201 3691 3453 3777 nequit

474 3799 628 3866 ullo
655 3800 736 3867 in
767 3818 945 3867 casu
973 3800 1280 3882 absolvi,
1315 3801 1460 3868 nisi
1488 3803 1756 3869 falsam
1792 3802 2429 3870 denuntiationem
2459 3801 2878 3870 formaliter
2909 3801 3448 3879 retractaverit,

473 3912 550 3975 et
608 3908 904 3987 damna,
959 3908 1025 3974 si
1079 3927 1222 3993 qua
1284 3909 1457 3976 inde
1509 3913 1757 3977 secuta
1812 3909 1992 3991 sint,
2049 3928 2188 3994 pro
2231 3909 2517 3975 viribus
2567 3908 3051 3992 reparaverit,
3102 3908 3448 3993 imposita

470 4015 775 4099 insuper
808 4016 1018 4098 gravi
1053 4034 1141 4083 ac
1173 4016 1533 4084 diuturna
1571 4018 2054 4101 poenitentia,
2093 4016 2305 4091 firmo
2349 4015 2811 4101 praescripto
2842 4033 3006 4082 can.
3045 4015 3204 4083 894.

660 4296 683 4331 1
718 4296 784 4347 Ο.
810 4295 861 4355 5,
893 4296 945 4355 7,
971 4297 1037 4357 x,
1067 4299 1140 4348 ac
1164 4296 1407 4347 crimine
1427 4296 1594 4355 talei,
1622 4296 1690 4356 V,
1717 4295 1799 4356 ως
1824 4295 2205 4348 Innocentius
2235 4296 2301 4354 X,
2327 4298 2512 4347 const.
2546 4309 2578 4345 α
2602 4295 2676 4346 ln
2707 4307 2978 4356 supremo
3003 4309 3055 4354 n,
3081 4292 3118 4345 8
3141 4305 3276 4355 apr.
3303 4290 3443 4349 1058.

478 4385 506 4445 1
535 4387 587 4444 1,
617 4384 666 4446 2;
695 4386 839 4437 Pius
867 4386 965 4445 lx,
998 4388 1184 4438 const.
1216 4399 1248 4435 α
1277 4386 1647 4446 Apostolicae
1675 4385 1847 4437 Sedis
1876 4400 1928 4445 11,
1965 4385 2031 4436 12
2056 4389 2169 4438 oct.
2206 4384 2354 4444 1869,
2388 4385 2414 4446 ς
2453 4385 2503 4445 Ι,
2535 4398 2593 4437 n.
2624 4385 2676 4445 9,
2709 4385 2737 4445 ς
2766 4384 2883 4444 111,
2912 4396 2973 4435 n.
3002 4383 3054 4435 3.

645 4481 669 4515 ²
717 4475 781 4527 G.
812 4476 863 4536 3,
896 4476 968 4525 D.
1005 4476 1152 4537 XIX:
1178 4488 1228 4527 c.
1259 4475 1311 4535 7,
1342 4476 1414 4526 D.
1444 4475 1511 4536 L;
1534 4487 1586 4527 c.
1617 4475 1701 4536 25,
1731 4476 1797 4534 X.
1837 4478 1909 4527 de
1943 4476 2268 4536 recor-lpus,
2302 4475 2351 4535 1,
2380 4475 2431 4536 83
2463 4486 2514 4525 c.
2546 4474 2598 4531 6.
2630 4475 2696 4533 x,
2729 4476 2802 4526 do
2831 4475 3279 4536 confirmatione
3313 4471 3441 4524 affl(

476 4564 568 4615 vel
592 4566 813 4622 inutili,
842 4565 924 4624 11,
954 4566 1037 4626 3ος
1057 4578 1107 4616 c.
1133 4566 1185 4626 7,
1213 4567 1279 4624 X,
1308 4567 1379 4617 de
1409 4566 1652 4617 cumino
1674 4566 1840 4625 salsi,
1866 4566 1936 4624 V.
1968 4565 2050 4626 m?
2079 4577 2129 4616 c.
2157 4565 2240 4625 27,
2267 4566 2334 4623 Χ,
2362 4566 2436 4616 de
2458 4565 2767 4616 verborum
2792 4563 3246 4626 unificatione,
3274 4563 3344 4624 V,
3370 4560 3443 4619 ΜΚ

472 4653 850 4705 Innocentius
878 4654 944 4714 X,
977 4657 1161 4706 const.
1200 4669 1232 4703 ι
1258 4652 1331 4703 ln
1360 4665 1632 4714 supremo
1657 4671 1708 4715 n,
1736 4654 1771 4707 8
1797 4667 1925 4715 apr.
1963 4654 2111 4714 1653,
2151 4655 2179 4715 2
2210 4656 2260 4710 1.
2289 4654 2341 4705 2.

646 4747 671 4782 ³
718 4746 783 4797 0.
820 4746 871 4806 3,
913 4746 997 4805 15,
1033 4745 1115 4805 16,
1151 4746 1234 4806 m,
1271 4744 1355 4807 28,
1391 4746 1457 4806 x,
1495 4748 1567 4797 de
1607 4747 1933 4807 reemptio,
1970 4746 2020 4807 Ι,
2056 4746 2106 4807 3ς
2145 4757 2195 4797 c.
2240 4744 2292 4806 6,
2327 4745 2397 4805 X,
2435 4747 2507 4796 de
2539 4744 2981 4806 confirmatione
3012 4743 3156 4795 suu
3191 4744 3289 4795 vel
3323 4744 3439 4793 ωυ-

475 4836 587 4893 ιαε,
626 4834 709 4894 ΙΙ,
745 4835 829 4887 30.

643 4929 670 4963 ⁴
712 4924 777 4977 0.
809 4924 860 4983 7,
888 4925 960 4976 D.
985 4926 1051 4976 L.
