3753 5871
1170 244 1348 296 Liber
1378 243 1684 298 socundus
1724 271 1745 283 ·
1776 246 1866 297 De
1898 246 2175 298 Pmoun
3095 254 3167 312 81

212 433 919 527 administrationem,
945 433 1571 519 praedicationem
1595 434 1804 503 verbi
1829 435 1996 518 Dei,
2022 435 2395 505 festorum
2416 438 2985 523 observantiam,
3015 441 3167 508 cul·

213 545 343 607 tum
375 540 729 623 divinum,
779 542 1193 613 iuventutis
1229 542 1805 626 institutionem,
1846 544 2320 629 disciplinam
2361 546 2934 615 ecclesiasticam
2986 550 3164 617 refe·

213 647 512 713 runtur¹

1468 757 1647 825 CAN.
1683 757 1838 825 302.

354 879 837 948 constituant
878 879 1290 948 Consilium
1327 887 1416 948 ex
1449 880 1694 948 tribus
1733 880 1995 948 saltem
2039 882 2592 966 antiquioribus
2628 887 2705 951 et
2740 844 3163 970 prudentio·

209 985 383 1055 ribus
426 987 944 1071 missionariis,
1006 1006 1316 1071 quorum
1374 989 1844 1071 sententiam,
1894 989 2156 1059 saltem
2205 1007 2338 1075 per
2382 991 2801 1075 epistolam,
2852 995 3168 1064 audiant

204 1094 270 1158 in
294 1093 748 1178 gravioribus
777 1099 858 1162 et
886 1093 1424 1164 difficilioribus
1463 1097 1782 1180 negotiis
1820 1095 1872 1164 ¹.

1461 1275 1637 1342 om.
1683 1275 1839 1342 303.

349 1395 586 1463 Prout
617 1395 877 1463 siverit
906 1395 1453 1480 opportunitas,
1487 1395 1999 1463 missionarios
2036 1395 2299 1466 saltem
2334 1396 2772 1481 praecipuos
2804 1400 2963 1464 tum
2997 1398 3160 1464 reli·

198 1503 413 1588 giosos
443 1508 608 1571 tum
644 1503 1061 1571 saeculares
1090 1502 1377 1588 proprii
1405 1503 1770 1572 territorii
1804 1511 2253 1590 congregent
2282 1504 2504 1573 semel
2533 1504 2795 1572 saltem
2827 1504 2907 1570 in
2935 1522 3158 1589 anno,

203 1615 273 1677 ut
296 1611 576 1695 possint
610 1630 701 1678 ex
739 1610 1194 1696 singulorum
1232 1612 1689 1696 experientia
1719 1615 1797 1680 et
1824 1613 2139 1681 consilio
2169 1613 2528 1682 deducere
2563 1630 2750 1698 quae
2780 1612 2937 1679 sint
2967 1612 3159 1680 ordi-

201 1719 419 1785 nanda
452 1717 861 1803 perfectius
903 1717 956 1786 ³.

1459 1827 1636 1894 om.
1672 1827 1827 1895 304.

351 1947 384 2032 §
429 1953 495 2016 1.
547 1949 867 2034 Legibus
912 1967 1099 2034 quae
1151 1948 1244 2016 de
1288 1948 1588 2016 archivo
1639 1948 2163 2017 constituendo
2216 1949 2607 2035 Episcopis
2650 1950 3157 2035 praescribun-

198 2062 325 2141 tur,
348 2061 576 2126 etiam
603 2057 890 2125 Vicarii
911 2075 1000 2125 ac
1029 2056 1402 2125 Praefecti
1431 2057 1870 2142 Apostolici,
1901 2057 2155 2125 habita
2183 2059 2510 2126 locorum
2537 2076 3163 2203 personarumque

200 2165 481 2249 ratione,
517 2183 752 2250 aeque
784 2167 1158 2233 tenentur.
3245 2250 3255 2260 .

347 2273 380 2355 ξ
424 2274 491 2341 2.
546 2274 847 2342 Pariter
873 2291 1059 2359 quae
1085 2272 1180 2341 de
1207 2272 1564 2342 conciliis
1588 2274 1947 2358 plenariis
1973 2279 2049 2342 et
2075 2275 2654 2359 provincialibus
2677 2293 2843 2344 can.
2874 2275 3028 2343 281-
3030 2276 3161 2343 291

198 2383 809 2465 praescribuntur,
848 2381 1214 2467 applicari
1258 2380 1550 2465 debent,
1590 2399 1919 2467 congrua
1963 2383 2313 2468 congruis
2359 2382 2769 2468 referendo,
2809 2384 3166 2452 conciliis

197 2488 528 2570 plenariis
558 2491 675 2558 vel
710 2489 1207 2575 regionalibus
1239 2495 1314 2558 et
1354 2490 1934 2574 provincialibus
1964 2491 2044 2558 in
2086 2491 2509 2577 regionibus
2543 2492 2815 2561 Sacrae
2849 2492 3163 2578 Congre-

193 2598 452 2679 gationi
481 2600 582 2667 de
613 2597 835 2683 Prop.
872 2598 1058 2666 Fide
1091 2593 1461 2682 subiectis3
1494 2617 1680 2683 quae
1717 2597 1808 2666 de
1852 2598 2150 2685 Synodo
2183 2599 2617 2667 dioecesana
2647 2619 2814 2668 can.
2849 2600 3164 2684 356-362,

198 2701 471 2788 synodo
510 2706 924 2774 vicariatus
980 2705 1392 2792 apostolici3
1427 2707 1555 2774 sed
1619 2706 1908 2774 nullum
1975 2712 2089 2776 est
2148 2707 2622 2791 praefinitum
2680 2713 2973 2793 tempus
3031 2727 3170 2793 pro

194 2809 483 2881 concilii
519 2814 1005 2899 provincia-lis
1041 2819 1116 2882 et
1158 2813 1439 2901 Synodi
1465 2814 1983 2898 celebratione,
2016 2818 2096 2884 et
2124 2834 2444 2884 canones
2475 2816 3003 2899 conciliorum,
3039 2834 3163 2882 a-n·

194 2922 463 3005 tequam
530 2921 1126 3007 promulgentur,
1197 2923 1618 3008 recognosci
1681 2922 1952 2994 debent
2012 2943 2060 2992 a
2128 2922 2362 2994 Sacra
2424 2924 3013 3012 congregatione
3076 2925 3167 2994 de

195 3024 393 3113 Prop.
430 3030 648 3098 Fide.

1454 3136 1633 3207 CAN.
1667 3140 1825 3208 305.
2445 3199 2451 3205 .

349 3255 912 3326 Studiosissime
934 3260 1224 3342 curent,
1252 3264 1563 3327 onerata
1590 3260 1921 3344 graviter
1951 3278 2204 3328 eorum
2230 3261 2709 3340 conscientia,
2746 3267 2832 3330 ut
2856 3280 2946 3328 ex
2977 3262 3165 3328 cbri-

194 3361 438 3432 etiams
469 3365 849 3450 indigenis
880 3383 1009 3434 seu
1036 3365 1303 3435 incolis
1329 3386 1507 3436 suae
1536 3368 1858 3453 regionis
1886 3369 2184 3453 probati
2209 3368 2464 3437 clerici
2494 3369 2637 3437 rite
2667 3369 3169 3437 instituantur

192 3485 268 3535 ac
290 3472 704 3542 sacerdotio
730 3472 1129 3541 initientur
1170 3476 1224 3542 ⁴.

1449 3582 1639 3650 CAN.
1677 3582 1831 3650 306.

348 3705 632 3775 Missae
668 3706 1114 3774 sacrificium
1158 3725 1298 3792 pro
1338 3707 1636 3792 populis
1680 3707 1824 3775 sibi
1854 3708 2269 3775 commissis
2304 3708 2683 3800 applicare
2718 3706 2987 3775 debent
3032 3708 3169 3774 sal·

191 3815 321 3879 tem
345 3816 425 3881 in
448 3815 1084 3884 sollemnitatibus
1108 3816 1176 3881 N
1180 3814 1552 3884 ativitatis
1578 3815 1907 3900 Domini,
1938 3814 2429 3900 Epiphaniae,
2462 3814 2878 3898 Pascbatis,
2905 3817 3172 3882 Ascen-

194 3919 428 4005 sionis‚
480 3923 986 4005 Pentecostes,
1038 3923 1491 3997 sanctissimi
1536 3923 1892 4007 Corporis
1949 3922 2260 4006 Christi,
2324 3923 2855 3990 Immaculatae
2905 3922 3173 3991 Conce-

195 4027 455 4107 ptionis
517 4035 600 4098 et
659 4030 1216 4114 Assumptionis
1266 4030 1545 4098 Beatae
1608 4030 1893 4097 Mariae
1944 4030 2305 4115 Virginis,
2375 4029 2632 4097 Sancti
2686 4028 2953 4113 Ioseph
3016 4029 3178 4097 eius

343 4254 362 4289 ²
398 4254 682 4307 Clemens
721 4256 819 4317 IX,
852 4261 1037 4310 const.
1075 4273 1105 4307 ι
1136 4257 1548 4317 Speculatores
1577 4272 1627 4319 ι,
1669 4258 1734 4310 13
1771 4261 1921 4319 sept.
1957 4257 2104 4320 166&
2139 4256 2198 4310 S.
2236 4257 2302 4310 G.
2337 4258 2412 4310 de
2447 4259 2617 4319 Prop.
2664 4258 2808 4310 Fide
2850 4258 2938 4318 (c.
2971 4259 3036 4309 P.
3072 4270 3176 4317 pro

194 4338 347 4401 sin).
383 4344 450 4397 13
479 4356 624 4406 aug.
659 4345 807 4406 1069,
840 4346 919 4397 ad
957 4346 1009 4407 3:
1051 4346 1137 4405 (C.
1177 4347 1289 4407 Ρ.),
1327 4347 1392 4397 14
1427 4347 1545 4398 ian.
1580 4346 1728 4399 1708.

339 4434 366 4471 ²
405 4434 465 4485 S.
507 4433 580 4485 C.
613 4434 689 4486 de
726 4434 896 4494 Prop.
939 4435 1103 4491 Fide.
1134 4436 1306 4487 lustr.
1348 4436 1451 4494 (ad
1484 4436 1607 4488 Vlc.
1643 4437 1752 4496 Δρ.
1788 4436 2015 4487 Indiar.
2052 4437 2327 4497 orient),
2358 4435 2393 4488 8
2432 4439 2579 4497 sept.
2614 4436 2763 4496 1869,
2797 4449 2855 4487 ιι.
2888 4436 2971 4497 27ς
3003 4436 3174 4487 lustr.

199 4520 289 4575 (ad
313 4523 432 4575 Vic.
460 4527 578 4586 Δρ.
607 4523 779 4586 Sim),
804 4525 870 4576 18
896 4528 1010 4576 oct.
1039 4524 1185 4584 1883.
1212 4537 1270 4575 ιι.
1301 4525 1452 4586 xlv:
1476 4526 1647 4576 instr.
1685 4525 1798 4585 (ad
1821 4526 1927 4587 Ep.
1963 4526 2188 4577 Indlar.
2216 4525 2490 4586 orient),
2517 4527 2584 4578 19
2614 4529 2789 4577 mart.
2819 4524 2967 4583 1893.
2998 4537 3055 4574 ιι.
3090 4525 3172 4574 ΙΙ.

337 4614 365 4649 ³
406 4611 468 4663 S.
510 4612 582 4664 C.
616 4612 690 4664 de
723 4613 893 4673 Prop.
926 4613 1072 4664 Fide
1118 4612 1207 4671 (0.
1243 4613 1306 4664 P.
1341 4624 1447 4673 pro
1480 4612 1603 4665 Sin.
1636 4641 1705 4651 -
1734 4615 2041 4674 Tunkln.),
2073 4615 2140 4665 12
2169 4615 2290 4666 iun.
2332 4614 2481 4680 1704,
2513 4627 2571 4665 ιι.
2605 4616 2654 4674 1;
2694 4613 2782 4673 (C.
2827 4613 2942 4672 G.).
2974 4615 3007 4664 9
3035 4611 3178 4661 mali

191 4696 325 4760 lm:
354 4701 531 4753 instr.
568 4701 636 4753 23
667 4713 798 4753 nov.
833 4700 982 4761 1845,
1024 4714 1083 4752 ιι.
1118 4701 1170 4763 8;
1202 4702 1374 4753 lustr.
1420 4701 1526 4761 (ad
1555 4703 1679 4754 vic.
1712 4705 1820 4764 Δρ.
1855 4703 2081 4755 Indiar.
2120 4704 2393 4763 orient),
2430 4703 2464 4755 8
2505 4706 2654 4763 sept.
2699 4702 2846 4759 1809.
2883 4713 2940 4751 ιι.
2974 4703 3022 4760 0;
3058 4701 3173 4752 utt.

199 4789 289 4841 (ad
329 4790 611 4850 Archier».
647 4790 1080 4850 Milvauklen.),
1116 4790 1181 4843 29
1211 4791 1317 4842 iul.
1349 4791 1498 4854 1889:
1539 4793 1655 4844 litt.
1698 4794 1918 4854 encyel.
1963 4792 2066 4853 (ad
2101 4793 2207 4854 Ep.
2248 4792 2521 4851 Indiam,
2558 4791 2623 4841 28
2657 4803 2789 4851 aug.
2835 4789 2981 4867 1893.

337 4882 368 4917 ⁴
405 4864 688 4931 Clemens
716 4880 814 4941 IX,
844 4882 1029 4931 const.
1060 4894 1092 4929 a
1118 4877 1531 4939 Speculatores
1560 4896 1610 4941 ι,
1647 4881 1715 4933 13
1741 4884 1891 4942 sept.
1925 4881 2072 4941 1⁶69:
2101 4882 2218 4932 Leo
2247 4881 2393 4931 XIII
2423 4890 2514 4939 ep.
2546 4880 2764 4940 encycl.
2799 4894 2829 4927 ι
2868 4879 2957 4928 Ad
2995 4881 3178 4927 extre·

191 4976 308 5016 mu
338 4967 611 5017 ortes-tu
645 4981 695 5028 2,
725 4968 792 5018 24
819 4968 940 5018 lun.
971 4967 1119 5030 isa&
1157 4966 1216 5021 s,
1248 4969 1313 5020 c.
1344 4970 1421 5022 de
1452 4970 1622 5030 prop.
1657 4970 1821 5031 mue,
1852 4970 1919 5022 28
1953 4982 2085 5021 nov.
2119 4970 2265 5030 10303
2295 4969 2360 5019 22
2392 4955 2541 5019 τουτ’.
2575 4968 2721 5027 ιω3;
2754 4968 2871 5018 ntt.
2920 4966 3022 5025 (aa
3053 4968 3175 5016 vic.

192 5057 290 5112 Δρ.
319 5056 818 5118 Pondicherien.)‚
847 5058 881 5110 3
908 5069 1036 5117 apr.
1065 5058 1213 5120 180ae
1248 5058 1420 5111 lustr.
1463 5058 1804 5120 (Malabar),
1835 5060 1870 5109 2
1902 5060 2023 5110 iun.
2056 5059 2202 5118 18323
2235 5060 2403 5109 instr.
2444 5058 2508 5109 23
2546 5070 2676 5108 nov.
2709 5056 2856 5115 1845:
2894 5055 2980 5114 (C.
3016 5054 3083 5105 G.
3115 5082 3179 5091 -

187 5144 447 5207 Ceylan),
475 5147 546 5199 23
576 5157 711 5207 aug.
743 5146 892 5207 1852,
929 5147 1007 5198 ad
1034 5147 1083 5204 2:
1110 5149 1228 5200 utt.
1275 5148 1378 5208 (ad
1407 5148 1532 5199 Vic.
1563 5150 1671 5208 Δρ.
1705 5148 2099 5208 Pondicher.),
2138 5148 2204 5198 12
2234 5148 2352 5197 iun.
2386 5145 2532 5207 18583
2564 5148 2734 5197 lustr.
2780 5144 2881 5204 (ad
2912 5145 3035 5194 Vic.
3070 5145 3176 5202 Δρ.

194 5232 404 5285 Indiar.
444 5236 727 5297 orient),
756 5235 792 5287 8
818 5239 966 5296 sept.
994 5234 1145 5297 1860,
1175 5250 1234 5288 ιι.
1266 5237 1372 5297 3-5,
1405 5237 1487 5299 2⁰3
1520 5237 1689 5289 lustr.
1732 5237 1834 5295 (ad
1865 5238 1989 5288 Vlc.
2023 5238 2130 5296 Δρ.
2167 5236 2338 5295 Sim),
2378 5235 2444 5286 18
2479 5234 2772 5292 oct.·1883‚
2806 5245 2863 5282 ιι.
2898 5233 2967 5292 V:
3006 5234 3176 5282 instr.

196 5322 291 5374 (ad
339 5325 446 5386 Ep.
503 5324 730 5376 Indiar.
796 5325 1070 5387 orient),
1121 5327 1187 5378 19
1233 5329 1407 5378 mart.
1462 5326 1610 5388 1893,
1664 5339 1721 5377 ιι.
1780 5327 1881 5385 IV,
1934 5326 2069 5386 V11;
2120 5327 2236 5376 litt.
2301 5324 2518 5386 encycl.
2593 5322 2695 5382 (ad
2746 5322 2853 5382 Ep.
2907 5320 3179 5379 Indiam,

187 5408 248 5460 Ξ
287 5423 420 5472 aug.
456 5413 618 5464 lm.

309 5556 508 5606 code-r
543 5554 707 5608 lum
743 5556 1044 5608 canonia.
3027 5547 3056 5593 ⁸
