3753 5871
1313 290 1490 342 biber
1519 293 1757 345 Torum
1790 319 1811 331 ·
1847 294 1936 345 De
1975 296 2173 348 Rebus
3155 301 3266 365 258

1566 502 1744 569 CAN·
1786 502 1942 570 880.

444 617 481 703 ξ
526 621 596 688 1.
646 621 822 690 Loci
847 622 1296 691 Ordinarius
1321 624 1436 692 vel
1465 625 1823 711 Superior
1847 628 2239 714 religiosus
2265 630 2340 697 iu
2350 631 2853 702 risdictionem
2888 635 3005 703 vel
3039 635 3257 706 licen·

265 727 447 900 tilam
480 728 577 796 ad
610 728 1020 874 audiendas
1055 732 1556 801 confessiones
1587 753 1679 802 ne
1710 740 2052 804 revocent
2083 740 2222 807 aut
2249 741 2734 826 suspendant,
2773 743 2922 810 nisi
2960 762 3258 829 gravem

260 852 303 900 o
388 852 695 902 causam
757 886 776 904 .

446 942 482 1025 ἕ
526 942 596 1009 2.
644 945 750 1011 At
776 961 1038 1029 graves
1063 946 1157 1014 ob
1181 964 1449 1014 causas
1475 947 1924 1017 ordinarius
1949 956 2197 1035 potest
2232 952 2458 1021 etiam
2491 955 2814 1039 parocho
2840 962 2977 1025 aut
3013 962 3255 1042 poeni·

261 1050 620 1119 tentiario
656 1050 1096 1119 confessarii
1140 1072 1410 1122 munus
1450 1055 1920 1140 interdicere,
1975 1059 2184 1128 salvo
2225 1079 2530 1130 recursu
2573 1063 2654 1130 in
2695 1063 3122 1135 devolutivo
3159 1068 3255 1135 ad

260 1155 523 1225 Sedem
567 1159 1073 1242 Apostolicam
1099 1157 1151 1227 ².
1707 1154 1718 1162 ’

439 1264 475 1347 ξ
520 1264 588 1332 3.
638 1265 709 1331 N
710 1284 806 1332 on
864 1272 1112 1335 tamen
1158 1267 1336 1337 licet
1382 1267 1777 1355 Episcopo,
1837 1271 2260 1341 inconsulta
2310 1273 2499 1345 Sede
2543 1278 3001 1364 Apostolica,
3053 1282 3120 1349 si
3165 1282 3259 1351 de

256 1371 475 1440 domo
525 1372 852 1443 formata
909 1378 1205 1460 agatur,
1268 1377 1610 1444 omnibus
1657 1378 1981 1447 alicuius
2029 1380 2417 1467 religiosae
2464 1384 2728 1453 domus
2775 1387 3254 1457 confessariis

258 1496 409 1546 una
442 1480 668 1548 simul
699 1482 1287 1552 iurisdictionem
1323 1484 1648 1553 adimere
1679 1485 1733 1551 ⁸.

1554 1643 1733 1711 CAN.
1772 1643 1926 1710 881.

434 1766 470 1849 ἕ
522 1768 588 1832 1.
638 1765 909 1834 Omnes
976 1766 1365 1851 utriusque
1426 1766 1608 1834 cleri
1675 1764 2094 1834 sacerdotes
2145 1766 2242 1834 ad
2283 1766 2693 1834 audiendas
2754 1765 3254 1833 confessiones

254 1873 654 1959 approbati
681 1873 760 1940 in
785 1873 1040 1959 aliquo
1066 1874 1251 1957 loco,
1289 1864 1443 1943 si've
1477 1873 1857 1942 ordinaria
1888 1875 2041 1942 sive
2066 1873 2407 1959 delegata
2431 1870 2948 1942 iurisdictione
2976 1873 3248 1941 instru-

249 1984 380 2064 cti,
425 1986 745 2066 possunt
782 1982 1008 2049 etiam
1047 2000 1274 2068 vagos
1311 2000 1400 2050 ac
1449 1982 1879 2068 peregrinos
1926 2001 2016 2051 ex
2058 1982 2214 2050 alia.
2249 1982 2566 2051 dioecesi
2614 1982 2731 2050 vel
2771 1982 3114 2067 paroecia
3154 1981 3251 2049 ad

253 2107 408 2157 sese
451 2089 909 2172 accedentes,
957 2090 1278 2175 itemque
1331 2090 1736 2158 catholicos
1780 2090 2140 2176 cuiusque
2187 2091 2381 2157 ritus
2427 2090 2840 2174 orientalis,
2887 2090 3133 2158 valide
3176 2092 3255 2159 et

252 2195 458 2265 licite
507 2196 884 2264 absolvere
910 2196 963 2263 ⁴.
1827 2258 1830 2263 .

429 2303 467 2386 ξ
513 2302 583 2369 2.
632 2303 781 2383 Qui
811 2302 1266 2371 ordinariam
1297 2301 1571 2372 habent
1602 2303 2031 2371 absolvendi
2067 2306 2537 2388 potestatem,
2570 2309 2885 2390 pooeunt
2913 2304 3253 2374 subditos

249 2410 631 2479 abwlvere
669 2411 940 2496 ubique
968 2414 1340 2479 terrarum
1368 2411 1423 2479 ⁸.

1555 2520 1733 2588 CAN.
1773 2518 1929 2587 882.

426 2637 524 2705 In
553 2637 885 2722 periculo
910 2637 1174 2705 mortis
1197 2655 1449 2706 omnes
1476 2636 1921 2721 sacerdotes,
1951 2637 2128 2706 licet
2151 2638 2250 2705 ad
2274 2637 2774 2706 confessiones
2803 2655 2951 2706 non
2984 2656 3245 2723 appro-

251 2743 432 2828 bati,
468 2745 714 2813 valide
746 2752 822 2813 et
860 2745 1065 2813 licite
1094 2746 1488 2814 absolvunt
1519 2746 1887 2832 quoslibet
1923 2745 2387 2831 poenitentes
2423 2764 2471 2813 a
2512 2746 2894 2831 quibusvis
2926 2748 3250 2831 peccatis

248 2858 380 2922 aut
414 2852 781 2935 censuris,
821 2853 1296 2939 quantumvis
1336 2853 1730 2921 reservatis
1767 2859 1843 2922 et
1881 2853 2220 2938 notoriis,
2262 2854 2558 2921 etiamsi
2597 2873 2948 2941 praesens
2987 2854 3088 2923 sit
3135 2872 3243 2922 sa·

244 2961 506 3030 cerdos
551 2962 1033 3046 approbatus,
1080 2963 1286 3030 salvo
1319 2963 1782 3048 praescripto
1813 2980 1979 3030 can.
2030 2962 2183 3044 884,
2225 2962 2400 3028 2252
2425 2961 2478 3029 ⁸.

246 3169 278 3205 ι
305 3154 602 3206 Admonet
631 3153 751 3205 Noe
788 3169 838 3215 ι,
870 3155 935 3205 11
969 3166 1106 3216 aug.
1138 3153 1286 3214 1735,
1329 3152 1356 3214 3
1385 3154 1437 3213 1,
1467 3153 1518 3215 3;
1547 3153 1817 3205 Clemens
1845 3153 1998 3215 XIV,
2030 3164 2121 3214 ep.
2158 3154 2377 3216 encycl.
2416 3168 2447 3205 α
2482 3153 2660 3205 Decet
2695 3164 2873 3213 quam
2905 3155 3160 3204 maome
3191 3171 3240 3217 ι,

246 3242 309 3295 21
340 3247 493 3304 sept.
529 3241 679 3303 1700,
716 3242 745 3304 3
780 3242 862 3293 24.
1043 3275 1048 3280 ,

227 3327 230 3328 ⁷
427 3333 452 3369 ²
491 3331 813 3393 Gregorius
834 3331 953 3392 XV,
979 3333 1165 3383 const.
1196 3345 1227 3382 α
1253 3329 1640 3381 Imcrutabiu
1667 3344 1718 3392 ι,
1743 3331 1779 3388 ,5
1805 3331 1955 3383 febr.
1985 3331 2133 3393 1022,
2164 3332 2191 3394 3
2224 3333 2275 3394 5;
2301 3333 2681 3385 Innocentius
2708 3333 2781 3393 X,
2810 3337 2996 3385 const.
3034 3348 3066 3384 α
3097 3332 3243 3383 oum

245 3422 400 3473 siout
432 3435 484 3483 s,
513 3422 580 3472 14
601 3421 745 3472 maii
770 3420 919 3482 1048,
950 3419 977 3481 3
1002 3421 1053 3481 4,
1080 3420 1164 3480 11,
1190 3419 1268 3471 ad
1300 3421 1350 3482 2;
1376 3420 1646 3472 Clemens
1675 3420 1743 3480 X,
1769 3423 1957 3472 const.
1991 3436 2023 3472 ι
2047 3421 2318 3482 superna
2344 3437 2395 3482 ι,
2422 3422 2488 3473 21
2516 3424 2637 3473 iun.
2670 3421 2819 3482 1070,
2852 3421 2879 3483 3
2910 3422 2961 3482 5,
2992 3422 3043 3483 0;
3073 3422 3244 3473 Inno-

243 3511 478 3564 centius
507 3510 640 3569 XII,
671 3512 856 3561 const.
889 3524 921 3560 ι
951 3507 1269 3560 Emonam
1302 3523 1353 3570 ι,
1382 3508 1419 3560 0
1447 3512 1596 3570 sept.
1629 3508 1777 3570 1008,
1811 3508 1838 3570 3
1878 3510 1929 3571 1;
1956 3509 2227 3562 Clemens
2263 3510 2398 3570 XII,
2432 3513 2618 3563 const.
2663 3525 2694 3562 α
2723 3510 3009 3561 Admonet
3040 3509 3161 3561 Nos
3190 3526 3240 3573 ι,

242 3600 306 3651 11
336 3612 478 3661 aug.
516 3598 665 3659 1735,
710 3598 737 3660 3
771 3598 876 3659 143:
914 3597 1275 3650 Benedictus
1305 3597 1456 3658 XIV,
1499 3604 1685 3650 const.
1723 3613 1755 3649 ι
1786 3597 1880 3648 Aa
1915 3597 2234 3650 militantis
2267 3614 2318 3660 ι»,
2357 3599 2425 3651 30
2459 3603 2635 3652 mart.
2671 3599 2820 3661 1742,
2859 3599 2886 3661 3
2917 3601 3000 3661 15,
3032 3600 3114 3662 20;
3144 3611 3236 3661 ερ.

241 3691 461 3750 encyci.
489 3703 523 3739 ι
545 3687 945 3747 Δροεεοιίοιιηι
970 3685 1365 3738 ministerium
1391 3702 1441 3748 n,
1469 3688 1537 3740 30
1560 3687 1704 3739 maii
1729 3687 1878 3748 1753,
1908 3687 1935 3749 3
1960 3689 2010 3749 93
2043 3687 2100 3740 S.
2128 3688 2194 3740 Ο.
2229 3688 2338 3748 Ep.
2366 3691 2429 3740 et
2460 3688 2625 3750 neg..
2653 3688 2997 3748 Romaion..
3025 3689 3060 3741 3
3088 3689 3238 3740 febr.

240 3777 386 3839 1500;
417 3777 579 3828 decr.
612 3775 679 3828 20
711 3788 847 3828 nov.
882 3776 1028 3838 1015;
1065 3775 1377 3834 Immone,
1408 3778 1473 3828 11
1512 3788 1640 3837 apr.
1673 3776 1820 3838 1008;
1854 3775 2244 3836 eumen-inea„
2278 3778 2312 3829 9
2342 3776 2466 3829 dec.
2505 3778 2653 3838 1740,
2691 3777 2769 3830 ad
2801 3777 2852 3839 2:
2880 3775 3238 3835 Nicatorem,

239 3867 305 3918 30
328 3869 483 3927 sept.
513 3866 662 3926 1740,
690 3865 769 3917 ad
797 3865 847 3927 3:
876 3866 936 3917 S.
967 3865 1229 3923 niniati,
1257 3866 1325 3918 10
1350 3865 1472 3918 iun.
1502 3865 1649 3927 180ος
1686 3864 1744 3919 S.
1781 3865 1847 3918 Ο.
1885 3864 1973 3926 C.,
2003 3865 2448 3924 Panormitano,
2486 3877 2686 3918 mense
2715 3868 2863 3927 sept.
2902 3867 3051 3927 1585,
3082 3866 3159 3918 ad
3191 3868 3241 3929 4;

241 3955 533 4014 uilem„
567 3955 632 4006 24
663 3957 767 4007 iul.
809 3955 956 4018 16433
989 3955 1044 4007 S.
1088 3955 1157 4007 C.
1191 3954 1266 4007 de
1306 3955 1476 4016 Prop.
1513 3954 1657 4006 Fide
1699 3955 1788 4014 (O.
1827 3954 1944 4016 G.).
1979 3956 2044 4006 11
2077 3954 2202 4006 dec.
2241 3954 2389 4014 1838,
2423 3955 2502 4007 ad
2533 3955 2584 4006 5.

418 4046 445 4084 2
486 4045 806 4108 Gregorius
831 4046 949 4105 XV,
974 4048 1161 4098 const.
1189 4060 1221 4096 ι
1244 4044 1630 4095 Immtabm
1658 4059 1707 4106 n,
1734 4045 1768 4096 5
1792 4044 1944 4097 febr.
1972 4044 2121 4105 1022,
2150 4043 2177 4105 3
2210 4044 2554 4106 5301emens
2583 4043 2719 4105 XII,
2748 4046 2933 4096 const.
2971 4058 3004 4094 ι
3032 4043 3241 4095 Admo-

242 4138 340 4185 net
375 4136 504 4184 Nos
538 4150 588 4195 n,
632 4136 698 4186 11
732 4146 865 4195 aug.
911 4134 1060 4194 1735,
1098 4135 1125 4194 3
1169 4134 1220 4195 1,
1252 4133 1301 4196 83
1337 4133 1396 4185 S.
1433 4133 1498 4186 Ο.
1537 4133 1612 4185 de
1648 4133 1819 4193 Prop.
1863 4132 2010 4185 Fide
2053 4132 2142 4193 (Ο.
2181 4132 2297 4194 (3.),
2335 4134 2400 4184 11
2434 4132 2559 4185 dec.
2601 4131 2749 4192 1838,
2786 4132 2865 4185 ad
2897 4132 2948 4194 5;
2989 4131 3078 4192 (Ο.
3117 4131 3235 4194 G.).,

239 4223 303 4274 11
332 4225 462 4276 dec.
498 4223 646 4284 1830,
677 4223 757 4276 ad
784 4224 835 4273 4.

414 4315 442 4351 ³
483 4314 866 4365 Innocentius
899 4313 968 4371 X,
1001 4314 1186 4364 const.
1227 4328 1257 4362 ι
1291 4311 1436 4362 Cum
1467 4311 1621 4362 sicut
1651 4326 1700 4373 ι,
1740 4311 1806 4362 14
1834 4312 1978 4362 mali
2010 4311 2158 4372 1048,
2194 4310 2221 4372 3
2254 4311 2305 4372 4,
2343 4311 2426 4370 11,
2459 4310 2534 4362 ad
2566 4311 2616 4372 1;
2646 4310 2915 4362 Clemens
2944 4310 3010 4370 X,
3047 4313 3233 4363 const.

241 4417 271 4452 α
294 4403 571 4463 superna
596 4417 646 4463 n,
676 4402 742 4453 21
767 4402 887 4454 iun.
919 4401 1068 4461 1070,
1099 4403 1126 4462 3
1161 4402 1209 4464 0;
1238 4401 1619 4453 Innocentius
1643 4401 1776 4461 XII,
1804 4404 1990 4453 const.
2029 4414 2060 4451 α
2086 4399 2402 4451 Emonam
2439 4416 2489 4462 ι,
2516 4400 2551 4453 0
2576 4402 2724 4460 sept.
2755 4399 2903 4460 1098,
2937 4399 2964 4461 3
2994 4401 3044 4460 13
3075 4397 3132 4451 S.
3166 4400 3233 4451 Ο.

243 4491 346 4552 Ep.
394 4495 463 4546 et
500 4491 666 4554 Rex..
714 4492 868 4544 decr.
909 4490 976 4543 a)
1010 4504 1142 4543 nov.
1180 4491 1327 4553 1015;
1373 4490 1642 4548 Samen„
1680 4490 1746 4542 24
1782 4501 1910 4550 apr.
1951 4490 2097 4552 1071;
2136 4489 2445 4549 lusitano,
2486 4491 2551 4541 11
2588 4501 2714 4550 apr.
2755 4488 2902 4550 169&
2938 4486 3236 4538 mmmm

242 4580 720 4638 observantium,
754 4580 820 4632 28
850 4593 981 4633 nov.
1015 4580 1162 4642 17323
1194 4579 1254 4631 S.
1294 4579 1567 4633 Deodau.
1603 4580 1668 4632 13
1700 4582 1876 4631 mart.
1913 4579 2061 4632 1800.

413 4674 442 4708 ⁴
479 4669 751 4722 Clemens
783 4671 848 4730 X,
890 4673 1075 4723 const.
1113 4686 1145 4722 ι
1182 4669 1454 4730 superna
1487 4684 1536 4731 ι,
1569 4669 1634 4720 21
1676 4669 1797 4720 iun.
1832 4636 1982 4729 1070,
2020 4669 2047 4731 3
2082 4669 2132 4729 ⁷:
2168 4668 2226 4720 S.
2260 4668 2325 4720 C.
2362 4667 2419 4720 S.
2453 4667 2591 4728 Off..
2631 4666 2697 4719 28
2723 4680 2857 4718 nov.
2889 4667 3037 4726 1725,
3074 4665 3153 4718 ad
3185 4665 3236 4728 7:

242 4761 299 4812 S.
337 4762 405 4814 C.
444 4761 536 4822 0.,
577 4760 827 4819 Vilnen„
867 4761 931 4812 25
972 4760 1093 4811 iun.
1134 4760 1282 4821 1030,
1320 4760 1399 4811 ad
1436 4760 1486 4820 5,
1521 4757 1708 4818 Burni
1754 4758 1814 4809 S.
1855 4757 2144 4817 sepulcri,
2183 4757 2250 4810 20
2293 4760 2444 4819 sept.
2487 4757 2635 4817 1008,
2685 4756 2763 4808 ad
2792 4757 2843 4816 3,
2875 4757 2926 4817 4;
2962 4756 3020 4808 S.
3056 4754 3123 4807 G.
3161 4755 3235 4807 de

241 4849 410 4911 Prop.
458 4849 625 4911 Fide,
678 4849 847 4901 instr.
900 4849 1002 4909 (ad
1050 4848 1322 4909 Archiep.
1366 4848 1693 4909 meppea),
1734 4848 1768 4898 2
1819 4848 1939 4898 iun.
1982 4846 2129 4909 1835;
2178 4846 2267 4907 (Ο.
2306 4845 2423 4908 G.).
2466 4847 2531 4897 11
2563 4845 2687 4897 dec.
2719 4845 2868 4906 1838,
2912 4845 2990 4896 ad
3034 4844 3118 4904 12,
3154 4845 3236 4906 13:

239 4938 410 4990 instr.
455 4938 560 4999 (ad
591 4938 789 5000 Deles.
821 4939 930 4998 Ap.
962 4937 1258 4999 Aegypti),
1293 4937 1358 4989 30
1388 4949 1515 4998 apr.
1549 4936 1696 4997 1802,
1730 4948 1788 4987 n.
1821 4936 1895 4986 2⁰.

416 5030 444 5066 ⁸
483 5027 838 5079 Bene‘dictus
866 5028 1017 5085 XIV.
1047 5029 1232 5079 const.
1267 5042 1297 5076 ι
1325 5027 1458 5078 Etsi
1495 5025 1815 5086 pastoralis
1844 5041 1894 5085 n,
1933 5025 2000 5078 m
2025 5026 2172 5076 maii
2199 5025 2348 5085 1742,
2384 5024 2411 5086 3
2451 5025 2521 5085 V,
2554 5037 2612 5076 n.
2649 5024 2719 5084 V,
2751 5023 2852 5085 V1;
2883 5034 2975 5083 ep.
3008 5024 3229 5084 encycl.

242 5131 272 5165 α
302 5116 704 5177 Apostolicum
737 5116 1132 5166 ministerium
1166 5131 1216 5172 t.
1254 5117 1320 5167 30
1354 5117 1498 5167 mali
1533 5116 1681 5176 1753,
1722 5117 1748 5176 3
1784 5115 1865 5177 222
1900 5115 1959 5167 S.
2005 5114 2070 5166 C.
2107 5114 2195 5175 C.,
2236 5113 2516 5165 Civitatis
2552 5112 2769 5170 Plebis,
2814 5114 2882 5165 19
2917 5112 3036 5163 ian.
3085 5111 3233 5174 :lom

243 5200 427 5266 Burei
459 5206 520 5257 S.
557 5205 845 5266 sepulcr-i,
879 5206 946 5258 20
977 5209 1126 5266 sept.
1165 5205 1315 5266 1008,
1351 5206 1428 5257 ad
1469 5206 1521 5265 3,
1557 5207 1605 5266 4;
1639 5204 2014 5263 Ροηιαπίεπ..
2047 5205 2114 5256 10
2152 5216 2308 5264 nov..
2342 5203 2377 5256 3
2418 5203 2541 5255 dec.
2576 5201 2725 5263 1707,
2762 5201 2839 5253 ad
2872 5202 2923 5264 1;
2959 5200 3018 5254 S.
3055 5200 3121 5253 Ο.
3159 5200 3233 5252 de

242 5295 410 5357 Prop.
449 5294 595 5348 Fide
635 5295 726 5354 (C.
764 5295 828 5346 P.
864 5305 970 5355 pro
1008 5294 1179 5356 Sin),
1217 5295 1252 5347 3
1285 5295 1409 5347 dec.
1446 5295 1593 5348 1835.

419 5388 447 5425 ⁸
477 5384 540 5438 G.
577 5386 660 5447 14,
698 5384 764 5436 Ο.
800 5384 999 5445 XXVI,
1033 5397 1088 5446 q.
1124 5384 1175 5446 0;
1204 5395 1255 5436 c.
1292 5386 1343 5445 1,
1379 5385 1451 5435 de
1486 5382 1834 5445 primianus,
1870 5384 1940 5445 V,
1975 5382 2027 5444 ’7,
2065 5382 2128 5433 in
2163 5382 2485 5443 Extravag.
2520 5392 2688 5443 com.;
2728 5379 2903 5432 Oonc.
2939 5377 3226 5438 Trident„

241 5481 383 5527 se..
416 5475 567 5538 XIV,
600 5477 672 5527 do
702 5474 1087 5535 monitorum,
1114 5485 1165 5527 c.
1205 5473 1255 5536 73
1283 5474 1666 5528 Innocentius
1702 5473 1835 5535 XII,
1866 5475 2053 5525 const.
2089 5487 2120 5524 α
2153 5471 2300 5523 Cum
2338 5471 2494 5522 sicut
2526 5484 2577 5532 ι,
2612 5470 2679 5522 10
2707 5480 2835 5530 apr.
2870 5468 3018 5529 1700;
3049 5467 3229 5519 Bene-
