3753 5871
481 306 679 350 xxxvx
1617 292 1813 343 code-v
1861 291 2022 343 tuo-te
2061 291 2341 343 canonici

484 480 1046 569 disceptandum
1081 480 1498 551 commissa.
1535 479 1847 550 Praeses
1888 477 2059 551 vero
2086 480 2179 550 de
2212 478 2526 570 singulis
2565 481 2999 568 canonibus,
3032 482 3108 552 in
3147 483 3486 573 quolibet

478 625 631 692 voto
689 621 887 711 typis
933 610 1300 709 exscripto
1372 621 1794 711 propositis,
1843 619 2345 706 consultores,
2389 621 2616 693 alium
2673 642 2763 693 ex
2818 622 2989 710 alio,
3036 625 3479 696 sententiam

480 765 812 856 rogabat,
861 786 1085 855 quam
1134 785 1298 836 cum
1348 765 1663 856 quisque
1698 764 1926 836 libere
1974 764 2405 855 aperuisset,
2454 766 2580 855 qui
2621 767 2716 836 ab
2756 766 2941 837 actis
2981 774 3140 838 erat
3176 769 3486 861 diligen-

481 906 763 978 tissime
798 906 1315 997 perscribebat.
1351 907 1584 978 Nemo
1617 927 1770 977 non
1803 906 2022 993 videt,
2046 907 2108 978 si
2142 908 2394 980 eadem
2432 928 2568 991 reS,
2597 908 2800 979 nulla
2834 910 3241 983 mutatione
3271 912 3485 983 indu-

478 1055 618 1134 cta,
650 1050 989 1140 sequenti
1037 1050 1501 1122 hebdomade
1541 1050 1633 1120 ad
1687 1050 2020 1141 singulos
2053 1050 2328 1143 Coetus
2359 1050 2605 1121 delata
2622 1058 2852 1136 esset,
2884 1052 3209 1124 futurum
3246 1055 3482 1143 profe-

475 1198 595 1264 cto
658 1192 881 1279 uisse,
916 1199 995 1264 ut
1027 1199 1099 1264 et
1131 1193 1535 1283 disputatio
1580 1193 1656 1263 in
1704 1193 1893 1264 idem
1941 1193 2246 1265 confuse
2293 1194 2653 1265 recideret
2691 1199 2764 1265 et
2809 1195 3179 1284 inceptum
3227 1196 3479 1268 minus

477 1337 1060 1426 progrederetur.
1097 1336 1364 1422 Quare,
1395 1335 1493 1406 ad
1537 1336 2081 1407 cunctationem
2114 1356 2405 1408 omnem
2442 1335 2940 1420 devitandam,
2974 1338 3285 1409 Praeses
3314 1338 3478 1427 ipse

478 1496 565 1547 ex
615 1476 839 1548 variis
885 1498 1252 1550 canonum
1303 1478 1826 1565 schematibus,
1858 1479 2143 1550 ratione
2189 1479 2445 1549 habita
2471 1483 2789 1549 votorum
2833 1486 2907 1551 et
2937 1480 3471 1552 sententiarum

476 1619 837 1712 cuiusque
871 1621 1353 1707 Consultoris,
1385 1621 1625 1712 iisque
1670 1620 1944 1692 additis
1989 1627 2120 1693 aut
2166 1622 2425 1693 deletis
2470 1643 2664 1712 quae
2695 1623 3038 1695 addenda
3067 1625 3476 1696 delendave

477 1764 618 1837 sibi
665 1764 1115 1849 viderentur,
1161 1785 1395 1836 unum
1443 1764 1748 1836 schema
1793 1771 2082 1836 mature
2128 1763 2584 1851 conficiebat,
2629 1771 2734 1849 nt,
2782 1764 2927 1836 cito
2975 1765 3168 1856 typis
3213 1769 3479 1838 exscri-

476 1911 709 1994 ptum,
739 1910 993 1995 posset
1037 1904 1286 1976 statim
1318 1927 1359 1975 a
1398 1904 1966 1976 Consultoribus
1998 1905 2194 1975 domi
2214 1905 2596 2003 ‚perpendi
2627 1911 2701 1976 et
2740 1904 3153 1997 insequenti
3199 1908 3475 1978 hebdo-

476 2048 691 2120 made
738 2045 1231 2120 communiter
1276 2045 1690 2135 disceptari.
1723 2045 1813 2116 Et
1845 2046 1951 2116 ita
1980 2019 2221 2135 porro,
2254 2046 2489 2117 donec
2523 2046 3001 2120 Consultores
3031 2048 3122 2119 de
3153 2048 3477 2121 formula

474 2189 783 2261 canonis
832 2189 1344 2279 componenda
1387 2189 1580 2259 inter
1626 2208 1708 2260 se
1755 2187 2328 2260 consensissent.
2381 2188 2847 2278 Quapropter
2892 2189 3076 2260 nihil
3137 2190 3213 2260 in
3275 2212 3472 2263 novo

475 2331 745 2404 Codice
791 2331 1079 2423 legitur,
1125 2298 1326 2422 quod
1372 2352 1525 2402 non
1571 2336 1835 2421 quater
1881 2330 1994 2404 vel
2049 2331 2466 2421 quinquies,
2512 2352 2602 2403 eo
2660 2333 2880 2403 modo
2927 2354 3076 2423 quo
3122 2332 3470 2420 diximus,

477 2473 964 2564 disceptatum
1016 2474 1133 2559 sit,
1180 2473 1408 2545 immo
1453 2473 1672 2545 etiam
1725 2479 1799 2545 et
1844 2473 2093 2546 decies
2139 2480 2208 2545 et
2255 2473 2676 2562 duodecies,
2709 2474 2771 2545 si
2804 2473 2983 2565 quid
3028 2477 3472 2548 occurrisset

471 2617 1028 2691 difficultatibus
1095 2617 1551 2709 implicitum.
1609 2617 1829 2703 Quod
1888 2616 1950 2688 si
2022 2617 2209 2690 forte
2269 2617 2344 2687 in
2403 2616 2654 2707 aliquo
2708 2638 2991 2691 canone
3050 2618 3467 2691 definiendo

473 2759 889 2832 communis
933 2759 1187 2830 deerat
1230 2777 1666 2845 consensus,
1711 2759 1809 2829 ad
1855 2758 2296 2830 sententiam
2348 2758 2650 2829 maioris
2696 2758 2927 2847 partis
2973 2758 3089 2831 vel
3145 2760 3241 2831 ad
3285 2760 3469 2832 iuris

473 2901 854 2976 constituti
888 2922 1222 2974 normam
1255 2922 1497 2974 canon
1531 2901 2024 2993 redigebatur,
2053 2900 2387 2974 subiecta
2416 2906 2664 2973 tamen
2700 2900 3065 2973 sententia
3098 2902 3213 2974 vel
3243 2901 3470 2974 mino·

471 3046 574 3117 ris
620 3045 855 3137 partis
901 3045 1016 3116 vel
1071 3063 1117 3115 a
1170 3045 1329 3116 iure
1392 3044 1795 3115 constituto
1858 3043 2121 3114 aliena.
2171 3043 2505 3127 Schema,
2556 3044 2661 3114 ita
2718 3064 2765 3114 a
2824 3042 3177 3133 peculiari
3233 3043 3468 3116 Coetu

472 3188 988 3278 compositum,
1019 3188 1115 3258 ad
1161 3186 1548 3259 universos
1584 3186 1885 3277 Collegii
1914 3185 2395 3257 Consultores
2429 3187 2874 3271 mittebatur,
2905 3192 2991 3258 ut
3021 3207 3232 3259 suam
3266 3187 3469 3278 quis·

474 3351 619 3420 que
667 3329 1106 3402 sententiam
1158 3328 1431 3419 scripto
1480 3329 1848 3418 aperirent
1879 3334 1952 3400 et
1983 3329 2145 3413 hoc,
2173 3328 2367 3399 intra
2397 3334 2676 3401 certum
2710 3329 3085 3418 quoddam
3115 3331 3469 3419 temporis

471 3473 818 3563 spatium,
865 3473 962 3544 ad
1009 3472 1272 3543 Emum
1325 3471 1540 3544 Card.
1590 3470 1942 3563 Gasparri
1990 3472 2499 3561 perferendum
2562 3477 2924 3543 curarent.
2974 3472 3326 3557 Tandem,
3373 3473 3469 3543 de

468 3615 841 3688 schemate
874 3617 1112 3705 deque
1157 3614 1507 3687 subiectis
1538 3613 1768 3686 totius
1794 3614 2318 3686 Consultorum
2346 3611 2644 3705 Collegii
2677 3612 3468 3699 animadversionibuS,

467 3781 656 3849 quas
703 3760 896 3831 idem
932 3758 1145 3829 Card.
1179 3757 1525 3847 Gasparri
1575 3763 1746 3829 ante
1795 3757 2303 3846 perpenderat,
2333 3756 2496 3826 Emi
2532 3756 2788 3827 Patres
2820 3777 2859 3826 e
2893 3756 3241 3846 peculiari
3276 3755 3467 3827 Con·

467 3901 660 3989 silio,
688 3877 781 3974 de
827 3922 976 3992 quo
1022 3921 1246 3991 supra
1295 3900 1637 3984 diximus,
1671 3898 1786 3970 bis
1818 3898 2076 3969 saltem
2113 3899 2659 3989 cognoscebant
2689 3920 3056 3988 suumque
3088 3905 3466 3989 postremo

467 4047 801 4120 ferebant
845 4045 1297 4135 suffragium.

645 4190 955 4273 Interea,
1002 4208 1168 4259 cum
1219 4186 1389 4257 novi
1441 4186 1733 4257 Codicis
1782 4191 2032 4277 partes
2078 4187 2438 4277 gradatim
2488 4188 2585 4258 ad
2631 4187 2853 4258 finem
2902 4188 3468 4273 adducerentur,

470 4334 824 4404 Summus
872 4331 1211 4402 Pontifex
1261 4330 1440 4400 Pius
1486 4329 1552 4399 X
1599 4329 1992 4420 praecepit,
2022 4335 2108 4401 ut
2153 4331 2243 4402 de
2292 4332 2625 4403 confecto
2675 4348 2896 4420 opere
2928 4331 3461 4421 Episcoporum

462 4475 691 4547 totius
755 4473 1095 4546 catholici
1165 4474 1366 4545 orbis
1428 4472 1775 4545 iudicium
1850 4472 2379 4564 exquireretur,
2439 4474 2764 4564 itemque
2825 4473 3140 4544 Praelati
3203 4495 3468 4546 omnes

465 4616 911 4707 regularium
964 4615 1351 4702 Ordinum,
1395 4615 1522 4706 qui
1590 4614 1909 4707 legitime
1970 4617 2066 4687 ad
2127 4614 2697 4700 oecumenicum
2761 4615 3167 4687 Concilium
3214 4618 3467 4687 vocari

461 4760 725 4845 solent,
794 4758 1237 4829 sententiam
1300 4765 1759 4847 rogarentur.
1810 4758 2072 4829 Allatis
2133 4758 2354 4850 igitur
2413 4760 2508 4829 ad
2569 4758 2955 4830 Antistites
3016 4778 3147 4829 eos
3204 4779 3464 4829 omnes

458 4909 618 4973 tum
668 4901 906 4991 primo
969 4907 1042 4972 et
1102 4903 1335 4972 altero
1388 4900 1681 5008 Codicis
1743 4899 1956 4986 libro,
2004 4907 2160 4971 tum
2227 4901 2493 4974 deinde
2553 4901 2771 4973 tertio
2833 4907 2907 4972 et
2965 4905 3255 4991 quarto,
3303 4907 3458 4971 tum

462 5044 780 5134 denique
829 5045 1110 5134 quinto,
1151 5044 1510 5115 admoniti
1560 5044 1605 5114 ii
1657 5050 1854 5129 sunt,
1885 5044 2284 5129 volumina,
2318 5046 2657 5116 condicto
2708 5052 3060 5134 tempore,
3092 5043 3461 5116 remittere

458 5185 555 5254 ad
621 5185 1122 5274 Apostolicam
1186 5185 1448 5255 Sedem
1516 5185 1807 5270 vellent,
1871 5184 2142 5255 additis
2202 5185 2291 5256 iis
2352 5185 2626 5274 scripto
2693 5184 3460 5256 animadversionibus

460 5347 649 5418 quas
698 5332 1155 5418 opportunas
1201 5327 1674 5401 iudicassent.
1718 5326 1927 5413 Quae
1966 5325 2290 5418 quidem,
2339 5331 2732 5418 postquam
2784 5327 3014 5422 Emus
3063 5326 3279 5399 Card.
3320 5326 3460 5398 Ga·

455 5467 691 5561 sparri
741 5469 876 5544 rite
922 5490 1049 5545 eas
1104 5470 1552 5561 expenderat
1613 5469 1839 5564 inque
1893 5491 2126 5544 unum
2212 5469 2626 5564 collegerat,
2674 5470 2768 5543 ad
2817 5469 3045 5545 Emos
3093 5469 3350 5544 Partes
3416 5489 3456 5540 e
