3753 5871
495 368 606 428 344
1630 369 1826 421 codem
1871 369 1903 421 1
1906 369 2034 422 um
2073 369 2354 422 canonio(

1665 701 2090 772 TITULUS
2148 702 2317 769 XII.

1469 839 1573 906 De
1617 840 1986 925 sepultura
2029 839 2520 908 ecclesiastiea.

1773 1013 1950 1081 cm.
2002 963 2196 1081 1203.

678 1136 711 1217 ξ
759 1138 825 1201 1.
875 1134 1243 1204 Fidelium
1294 1136 1814 1204 defunctorum
1854 1154 2169 1221 corpora
2209 1135 2627 1221 sepelienda
2678 1139 2880 1220 sunt,
2929 1136 3324 1221 reprobata
3372 1152 3483 1203 eo·

501 1242 806 1310 rundem
837 1244 1285 1311 crematione
1319 1242 1372 1313 ¹.

679 1351 711 1431 ξ
758 1350 824 1415 2.
877 1350 960 1418 Si
994 1352 1159 1435 quis
1195 1351 1451 1435 quovis
1485 1351 1700 1419 modo
1740 1351 2204 1419 mandaverit
2239 1355 2323 1418 ut
2355 1368 2626 1434 corpus
2667 1369 2883 1418 suum
2915 1355 3309 1430 cremetur,
3345 1349 3486 1417 illi·

499 1457 730 1526 citum
779 1462 893 1527 est
949 1458 1139 1525 hanc
1195 1459 1494 1543 exsequi
1539 1459 2021 1542 voluntatem3
2072 1476 2257 1543 quae
2308 1458 2375 1525 si
2421 1459 2714 1526 adiecta
2759 1457 2993 1528 fuerit
3038 1457 3485 1539 contractui,

500 1569 946 1634 testamento
981 1571 1114 1634 aut
1155 1566 1288 1633 alii
1325 1566 1633 1634 cuilibet
1672 1566 1901 1647 actui,
1947 1571 2302 1651 tanquam
2355 1585 2502 1634 non
2552 1566 2843 1656 adiecta
2886 1566 3246 1634 habeatur
3278 1561 3332 1632 ².

1763 1723 1941 1791 CAN.
1995 1723 2189 1790 1204.

676 1845 1080 1929 Sepultura
1117 1846 1618 1914 ecclesiastica
1661 1847 2007 1915 consistit
2046 1848 2122 1913 in
2162 1846 2545 1915 cadaveris
2591 1847 3086 1916 translatione
3122 1848 3220 1916 ad
3268 1847 3483 1916 eccle·

502 1951 713 2034 siam,
749 1954 1115 2039 exsequiis
1151 1973 1373 2039 super
1404 1955 1593 2023 illud
1624 1956 1705 2022 in
1746 1956 1997 2023 eadem
2038 1955 2454 2036 celebratis,
2490 1955 2697 2023 illius
2727 1955 3188 2040 depositione
3218 1957 3299 2023 in
3332 1956 3493 2024 loco

499 2059 826 2142 legitime
859 2061 1217 2145 deputato
1254 2062 1594 2131 fidelibus
1634 2062 2010 2131 defunctis
2044 2062 2447 2131 condendis
2475 2061 2529 2131 ⁸.

1814 2293 2076 2361 CAPUT
2116 2294 2182 2361 Ι.

1661 2415 1771 2483 De
1821 2416 2300 2484 coemeteriis.

1772 2592 1950 2660 CAN.
2010 2592 2205 2658 1205.

679 2711 712 2793 ξ
761 2713 826 2777 1.
876 2713 1257 2780 cadavera
1300 2712 1626 2780 fidelium
1681 2713 2103 2797 sepelienda
2154 2716 2329 2779 sunt
2371 2713 2451 2780 in
2493 2710 2932 2780 coemeterio
2975 2709 3193 2795 quod,
3239 2725 3486 2776 secun·

500 2818 675 2884 dum
718 2819 909 2886 ritus
948 2820 1026 2885 in
1065 2821 1398 2903 probatis
1443 2821 1815 2903 liturgicis
1860 2821 2075 2888 libris
2112 2820 2458 2897 traditos,
2498 2820 2599 2887 sit
2634 2818 3124 2898 benedictum,
3164 2816 3318 2884 sive
3355 2815 3490 2884 sol·

506 2928 727 2995 lemni
760 2928 911 2996 sive
939 2928 1258 3013 simplici
1291 2928 1797 2997 benedictione
1828 2929 2046 2996 abiis
2072 2929 2252 2997 data
2283 2928 2374 2997 de
2410 2927 2674 3013 quibus
2705 2928 2784 2994 in
2808 2945 2973 2994 can.
3005 2925 3203 3009 1155,
3238 2922 3412 2990 1156
3438 2920 3492 2987 ⁴.

683 3035 714 3116 ἓ
761 3036 829 3102 2.
879 3037 970 3103 In
1001 3037 1330 3104 ecclesiis
1361 3036 1723 3104 cadavera
1754 3055 1845 3104 ne
1876 3036 2357 3120 sepeliantur,
2394 3036 2540 3102 nisi
2578 3039 2850 3120 agatur
2881 3034 2973 3101 de
3011 3031 3495 3100 cadaveribus

495 3144 1025 3228 Episcoporum
1059 3143 1672 3225 residentialium,
1703 3145 2076 3212 Abbatum
2100 3144 2216 3212 vel
2241 3143 2756 3211 Praelatorum
2783 3141 3067 3211 nullius
3090 3143 3169 3207 in
3193 3139 3502 3224 propria

503 3251 811 3319 ecclesia
864 3253 1328 3337 sepeliendis,
1384 3254 1503 3321 vel
1558 3252 1876 3320 Romani
1932 3252 2343 3337 Pontificis‚
2409 3252 2768 3335 regalium
2825 3267 3309 3335 persona-rum
3365 3251 3502 3313 aut

504 3359 580 3427 S.
619 3359 708 3426 R.
748 3361 836 3427 Ε.
874 3360 1385 3428 cardinalium
1409 3360 1460 3427 ³.

1772 3468 1950 3536 CAN.
2001 3467 2194 3533 1206.

684 3593 716 3673 §
766 3595 830 3658 1.
882 3593 1014 3660 Ius
1045 3598 1160 3660 est
1198 3592 1608 3660 catholicae
1650 3591 2028 3659 Ecclesiae
2065 3557 2487 3674 possidendi
2531 3588 2837 3674 propria
2868 3586 3305 3655 coemeteria
3335 3584 3388 3652 ⁸.

681 3699 715 3782 ξ
761 3699 830 3766 2.
883 3700 1136 3767 Sicubi
1174 3700 1309 3768 hoc
1351 3699 1728 3767 Ecclesiae
1767 3699 1887 3765 ius
1934 3699 2256 3766 violetur
2294 3715 2428 3765 nec
2466 3715 2634 3782 spes
2674 3697 2776 3765 sit
2817 3700 2906 3763 ut
2941 3694 3250 3763 violatio
3291 3711 3493 3777 repa·

509 3811 738 3890 retur,
771 3812 1033 3875 curent
1073 3809 1399 3875 locorum
1434 3807 1819 3876 Ordinarii
1861 3813 1947 3875 ut
1984 3805 2447 3887 coemeteria,
2482 3803 2861 3873 societatis
2889 3803 3133 3871 civilis
3165 3803 3499 3886 propria,

685 4019 709 4056 ²
745 4019 808 4072 Ο.
834 4018 917 4079 28,
947 4020 1011 4072 C.
1037 4020 1200 4081 xlu,
1233 4032 1286 4081 q.
1320 4019 1369 4081 2;
1389 4030 1440 4071 c.
1472 4020 1523 4079 1,
1551 4018 1622 4068 ae
1645 4017 1988 4077 sepulturis,
2014 4016 2131 4078 111,
2156 4015 2207 4076 6,
2242 4015 2305 4066 ln
2330 4015 2650 4076 mxtravag.
2677 4024 2845 4074 com.;
2872 4011 2930 4064 S.
2960 4011 3027 4064 O.
3066 4010 3124 4064 S.
3153 4010 3292 4070 Off..
3321 4010 3497 4064 lustr.

507 4110 573 4161 19
611 4110 754 4160 mall
796 4108 944 4167 1886,
986 4109 1065 4160 ad
1102 4109 1152 4170 2;
1188 4109 1223 4161 3
1271 4120 1388 4169 aug
1430 4107 1577 4169 1897;
1618 4105 1677 4159 S.
1721 4106 1786 4158 Ο.
1828 4106 1903 4157 de
1943 4106 2114 4166 Prop.
2160 4104 2324 4165 Fide,
2379 4104 2496 4156 litt.
2551 4102 2651 4161 (ad
2703 4101 2829 4154 Vlc.
2871 4102 2980 4162 Ap.
3024 4099 3503 4161 vizaganatam),

506 4200 570 4249 27
607 4202 754 4259 sept.
785 4200 930 4251 1884.
1708 4248 1715 4254 ,

686 4290 713 4327 ²
747 4287 804 4339 S.
837 4288 901 4339 C.
937 4288 995 4340 S.
1029 4287 1168 4347 Off..
1206 4288 1377 4339 lustr.
1408 4286 1474 4337 19
1501 4286 1645 4337 mall
1673 4285 1821 4345 1886,
1854 4286 1940 4338 ad
1966 4285 2016 4336 2.

689 4379 715 4415 ³
744 4378 808 4430 Ο.
841 4376 923 4437 22,
950 4377 1014 4429 Ο.
1050 4377 1217 4436 xnl,
1244 4390 1299 4438 q.
1332 4376 1382 4437 2:
1409 4374 1468 4427 S.
1501 4375 1567 4427 C.
1603 4374 1660 4427 S.
1695 4375 1811 4427 Off.
1850 4373 2243 4434 (Sutchuen.),
2272 4373 2338 4425 10
2364 4378 2490 4434 apr.
2520 4372 2668 4433 1777,
2706 4372 2783 4424 ad
2811 4372 2860 4434 2;
2889 4371 2947 4424 S.
2979 4371 3050 4423 R.
3089 4370 3177 4430 0.,
3210 4367 3503 4426 Ησαίου,

507 4468 570 4517 21
601 4478 727 4526 apr.
759 4466 905 4528 1873;
937 4465 1412 4523 samana-erden„
1450 4464 1514 4516 15
1546 4465 1648 4515 lul.
1681 4463 1827 4524 1876;
1858 4462 2065 4513 Sancti
2102 4460 2303 4511 laconi
2333 4463 2405 4512 de
2438 4458 2880 4520 Venezuela,'11
2908 4471 3044 4522 ang.
3078 4458 3225 4519 188&
3255 4456 3505 4509 Rituale

509 4556 697 4617 Rom..
738 4556 834 4608 tlt.
869 4557 971 4617 vl,
1006 4567 1055 4607 c.
1089 4557 1140 4614 3.
1175 4553 1607 4613 &exsequiarum
1637 4554 1797 4611 ordo,-
1826 4565 1875 4603 c.
1912 4552 1961 4606 7.
2000 4551 2155 4603 Ordo
2195 4548 2517 4610 sepeliendi
2547 4547 2844 4609 parvulos.

683 4648 711 4682 ⁴
748 4646 861 4696 Leo
902 4647 948 4696 X
994 4647 1079 4704 (in
1114 4646 1288 4697 Cone.
1327 4645 1678 4695 Lateranen.
1718 4642 1811 4702 V),
1848 4645 2033 4693 const.
2073 4656 2103 4691 α
2148 4639 2303 4690 Dum
2336 4639 2498 4689 intro
2532 4653 2583 4699 ι,
2619 4639 2684 4689 19
2716 4635 2839 4689 dec.
2879 4636 3027 4695 1516,
3067 4635 3094 4695 s
3133 4634 3215 4695 123
3250 4632 3497 4685 Benedi-

508 4738 641 4787 ctus
669 4735 819 4793 XIV,
843 4746 932 4794 ep.
960 4735 1178 4795 encycl.
1207 4749 1236 4783 α
1260 4733 1429 4783 Inter
1448 4732 1788 4792 omnium-5
1811 4745 1860 4792 t,
1888 4734 1921 4781 2
1942 4732 2090 4782 febr.
2123 4730 2273 4789 1744,
2302 4729 2402 4790 s&
2427 4727 2485 4780 S.
2519 4726 2584 4778 Ο.
2620 4725 2678 4778 S.
2712 4724 2851 4785 Off..
2877 4724 2944 4776 13
2968 4735 3095 4783 apr.
3126 4721 3272 4783 185ae
3303 4721 3337 4773 3
3365 4733 3502 4783 aug.

509 4824 655 4883 1897;
677 4823 740 4875 S.
770 4823 835 4875 C.
871 4823 945 4873 de
973 4824 1141 4883 Prop.
1181 4822 1326 4873 Fide
1363 4821 1450 4881 (G.
1483 4822 1544 4872 Ρ.
1575 4832 1680 4881 pm
1711 4820 1832 4871 Sin.
1854 4819 2181 4871 —Chan-sl
2208 4822 2273 4870 et
2302 4816 2587 4876 Chen-sl),
2625 4813 2691 4865 m
2719 4814 2867 4865 febr.
2898 4811 3047 4873 1801;
3077 4810 3135 4863 8.
3171 4810 3241 4861 Β.
3272 4810 3362 4871 G..
3397 4807 3506 4859 Oo-

509 4925 819 4971 meraocn„
851 4914 883 4965 9
913 4914 1061 4965 febr.
1096 4914 1243 4974 10083
1276 4912 1732 4969 Bur-emunden„
1763 4912 1828 4963 27
1856 4911 2000 4962 mail
2032 4909 2180 4970 1876,
2220 4908 2300 4960 ad
2330 4907 2399 4969 V:
2427 4905 2717 4963 Brlocen„
2748 4905 2782 4954 4
2812 4904 2960 4964 sept.
2994 4902 3143 4961 1880,
3183 4901 3262 4953 ad
3294 4901 3343 4962 13
3374 4899 3506 4949 Pla-

512 5005 675 5061 uen„
704 5002 768 5053 21
798 5004 945 5054 teht.
983 5003 1130 5061 1896,
1160 5002 1237 5054 ad
1267 5001 1366 5065 1v;
1391 5001 1736 5054 Pontificale
1763 5001 1952 5060 Rom„
1991 4999 2086 5051 tit.
2118 4997 2205 5048 De
2232 4994 2566 5047 coemeterii
2598 4991 3016 5049 benedictione:
3042 4990 3283 5042 Bimale
3312 4989 3506 5049 Rom„

509 5094 603 5146 tlt.
640 5093 723 5152 11.
759 5102 809 5143 c.
843 5092 893 5152 1,
928 5094 998 5140 de
1038 5094 1407 5141 sacramento
1444 5090 1721 5153 baptismi
1751 5089 1866 5139 rue
1898 5085 2391 5143 administrando,
2425 5097 2482 5135 n.
2518 5084 2600 5145 16:
2640 5082 2736 5135 tlt.
2769 5081 2871 5140 Vl,
2907 5091 2957 5131 c.
2991 5082 3042 5141 1,
3079 5082 3149 5131 de
3184 5076 3505 5137 coaequus,

508 5195 567 5234 n.
611 5183 662 5242 9,
695 5180 777 5243 18;
826 5192 874 5231 c.
907 5180 958 5239 6,
1005 5182 1075 5230 de
1117 5180 1414 5240 eoeseqnme
1455 5181 1855 5240 parvulorum,
1897 5191 1955 5228 n.
1988 5178 2038 5239 13
2079 5176 2173 5228 tit.
2228 5173 2398 5235 v111,
2439 5184 2491 5224 c.
2524 5173 2606 5233 29,
2651 5169 2827 5222 Ritus
2872 5167 3249 5219 benedicendi
3289 5176 3508 5215 novum

510 5271 940 5322 coemeterium.

689 5364 717 5400 ⁸
750 5361 816 5412 C.
848 5360 931 5419 15,
958 5360 1040 5420 18,
1066 5359 1130 5411 O.
1163 5359 1329 5420 XIII,
1356 5372 1411 5421 q.
1443 5359 1493 5422 23
1520 5358 1577 5411 S.
1608 5357 1679 5410 Β.
1713 5357 1800 5418 O..
1830 5356 2158 5413 Beneuen„
2183 5353 2249 5405 m
2273 5354 2422 5405 febr.
2450 5351 2597 5414 16273
2618 5351 2862 5403 thuale
2886 5349 3075 5411 Rom..
3107 5348 3203 5401 tlt.
3231 5345 3335 5407 VI,
3368 5356 3418 5396 c.
3452 5346 3508 5405 1,

510 5451 583 5502 de
613 5448 930 5509 coaequus,
967 5460 1025 5499 n.
1058 5447 1139 5500 17.

695 5541 720 5577 ⁸
756 5540 899 5591 Plus
928 5538 1025 5598 lx,
1060 5537 1299 5589 allocut.
1333 5551 1363 5587 α
1391 5534 1706 5596 Nunquam
1737 5538 1895 5586 certe
1933 5548 1982 5597 t,
2018 5532 2084 5585 22
2113 5533 2234 5585 lun.
2268 5530 2414 5583 1868.
