3753 5871
504 335 577 394 78
1643 336 1840 389 0000oe
1878 337 1913 388 1
1913 336 2042 387 urla
2090 336 2371 388 Οσοιοκίοί

505 530 800 609 gentur,
852 542 1070 609 quam
1108 542 1157 591 a
1194 523 1426 591 Sacra
1472 525 2061 609 congregatione
2099 525 2418 592 Concilii
2454 543 2774 610 expensa
2811 530 2889 594 et
2925 527 3306 613 recognita
3340 528 3495 597 fue·

508 631 683 716 rint3
728 632 1026 716 ipsimet
1063 637 1311 700 autem
1349 632 1667 699 Concilii
1706 633 1972 700 Patres
2006 631 2393 718 designent
2436 638 2512 701 et
2547 633 2843 701 modum
2880 635 3505 721 promulgationis

505 739 967 807 decretorum
999 745 1073 808 et
1105 745 1397 824 tempus
1431 758 1575 824 quo
1611 740 1911 808 decreta
1941 741 2411 826 promulgata
2445 741 2772 827 obligare
2811 741 3179 827 incipiant
3200 744 3247 811 ¹.

686 846 719 929 §
767 846 832 912 2.
884 848 1200 915 Decreta
1230 847 1544 916 Concilii
1583 848 1903 932 plenarii
1930 852 2006 916 et
2034 848 2514 932 provincialis
2543 850 3017 935 promulgata
3047 851 3381 936 obligant
3414 854 3502 919 in

505 973 639 1022 suo
661 955 1018 1039 cuiusque
1050 956 1435 1025 territorio
1462 956 1829 1036 universo,
1860 975 1992 1024 nec
2026 956 2409 1032 ordinarii
2436 956 2764 1024 locorum
2792 958 2886 1025 ab
2912 958 3172 1028 iisdem
3206 959 3470 1044 dispen

505 1080 671 1129 sare
700 1067 1037 1147 possunt,
1071 1064 1217 1130 nisi
1244 1063 1324 1130 in
1349 1064 1646 1132 casibus
1679 1064 2263 1148 particularibus
2289 1069 2365 1133 et
2397 1064 2602 1132 iusta
2625 1065 2716 1133 de
2743 1083 2969 1132 causa
2994 1064 3048 1132 ¹.

1802 1240 1980 1307 CAN.
2019 1240 2171 1308 292.

683 1363 717 1445 ἓ
765 1365 831 1429 1.
881 1362 1050 1429 Nisi
1092 1363 1317 1430 aliter
1361 1380 1497 1446 pro
1541 1361 2042 1446 peculiaribus
2083 1362 2267 1430 locis
2318 1381 2366 1429 a
2409 1363 2596 1431 Sede
2646 1364 3080 1449 Apostolica
3122 1366 3502 1448 provisum

501 1471 760 1553 tuerit,
791 1469 1298 1556 Metropolita,
1326 1487 1554 1553 eoque
1584 1468 1995 1554 deficiente,
2022 1470 2404 1554 antiquior
2436 1491 2476 1539 e
2506 1469 3016 1557 Suffraganeis
3039 1473 3137 1540 ad
3166 1491 3502 1540 normam

501 1596 666 1646 can.
714 1578 868 1662 284,
907 1584 1120 1647 curet
1163 1584 1250 1647 ut
1287 1577 1669 1644 Ordinarii
1709 1579 2062 1661 locorum,
2107 1580 2367 1646 saltem
2412 1579 2675 1663 quinto
2710 1581 2996 1665 quoqne
3032 1598 3253 1661 anno,
3296 1585 3506 1650 stato

503 1689 831 1769 tempore
866 1686 1067 1770 apud
1099 1685 1650 1770 Metropolitam
1690 1685 2011 1754 aliumve
2042 1687 2489 1771 Episcopum
2522 1687 3209 1770 comprovincialem
3241 1706 3499 1756 conve-

503 1792 743 1876 niant,
783 1798 892 1876 ut,
928 1793 1227 1862 collatis
1262 1793 1619 1875 consiliis,
1661 1794 1966 1861 videant
2004 1812 2361 1878 quaenam
2399 1795 2477 1861 in
2523 1795 2977 1862 dioecesibus
3014 1796 3297 1880 agenda
3344 1797 3504 1865 sint

504 1907 589 1970 ut
621 1901 891 1968 bonum
927 1901 1310 1988 religionis
1341 1907 1887 1985 promoveatur,
1933 1920 2163 1985 eaque
2194 1907 2643 1986 praeparent
2680 1903 2774 1971 de
2817 1903 3083 1987 quibus
3116 1904 3194 1970 in
3237 1904 3507 1973 futuro

501 2007 840 2076 Concilio
873 2008 1314 2093 provinciali
1350 2008 1495 2077 erit
1529 2010 1919 2092 agendum.

684 2115 719 2198 ξ
766 2117 832 2182 2.
885 2117 1135 2184 Etiam
1190 2117 1545 2201 Episcopi
1596 2117 1872 2201 aliique
1914 2118 2006 2186 de
2062 2118 2327 2202 quibus
2370 2117 2449 2185 in
2492 2135 2657 2186 can.
2706 2117 2861 2202 285,
2910 2138 3062 2186 una
3111 2138 3279 2187 cum
3322 2120 3505 2188 aliis

504 2224 927 2292 ordinariis
951 2224 1342 2292 convocari
1371 2229 1448 2292 et
1475 2225 1866 2292 convenire
1895 2225 2187 2293 debent.
2826 2270 2903 2308 x

682 2331 716 2413 ξ
762 2332 829 2399 3.
881 2331 1115 2400 Iidem
1146 2332 1531 2401 Ordinarii
1557 2333 1989 2418 congregati
2017 2333 2258 2401 sedem
2295 2332 2617 2418 proximi
2640 2337 3047 2401 conventus
3082 2333 3503 2419 designent.

1731 2597 1990 2666 CAPUT
2027 2598 2246 2664 VIII.

1210 2720 1320 2788 De
1366 2719 1686 2787 vicariis
1730 2726 1804 2788 et
1848 2720 2260 2802 Praefectis
2303 2718 2776 2804 Apostolicis.

1802 2912 1979 2981 CAN.
2017 2912 2170 2981 293.

680 3041 714 3120 ξ
762 3041 827 3104 1.
879 3037 1289 3105 Territoria
1321 3054 1507 3121 quae
1543 3041 1788 3104 erecta
1822 3054 1968 3103 non
2001 3040 2178 3103 sunt
2206 3034 2287 3102 in
2324 3034 2690 3101 dioeceses
2721 3038 3082 3118 reguntur
3120 3050 3251 3116 per
3282 3032 3504 3100 Vica—

506 3145 657 3214 rios
703 3150 839 3214 aut
874 3145 1302 3214 Praefectos
1338 3145 1827 3229 Apostolicos3
1872 3144 1999 3228 qui
2041 3162 2291 3211 omnes
2331 3143 2425 3210 ab
2466 3160 2618 3209 una
2663 3141 3096 3226 Apostolica
3137 3141 3325 3209 Sede
3378 3159 3501 3208 no·

505 3254 888 3321 minantur
923 3254 974 3320 ³.

681 3361 717 3443 ξ
763 3360 829 3427 2.
880 3359 1228 3428 Vicarius
1273 3365 1349 3427 et
1391 3359 1826 3427 Praefectus
1866 3357 2344 3444 Apostolicus
2385 3357 2917 3442 possessionem
2971 3355 3089 3423 sui
3133 3355 3507 3424 territorii

502 3470 835 3553 capiunt,
867 3468 996 3536 ille
1017 3468 1313 3536 litteras
1340 3467 1813 3551 apostolicas,
1841 3467 1959 3534 hic
1983 3467 2360 3534 decretum
2386 3484 2514 3532 seu
2539 3469 2880 3549 patentes
2908 3464 3201 3531 litteras
3227 3462 3507 3531 Sacrae

505 3575 1119 3661 congregationis
1161 3576 1253 3643 de
1304 3575 1526 3659 Prop.
1573 3575 1758 3641 Fide
1800 3594 1934 3659 per
1977 3594 2053 3642 se
2096 3574 2212 3641 vel
2255 3592 2386 3658 per
2430 3576 2984 3657 procuratorem
3028 3571 3505 3639 ostendentes

502 3686 570 3750 ei
617 3685 743 3768 qui
778 3684 1241 3753 territorium
1281 3684 1472 3768 regit
1509 3683 1605 3750 ad
1642 3701 1974 3750 normam
2020 3701 2184 3750 can.
2225 3680 2378 3749 309.

1800 3861 1977 3928 CAN.
2014 3860 2167 3927 294.

684 3988 717 4071 ξ
765 3990 830 4054 1.
881 3988 1166 4055 Vicarii
1198 3991 1273 4055 et
1312 3984 1684 4054 Praefecti
1722 3985 2138 4069 Apostolici
2168 3984 2426 4051 iisdem
2461 3983 2751 4051 iuribus
2789 3986 2867 4050 et
2894 3981 3390 4050 facultatibus
3422 3982 3503 4049 in

504 4116 638 4165 suo
668 4096 1050 4163 territorio
1081 4095 1432 4182 gaudent,
1470 4111 1656 4179 quae
1684 4094 1764 4160 in
1798 4094 2124 4178 propriis
2162 4091 2616 4160 dioecesibus
2644 4095 3075 4175 competunt
3108 4089 3506 4175 Episcopis

505 4204 1130 4287 residentialibus,
1166 4204 1312 4269 nisi
1351 4201 1525 4287 quid
1557 4202 1991 4286 Apostolica
2024 4199 2246 4268 Sedes
2286 4198 2772 4267 reservaverit
2803 4200 2857 4265 ⁴.

685 4311 718 4393 ἓ
765 4311 832 4377 2.
882 4311 1134 4379 Etiam
1160 4312 1217 4378 ii
1253 4312 1378 4395 qui
1405 4311 1833 4378 charactere
1859 4309 2263 4394 episcopali
2290 4312 2572 4389 carent,
2608 4309 2944 4391 possunt,
2974 4306 3183 4372 intra
3209 4304 3328 4371 sui
3356 4307 3498 4371 ter·

506 4419 751 4488 ritorii
792 4420 974 4487 fines
1011 4437 1100 4487 ac
1130 4418 1583 4503 perdurante
1614 4436 1941 4514 munere,
1986 4435 2235 4484 omnes
2269 4414 2813 4483 benedictiones
2846 4413 3238 4498 Episcopis
3274 4430 3502 4479 reser-

502 4532 742 4609 vatas,
780 4546 929 4594 una
969 4527 1380 4612 pontificali
1418 4531 1746 4611 excepta,
1786 4525 2182 4610 impertiri,
2223 4524 2515 4606 calices,
2565 4527 2875 4607 patenas
2912 4525 2986 4589 et
3022 4519 3299 4587 altaria
3337 4538 3500 4603 por·

505 4636 756 4703 tatilia
793 4654 958 4702 cum
1001 4635 1234 4701 sacris
1275 4634 1456 4701 oleis
1493 4634 1587 4701 ab
1637 4634 2004 4717 Episcopo
2043 4631 2446 4699 benedictis
2494 4648 2950 4712 consecrare,
2996 4627 3507 4712 indulgentias

506 4743 1044 4828 quinquaginta
1093 4743 1378 4809 dierum
1437 4742 1856 4821 concedere,
1910 4739 2568 4813 confirmationem,
2622 4738 2935 4822 primam
2987 4740 3373 4804 tonsuram
3428 4740 3504 4801 et

504 4852 801 4919 ordines
832 4852 1152 4918 minores
1184 4849 1521 4918 conferre
1552 4851 1647 4917 ad
1691 4868 2021 4916 normam
2063 4867 2227 4915 can.
2264 4848 2417 4929 782,
2460 4847 2492 4929 ξ
2536 4847 2603 4928 3,
2641 4846 2793 4928 957,
2838 4845 2871 4927 ξ
2908 4845 2973 4911 2.

673 5066 695 5103 1
734 5067 878 5118 Plus
903 5067 1000 5125 lx,
1039 5066 1154 5118 litt.
1183 5077 1278 5125 ap.
1309 5080 1339 5114 α
1373 5065 1462 5116 Ad
1496 5063 1866 5123 apostoncae
1896 5080 1944 5125 n,
1976 5063 2040 5114 22
2065 5075 2198 5124 aug.
2233 5062 2380 5123 1851;
2410 5061 2688 5124 syllabus
2714 5071 3000 5121 errorum,
3031 5070 3193 5120 prop.
3222 5057 3306 5119 m:
3336 5056 3395 5109 S.
3436 5058 3500 5109 C.

508 5157 579 5207 de
615 5156 783 5214 Prop.
833 5155 996 5213 Fide,
1035 5155 1150 5206 litt.
1187 5154 1405 5214 encycl.
1453 5153 1551 5211 (ad
1592 5152 1696 5213 Ep.
1738 5152 2010 5212 Indiam,
2050 5151 2116 5203 28
2150 5163 2285 5212 ang.
2323 5150 2471 5202 1893.

671 5247 696 5282 2
735 5244 909 5296 Cone.
944 5244 1231 5302 Trident„
1265 5255 1407 5295 sess.
1450 5242 1648 5305 XXIV,
1685 5244 1756 5292 de
1794 5242 1929 5300 res„
1970 5253 2019 5293 c.
2056 5241 2105 5303 2;
2140 5240 2196 5294 S.
2233 5240 2298 5293 G.
2340 5239 2397 5293 S.
2434 5239 2572 5301 om,
2608 5239 2673 5290 10
2704 5240 2852 5298 sept.
2887 5236 3037 5298 1896,
3070 5236 3149 5288 ad
3189 5235 3239 5287 2.

670 5337 695 5373 ³
735 5333 792 5386 S.
828 5334 891 5385 Ο.
934 5334 1008 5385 de
1039 5334 1208 5392 Prop.
1247 5332 1392 5384 Fide
1432 5331 1517 5391 (C.
1558 5331 1673 5391 G.),
1708 5332 1740 5384 3
1775 5334 1950 5382 mart.
1984 5329 2132 5391 176&
2166 5330 2283 5382 litt.
2322 5328 2387 5379 22
2426 5341 2559 5390 aug.
2603 5327 2751 5379 1807.

669 5427 698 5463 ⁴
737 5423 1094 5476 Benedictus
1133 5423 1283 5484 XIV,
1317 5435 1406 5483 ep.
1441 5422 1659 5483 encycl.
1696 5436 1726 5470 α
1767 5419 2167 5480 Αροεωῑίοιιηι
2209 5418 2603 5469 ministerium
2639 5431 2689 5476 ι,
2725 5417 2792 5468 30
2823 5415 2967 5466 mail
3003 5414 3151 5475 1753,
3191 5414 3217 5475 3
3254 5415 3305 5476 4:
3340 5413 3399 5467 S.
3436 5415 3500 5468 O.

506 5516 578 5567 de
611 5515 779 5574 Prop.
826 5512 989 5573 Fide,
1023 5513 1088 5563 14
1120 5512 1268 5564 tebr.
1303 5510 1449 5572 1702,
1492 5510 1579 5571 (Ο.
1618 5511 1681 5562 Ρ.
1722 5522 1827 5571 pro
1863 5508 2035 5569 Sin),
2070 5509 2104 5562 3
2138 5508 2259 5559 dec.
2304 5506 2453 5567 1835,
2497 5506 2576 5558 ad
2609 5507 2658 5557 1.
