3753 5871
1203 266 1378 317 moer
1409 266 1712 318 somnam
1753 290 1773 303 ·
1807 267 1897 317 Dc
1937 266 2213 318 Perennis
3093 268 3193 326 191

1500 475 1678 541 om.
1721 474 1873 540 660.

373 592 591 659 Duae
634 591 908 659 debent
954 608 1113 658 esse
1153 591 1619 674 munitionen,
1668 591 1954 659 scilicet
1995 591 2332 677 singulae
2374 610 2514 675 pro
2555 592 2870 678 singulis
2911 591 3204 659 duobus

209 701 469 783 primis
521 699 838 782 delictis3
891 700 969 765 in
1012 699 1307 766 delictis
1348 704 1597 766 autem
1637 699 2100 767 continuatis
2143 719 2271 767 seu
2326 701 2930 783 permanentibus
2973 701 3193 768 inter·

203 807 419 875 efflat
457 825 747 874 necesse
783 811 899 874 est
928 808 1126 874 inter
1157 807 1473 891 primam
1508 811 1584 874 et
1625 806 1940 874 alteram
1973 808 2452 875 monitionem
2486 806 2749 875 saltem
2785 808 3015 875 trium
3049 807 3197 876 die-

207 933 366 981 rum
417 915 792 998 integrum
831 913 1179 997 spatium&
1200 912 1250 982 ¹.

1498 1021 1674 1089 cm.
1717 1021 1869 1087 661.

380 1136 419 1218 5
468 1139 536 1203 1.
586 1137 1124 1206 Monitionibus
1163 1136 1518 1221 Superior
1560 1137 1790 1205 addat
1839 1140 2298 1221 opportunas
2336 1137 2887 1205 exhortationes
2929 1141 3005 1205 et
3042 1156 3195 1205 cor·

206 1247 597 1323 rectiones,
633 1245 1115 1329 praescriptis
1149 1245 1453 1328 insuper
1488 1244 1968 1328 poenitentiis
2009 1244 2324 1329 aliisque
2361 1245 2702 1312 remediis
2737 1244 3202 1329 poenalibus,

207 1370 392 1437 quae
424 1357 605 1436 apta
633 1356 1076 1420 censeantur
1104 1352 1202 1419 ad
1230 1351 1811 1419 emendationem
1844 1352 1952 1419 rei
1988 1356 2065 1420 et
2092 1351 2427 1418 scandali
2466 1352 3007 1435 reparationem
3042 1350 3094 1417 ².

380 1459 419 1541 5
468 1459 537 1525 2.
587 1458 983 1527 Praeterea
1043 1463 1341 1527 tenetur
1383 1460 1739 1544 Superior
1812 1478 2015 1527 reum
2080 1460 2174 1527 ab
2246 1460 2753 1527 occasionibus
2824 1460 3200 1529 relabendi

208 1586 580 1635 removere
614 1568 838 1635 etiam
882 1587 1014 1652 per
1048 1568 1640 1650 translationem,
1686 1567 1752 1635 si
1786 1586 1974 1651 opus
2005 1567 2264 1649 fuerit,
2304 1567 2399 1634 ad
2436 1567 2662 1634 aliam
2699 1567 3021 1650 domum,
3072 1567 3198 1634 ubi

206 1676 506 1771 facilior
543 1676 644 1743 sit
671 1675 1068 1759 vigilantia
1092 1681 1169 1744 et
1201 1676 1551 1744 remotior
1582 1675 2058 1760 delinquendi
2097 1677 2408 1743 occasio.

382 1783 421 1865 5
465 1783 535 1850 3.
589 1782 922 1868 Singulis
958 1784 1488 1852 monitionibus
1520 1784 1924 1852 adiiciatur
1956 1784 2413 1852 dimissionis
2444 1784 2918 1851 comminatio
2946 1781 2998 1849 ³.

1517 1940 1694 2008 om.
1739 1941 1892 2007 662.

378 2056 805 2141 Religiosus
833 2060 1176 2125 censetur
1208 2075 1284 2124 se
1324 2075 1470 2124 non
1509 2056 1957 2137 emendasse,
1993 2057 2057 2123 si
2098 2061 2267 2140 post
2299 2057 2692 2124 secundam
2726 2057 3202 2125 monitionem

209 2184 476 2233 novum
519 2165 874 2233 delictum
925 2165 1376 2233 commiserit
1416 2165 1533 2233 vel
1574 2165 1653 2232 in
1696 2165 1946 2232 eodem
1993 2168 2509 2249 permanenter
2553 2164 2989 2249 perstiterit3
3036 2170 3203 2250 post

209 2272 551 2339 ultimam
604 2272 1081 2340 monitionem
1132 2291 1257 2340 sex
1311 2273 1569 2340 saltem
1624 2273 1782 2341 dies
1830 2273 1975 2341 erit
2026 2271 2587 2356 expectandum,
2643 2277 3039 2357 antequam
3103 2273 3198 2340 ad

207 2379 571 2446 ulteriora
608 2397 1042 2464 progressus
1086 2379 1220 2448 flat
1248 2379 1302 2447 ⁴.

1512 2487 1691 2555 ΟΔΝ.
1736 2487 1890 2555 663.

372 2604 866 2672 Immediatus
924 2603 1279 2688 Superior
1344 2603 1606 2685 maior,
1669 2608 2060 2688 postquam
2122 2604 2563 2671 monitiones
2600 2608 2676 2672 et
2711 2605 3209 2672 correctiones

208 2713 584 2780 incassum
628 2712 1013 2794 cesserint,
1058 2712 1310 2780 omnia
1350 2714 1520 2781 acta
1574 2716 1648 2779 et
1694 2711 2132 2779 documenta
2177 2711 2573 2796 diligenter
2625 2712 2932 2796 colligat
2986 2715 3063 2779 et
3107 2712 3202 2779 ad

211 2806 633 2905 supremum
678 2819 1216 2887 Moderatorem
1257 2819 1747 2903 transmittat;
1778 2819 1899 2887 hic
1933 2822 2179 2886 autem
2214 2838 2303 2887 ea
2334 2819 2630 2886 tradere
2664 2819 2880 2886 debet
2921 2837 3201 2903 promo·

212 2930 354 2999 tori
391 2928 760 3004 iustitiae,
800 2927 929 3013 qui
965 2946 1051 2996 ea
1091 2927 1461 2996 examinet
1497 2932 1573 2996 et
1609 2946 1784 2995 suas
1819 2927 2328 2996 conclusiones
2375 2931 2744 3012 proponat
2783 2925 2836 2993 ⁸.

1508 3087 1685 3154 CAN.
1729 3086 1882 3153 664.

382 3203 419 3287 ξ
468 3205 537 3269 1.
590 3203 670 3271 Si
711 3206 1088 3288 promotor
1121 3201 1481 3285 iustitiae,
1518 3203 1642 3269 cui
1676 3203 1795 3268 fas
1826 3207 1941 3269 est
1983 3202 2207 3270 etiam
2252 3203 2644 3270 ulteriores
2686 3202 3211 3287 inquisitiones

214 3330 394 3396 quas
421 3305 884 3394 opportunas
913 3309 1354 3377 iudicaverit
1383 3328 1755 3394 peragere,
1786 3311 2329 3377 accusationem
2359 3314 2752 3394 proponat,
2783 3310 3211 3378 instruatur

213 3436 625 3514 processus,
670 3416 983 3484 servatis
1032 3416 1514 3501 praescriptis
1559 3435 1925 3485 canonum
1976 3418 2056 3484 in
2098 3418 2324 3485 Parte
2366 3417 2621 3485 Prima
2661 3418 2866 3485 Libri
2907 3418 3203 3500 Quarti,

212 3544 539 3612 congrua
573 3524 923 3608 congruis
960 3523 1347 3592 referendo
1381 3523 1432 3591 ⁸.

388 3633 429 3716 ξ
472 3632 542 3698 2.
591 3632 706 3698 Ex
749 3649 1096 3716 processu
1139 3635 1483 3700 constare
1526 3632 1743 3700 debet
1784 3632 1875 3699 de
1920 3632 2215 3700 delictis
2269 3633 2616 3716 patratis,
2663 3632 2754 3700 de
2801 3633 3209 3717 praemissa

208 3742 498 3827 duplici
530 3740 935 3808 monitione
976 3743 1052 3808 et
1083 3740 1175 3808 de
1208 3739 1502 3808 defectu
1536 3739 2072 3807 emendationis
2110 3738 2163 3806 ¹.

1510 3898 1688 3966 cm.
1731 3897 1884 3965 665.

386 4011 775 4095 Tribunal,
817 4010 1216 4096 diligenter
1253 4012 1636 4095 perpensis
1673 4010 2246 4096 allegationibus
2295 4015 2453 4078 tum
2504 4011 2950 4096 promotoris
2998 4011 3208 4078 iusti·

215 4120 367 4188 tiae
408 4124 570 4187 tum
620 4119 753 4202 rei,
800 4120 866 4186 si
913 4118 1206 4203 quidem
1252 4118 1696 4186 iudicaverit
1741 4119 1930 4186 satis
1973 4119 2285 4203 probata
2329 4137 2487 4186 esse
2530 4137 2619 4186 ea
2670 4118 2763 4186 de
2807 4119 3073 4204 quibus
3128 4119 3209 4185 in

212 4244 377 4294 ean.
420 4226 578 4309 664,
625 4225 661 4309 ξ
694 4226 763 4309 2,
799 4227 1243 4294 sententiam
1276 4226 1731 4293 dimissionis
1772 4227 2207 4310 pronuntiet
2245 4224 2298 4292 ⁸.

397 4435 419 4470 ¹
462 4433 521 4486 S.
558 4433 624 4486 O.
653 4434 759 4495 Dp.
790 4436 852 4486 et
882 4433 1046 4495 Res..
1081 4432 1237 4485 decr.
1270 4449 1301 4484 ι
1337 4434 1542 4484 Aucus
1571 4434 1880 4483 admodum
1914 4448 1963 4493 ι,
1993 4434 2025 4483 4
2052 4445 2185 4485 nov.
2214 4433 2363 4496 1892,
2392 4446 2449 4484 ιι.
2480 4434 2530 4494 3:
2567 4431 2626 4484 S.
2658 4432 2724 4486 O.
2757 4433 2829 4485 de
2863 4433 3206 4494 Religiosis,

218 4523 373 4574 decr.
406 4522 476 4574 16
504 4522 649 4574 mail
687 4521 835 4582 1911,
866 4534 924 4572 ιι.
956 4522 1008 4582 4,
1039 4520 1089 4573 6.

394 4614 425 4652 ²
463 4611 521 4664 S.
554 4611 617 4663 C.
664 4612 768 4672 Ep.
806 4614 868 4664 et
914 4611 1077 4673 Res..
1119 4610 1272 4663 decr.
1320 4626 1356 4661 ι
1394 4610 1600 4664 Auem
1645 4612 1961 4662 admodum
1999 4626 2047 4671 ι,
2089 4612 2121 4661 4
2157 4623 2288 4662 nov.
2330 4610 2477 4671 1892,
2516 4623 2574 4661 ιι.
2614 4610 2664 4673 8;
2703 4611 2759 4664 S.
2802 4610 2866 4663 C.
2908 4609 2996 4670 0.,
3046 4610 3205 4662 decr.

221 4702 283 4753 21
318 4704 471 4761 sept.
502 4700 651 4761 1624,
685 4701 712 4762 5
740 4701 790 4762 ὃς
818 4700 876 4753 S.
907 4700 973 4753 O.
1006 4700 1080 4752 de
1108 4700 1440 4763 Religiosis,
1473 4700 1627 4752 decr.
1660 4699 1727 4751 16
1761 4700 1907 4750 maii
1937 4700 2085 4760 1911,
2124 4711 2185 4755 n.
2220 4700 2269 4749 4.

396 4793 426 4830 ⁸
470 4787 528 4840 S.
564 4789 630 4841 O.
664 4789 736 4841 de
775 4788 1110 4850 Religiosis,
1147 4786 1301 4840 decr.
1344 4788 1411 4840 16
1442 4789 1585 4840 mail
1626 4789 1774 4849 1911,
1810 4801 1868 4840 ιι.
1904 4789 1954 4840 5.

397 4878 427 4914 ⁴
467 4878 524 4931 S.
559 4878 624 4931 Ο.
660 4878 764 4940 Dp.
798 4881 868 4931 et
896 4878 1061 4939 Res„
1095 4876 1424 4936 bubonem,
1458 4878 1523 4929 22
1557 4879 1675 4929 lan.
1712 4878 1858 4941 15963
1902 4877 1959 4929 S.
1996 4877 2061 4930 C.
2098 4877 2172 4929 de
2203 4876 2540 4938 Religiosls,
2584 4876 2737 4928 decr.
2782 4875 2848 4928 16
2879 4876 3024 4927 mall
3057 4878 3210 4937 1911,

223 4979 277 5017 ιι.
312 4969 365 5024 6.
396 4967 481 5018 12.

400 5060 429 5096 ⁸
469 5055 527 5108 S.
559 5057 625 5108 G.
655 5058 730 5109 de
767 5055 1100 5117 Renglosis,
1133 5055 1287 5108 decr.
1320 5056 1387 5108 16
1414 5056 1557 5107 mali
1588 5057 1735 5115 1911,
1767 5068 1824 5107 ιι.
1859 5056 1941 5107 13.

404 5150 430 5186 ⁸
469 5146 528 5198 S.
571 5146 637 5198 O.
671 5144 746 5198 de
779 5143 1111 5208 Religiosis,
1151 5146 1303 5197 decr.
1347 5146 1416 5197 16
1446 5145 1588 5196 mall
1632 5147 1779 5206 1911,
1817 5158 1872 5195 ιι.
1912 5144 1994 5197 13.
2029 5146 2112 5195 14.

398 5239 424 5276 ⁷
470 5236 528 5288 S.
562 5236 629 5289 Ο.
670 5235 745 5288 de
774 5235 1108 5297 Religiosis,
1141 5232 1294 5287 decr.
1329 5236 1395 5286 16
1422 5235 1564 5286 maii
1598 5236 1745 5294 1911,
1778 5247 1834 5284 ιι.
1870 5234 1922 5294 7,
1955 5235 2037 5285 11.

406 5329 432 5365 ⁸
471 5324 529 5377 S.
559 5326 625 5379 C.
664 5325 771 5386 Ep.
804 5329 865 5378 et
895 5324 1059 5386 neg..
1094 5324 1252 5376 decr.
1286 5340 1317 5375 ι
1352 5325 1557 5375 Auctis
1586 5324 1899 5373 admodum
1930 5338 1978 5384 ι,
2008 5324 2040 5373 4
2069 5307 2199 5373 nov.
2230 5321 2377 5381 1892,
2410 5335 2468 5372 ιι.
2498 5322 2547 5382 3;
2578 5320 2634 5374 S.
2676 5321 2739 5373 C.
2773 5321 2847 5373 de
2877 5320 3212 5382 Religiosls,

233 5416 379 5466 noer.
415 5417 480 5469 ιο
510 5414 848 5493 mnu-1911,
882 5425 940 5463 n.
977 5413 1057 5465 15.
