3753 5871
1009 311 1188 364 moer
1234 312 1488 374 Quinta
1521 334 1542 348 ·
1578 309 1667 361 Do
1716 310 1966 364 Dauom
2001 314 2064 364 οἱ
2102 311 2315 363 Poena
3047 310 3160 368 625

1423 652 1683 719 CAPUT
1727 654 1834 720 ΙΙ.

668 794 780 864 De
815 794 1318 881 peculiaribus
1357 794 1792 869 clericorum
1828 797 2087 882 poenis
2120 797 2619 866 vindicativis.

1427 991 1604 1057 CAN.
1652 990 1850 1057 2298.

340 1132 630 1200 Poenae
663 1133 1159 1200 vindicativae
1194 1149 1382 1216 quae
1422 1130 1715 1198 clericis
1750 1134 2045 1199 tantum
2081 1132 2587 1217 applicantur,
2625 1138 2849 1200 sunt:

423 1243 521 1306 1.·
565 1240 984 1308 Prohibitio
1016 1240 1400 1308 exercendi
1433 1257 1725 1306 sacrum
1763 1240 2259 1308 ministerium
2289 1246 2807 1326 praeterquam
2838 1240 2918 1307 in
2950 1246 3156 1309 certa

423 1455 524 1522 2.·
570 1456 975 1540 Suspensio
1004 1456 1084 1521 in
1127 1460 1566 1540 perpetuum
1598 1456 1716 1523 vel
1749 1455 1845 1523 ad
1884 1460 2176 1542 tempus
2210 1455 2712 1542 praefinitum,
2748 1472 2866 1525 vel
2908 1457 3005 1525 ad
3044 1458 3154 1525 be·

169 1564 620 1648 neplacitum
675 1563 1120 1647 Superioris:

423 1671 523 1738 3.·
568 1672 996 1739 'translatio
1034 1671 1369 1757 poenalis
1403 1673 1497 1739 ab
1531 1672 1768 1740 officio
1797 1674 1918 1741 vel
1959 1673 2311 1745 beneflcio
2343 1675 2648 1742 obtento
2681 1674 2779 1742 ad
2822 1674 3161 1758 inferius3

425 1780 525 1845 4.·
569 1780 907 1847 Privatio
941 1779 1263 1847 alicuius
1297 1780 1485 1847 iuris
1527 1798 1697 1848 cum
1736 1780 2087 1849 beneflcio
2118 1782 2236 1849 vel
2272 1781 2509 1849 officio
2550 1782 2952 1867 coniuncti3

420 1887 518 1954 5.·
563 1888 1012 1956 Inhabilitas
1039 1888 1137 1956 ad
1169 1906 1420 1955 omnes
1453 1889 1573 1956 vel
1602 1889 1698 1957 ad
1729 1888 2017 1975 aliquot
2046 1890 2480 1975 dignitates,
2514 1891 2776 1974 officia,
2812 1890 3162 1959 beneficia

166 1994 408 2063 aliave
439 2013 748 2063 munera
790 1995 1098 2080 propria
1129 1996 1588 2078 clericorum

426 2103 525 2170 6.·
570 2097 908 2171 Privatio
943 2103 1278 2189 poenalis
1324 2104 1656 2172 beneficii
1687 2105 1807 2172 vel
1843 2105 2062 2172 officii
2098 2123 2267 2172 cum
2302 2106 2422 2173 vel
2458 2106 2618 2174 sine
2664 2106 3035 2190 pensione3

421 2211 520 2277 7.·
565 2211 983 2279 Prohibitio
1011 2212 1514 2279 commorandi
1556 2212 1636 2278 in
1667 2218 1873 2281 certo
1906 2213 2067 2280 loco
2100 2214 2217 2281 vel
2258 2214 2662 2299 territorio;

430 2320 529 2386 8.·
575 2319 1080 2403 Praescriptio
1113 2320 1617 2387 commorandi
1647 2320 1727 2386 in
1758 2326 1967 2388 certo
2000 2320 2162 2388 loco
2191 2322 2308 2389 vel
2338 2321 2743 2406 territori03

430 2427 527 2493 9.·
573 2426 911 2495 Privatio
945 2428 1041 2495 ad
1081 2431 1374 2511 tempus
1411 2428 1712 2495 habitus
1758 2428 2261 2513 ecclesiastic&

388 2533 526 2600 10.·
570 2533 979 2619 Depositi03

389 2643 528 2707 11.·
572 2640 910 2710 Privatio
953 2645 1310 2726 perpetua
1353 2643 1654 2711 habitus
1688 2644 2192 2728 ecclesiastic&

389 2748 529 2814 12.·
572 2748 1032 2834 Degradatio
1075 2748 1125 2818 ².

1441 2876 1617 2946 OAN.
1666 2876 1863 2946 2299.

357 2999 391 3101 g
439 3021 504 3084 1.
557 3018 994 3087 siclericus
1043 3018 1475 3087 beneficium
1517 3019 1991 3088 inamovibsse
2031 3021 2388 3104 obtineat,
2431 3020 2706 3088 eodem·
2725 3021 2806 3087 in
2860 3038 3169 3105 poenam

176 3124 460 3210 privari
518 3132 761 3210 potest
806 3128 1043 3194 solum
1091 3127 1172 3194 in
1216 3127 1512 3194 casibus
1559 3127 1723 3195 iure
1768 3128 2158 3213 expressim
2204 3129 2270 3195 si
2325 3129 2742 3212 amovibile,
2792 3129 3016 3196 etiam
3077 3128 3169 3195 ob

169 3233 365 3300 alias
396 3233 877 3302 rationabiles
902 3252 1170 3302 causas
1196 3233 1250 3304 ².
1878 3325 1881 3332 k

354 3340 388 3423 ξ
434 3341 502 3407 2.
551 3341 826 3410 Clerici
885 3344 1303 3411 obtinentes
1349 3344 1724 3427 beneficia,
1780 3345 2042 3428 officia,
2095 3346 2526 3430 dignitates,
2582 3349 2896 3430 possunt
2945 3346 3171 3413 etiam

172 3448 431 3535 aliquo
461 3454 756 3518 tantum
788 3450 1204 3520 ministerio
1232 3470 1402 3519 cum
1437 3451 1697 3521 iisdem
1727 3453 2150 3536 coniuncto,
2185 3473 2299 3521 ex.
2335 3472 2478 3539 gr„
2514 3453 2931 3522 ministerio
2962 3472 3167 3540 prae·

171 3556 502 3641 dicandi,
548 3557 1047 3626 confessiones
1090 3559 1467 3643 audiendi,
1506 3565 1677 3645 etc„
1717 3561 2094 3645 prohiberi
2138 3562 2233 3629 ad
2278 3566 2564 3629 certum
2603 3565 2898 3646 tempus
2950 3560 3005 3629 ⁸.

358 3663 392 3747 ἓ
437 3665 506 3732 3.
557 3665 836 3750 Nequit
864 3665 1179 3733 clericus
1213 3667 1495 3750 privari
1529 3668 1883 3737 beneficio
1921 3673 2056 3737 aut
2087 3669 2437 3753 pensione
2468 3670 2685 3738 cuius
2721 3670 2949 3739 titulo
2983 3669 3173 3739 ordi·

176 3775 407 3840 natus
446 3773 624 3856 fuit,
671 3774 818 3841 nisi
870 3775 1174 3864 aliunde
1216 3775 1378 3842 eius
1431 3775 1782 3844 honestae
1825 3777 2350 3845 sustentationi
2413 3776 2917 3862 provideatur,
2969 3777 3179 3846 salvo

175 3879 647 3965 praescripto
678 3898 844 3948 can.
887 3880 1084 3964 2303,
1125 3881 1322 3950 2304.

1468 4007 1647 4076 om.
1696 4007 1896 4076 23⁰0.

358 4146 440 4215 Si
477 4146 795 4215 clericus
837 4147 1095 4233 gravia
1132 4147 1484 4216 scandala
1530 4149 1883 4233 praebeat
1915 4152 1994 4217 et
2038 4150 2366 4218 monitus
2403 4171 2549 4219 non
2589 4153 3004 4239 resipiscat,
3047 4172 3180 4221 nec

174 4254 616 4322 scandalum
663 4261 882 4340 queat
924 4254 1150 4322 aliter
1202 4255 1581 4338 removeri,
1625 4261 1875 4340 potest
1918 4257 2217 4325 interim
2265 4260 2550 4345 privari
2592 4260 2757 4344 iure
2798 4261 3181 4330 deserendi

172 4360 519 4430 habitum
549 4362 1150 4445 ecclesiasticum
1181 4380 1367 4446 quae
1402 4363 1752 4447 privatio,
1786 4364 1965 4432 dum
2002 4366 2386 4450 perdurat,
2422 4369 2821 4437 secumfert
2857 4369 3176 4453 probi-bi·

175 4470 459 4538 tionem
502 4469 890 4537 exercendi
922 4469 1339 4538 ministeria
1373 4471 1673 4557 quaevis
1713 4473 2214 4543 ecclesiastica
2246 4479 2324 4544 et
2359 4475 2849 4560 privationem
2887 4476 3177 4561 privile-

177 4578 472 4664 giorum
512 4576 994 4646 clericalium.

184 4838 513 4898 bovena..
549 4842 616 4891 14
651 4840 771 4892 lun.
818 4839 965 4901 1642:
997 4838 1342 4898 nazaraea„
1374 4837 1410 4890 o
1443 4837 1567 4890 dec.
1612 4837 1762 4898 1642,
1797 4837 1878 4890 ad
1911 4840 1961 4900 1;
1994 4837 2324 4898 munemne,
2359 4839 2394 4890 9
2426 4849 2555 4898 apr.
2592 4838 2739 4900 1644ς
2783 4836 3182 4898 Fulvinaten„

182 4932 256 4984 18
279 4942 414 4982 nov.
444 4930 592 4991 1645,
622 4931 701 4983 ad
733 4931 784 4993 23
808 4930 1039 4989 maen„
1067 4930 1133 4982 28
1158 4932 1334 4981 mart.
1364 4923 1511 4989 1648,
1542 4927 1622 4981 ad
1646 4928 1697 4990 ὃς
1730 4926 1979 4987 Πίσωνι,
2012 4928 2077 4979 20
2101 4931 2276 4979 mart.
2308 4927 2455 4989 1640:
2496 4928 2746 4989 Ripana,
2777 4928 2844 4980 18
2875 4940 3002 4989 apr.
3035 4930 3185 4990 1654;

185 5021 537 5080 Alcmenen„
570 5021 635 5073 23
663 5023 805 5081 lun„
843 5023 879 5073 1
905 5024 1053 5082 sept.
1083 5020 1232 5081 1742,
1265 5012 1344 5073 ad
1379 5020 1462 5081 10,
1492 5020 1576 5081 11;
1605 5017 1921 5078 Setiam„
1950 5018 2016 5069 24
2045 5018 2163 5069 ian.
2196 5017 2344 5078 1801,
2376 5017 2455 5070 ad
2494 5019 2610 5069 111.

373 5111 397 5148 ²
435 5112 779 5163 Pontificale
821 5112 1010 5173 Rom„
1053 5113 1149 5164 tlt.
1200 5111 1355 5162 Ordo
1407 5109 1829 5170 momnis,
1872 5107 2389 5164 reconciliationis,
2435 5108 2840 5169 depositionis,
2887 5109 3185 5170 duvencu-

187 5205 394 5261 riom,
428 5203 888 5263 damantionis,
923 5206 982 5254 σε
1013 5202 1411 5254 restitutionis
1452 5213 1755 5253 mororum
1790 5201 2079 5251 ordinum.
2164 5191 2167 5206 '

366 5298 393 5332 ³
431 5290 581 5344 Vide
615 5292 796 5344 etlam
829 5303 958 5343 can.
993 5290 1141 5344 2147.

376 5387 404 5425 ³
432 5383 498 5436 O.
543 5382 593 5442 2,
624 5384 690 5442 Χ,
726 5384 798 5433 ao
832 5381 1190 5442 temporibus
1224 5378 1662 5432 ordinationum
1702 5384 1763 5433 et
1796 5378 2086 5439 qualitate
2120 5377 2599 5440 ordinandorum,
2637 5380 2685 5440 Ι,
2721 5382 2804 5442 11;
2836 5392 2888 5433 c.
2924 5382 2975 5442 4,
3007 5382 3072 5441 X,
3112 5380 3185 5429 de

185 5473 451 5534 names,
493 5473 578 5534 11.
611 5473 663 5525 1.

315 5591 513 5669 σοαπ
544 5615 708 5668 tura
741 5615 1040 5668 cameos.
3001 5613 3057 5657 ω
