3753 5871
1362 230 1538 281 Liber
1568 231 1805 283 Tertius
1838 256 1858 269 -
1895 231 1985 282 Do
2023 231 2222 283 Rebus
3201 226 3308 286 367

321 419 517 485 narii
545 374 689 485 loci
715 417 1155 501 prudentiae
1180 416 1646 502 permittitur
1673 423 1759 486 ut
1786 417 1962 486 aliis
1989 416 2172 486 oleis
2202 422 2722 501 commutetur,
2755 421 3113 503 quantum
3144 416 3309 484 fieri

320 531 589 612 potest,
625 525 1158 609 vegetabilibus
1193 524 1244 591 ¹.

1598 631 1777 700 CAN·
1828 631 2024 698 1272.

490 768 805 837 Hostiae
829 772 1325 845 consecratae,
1350 770 1502 836 sive
1524 773 1829 853 propter
1852 768 2179 836 fidelium
2200 767 2808 851 communionem,
2834 768 2987 836 sive
3008 758 3312 853 propter

320 876 851 959 expositionem
881 878 1333 944 sanctissimi
1370 876 1857 959 Sacramenti,
1890 882 1968 945 et
1993 880 2322 944 recentes
2354 876 2509 944 sint
2537 881 2612 945 et
2640 878 3067 961 frequenter
3103 894 3305 944 reno·

322 987 613 1066 ventur,
653 985 1024 1051 veteribus
1054 986 1198 1052 rite
1222 986 1706 1068 consumptis,
1739 985 1853 1053 ita
1883 990 1968 1053 ut
2002 985 2289 1051 nullum
2320 985 2421 1052 sit
2458 985 2870 1068 periculum
2899 986 3306 1068 corruptio·

327 1093 468 1174 nie,
520 1092 777 1159 sedulo
847 1093 1160 1160 servatis
1208 1092 1829 1160 instructionibus
1908 1110 2091 1176 quas
2149 1092 2595 1159 ordinarius
2673 1092 2817 1159 loci
2883 1092 3020 1159 hac
3075 1092 3167 1159 de
3234 1111 3314 1159 re

328 1199 617 1266 dederit
662 1198 714 1265 ².

1590 1306 1769 1372 CAN.
1818 1304 2015 1373 1273.

500 1444 648 1525 Qui
689 1446 768 1512 in
807 1444 1225 1530 religiosam
1266 1444 1599 1513 fidelium
1644 1446 2193 1513 institutionem
2230 1446 2693 1530 incumbunt,
2733 1447 2922 1513 nihil
2960 1448 3317 1515 omittant

327 1557 414 1620 ut
448 1552 801 1636 pietatem
845 1571 1025 1638 erga
1060 1554 1603 1620 sanctissimam
1643 1553 2193 1621 Eucharistiam
2232 1554 2313 1621 in
2353 1571 2604 1621 eorum
2644 1554 2915 1620 animis
2960 1555 3311 1637 excitent,

326 1677 591 1744 eosque
628 1662 1065 1745 praesertim
1102 1661 1495 1729 hortentur
1530 1666 1641 1744 ut,
1679 1680 1825 1728 non
1872 1663 2090 1729 modo
2131 1662 2390 1730 diebus
2425 1661 2816 1730 dominicis
2859 1667 2936 1731 et
2972 1663 3186 1730 festis
3223 1665 3314 1731 de

325 1772 743 1852 praecepte,
793 1768 919 1836 sed
967 1768 1192 1836 etiam
1252 1769 1511 1837 diebus
1558 1770 1949 1837 ferialibus
1999 1770 2205 1837 intra·
2254 1770 2806 1853 hebdomadam,
2860 1772 3310 1855 frequenter,

328 1878 686 1956 quantum
732 1874 893 1942 fieri
928 1880 1198 1960 potest,
1240 1876 1512 1944 Missae
1551 1876 1916 1944 sacrificio
1950 1878 2309 1945 assistant
2346 1882 2422 1947 et
2467 1878 3013 1945 sanctissimum
3055 1878 3310 1945 Sacra-

325 1985 652 2049 mentum
688 1983 996 2050 visitent
1025 1982 1077 2049 ³.

1595 2092 1771 2159 om.
1819 2089 2015 2156 1274.

506 2230 540 2313 ξ
587 2232 653 2296 1.
704 2231 796 2298 In
841 2230 1170 2299 ecclesiis
1205 2237 1339 2298 aut
1377 2233 1727 2299 oratoriis
1765 2232 2032 2316 quibus
2066 2232 2325 2301 datum
2363 2237 2479 2300 est
2524 2250 2903 2302 asservare
2940 2235 3313 2301 sanctissi-

328 2355 522 2405 mam
552 2337 1129 2420 nuenarianam,
1169 2337 1330 2405 fieri
1359 2343 1603 2424 potest
1630 2339 1996 2424 expositio
2028 2339 2326 2424 privata
2354 2358 2482 2408 seu
2510 2358 2677 2407 cum
2717 2341 2986 2427 pyxide
3015 2361 3104 2409 ex
3143 2360 3313 2426 qua-

329 2445 512 2514 libet
545 2448 745 2514 iusta
779 2463 1009 2514 causa
1043 2449 1202 2515 sine
1247 2448 1631 2515 Ordinarii
1669 2448 1995 2532 licentia;
2039 2448 2407 2533 expositio
2443 2467 2618 2517 vero
2652 2450 2952 2534 publica
2987 2469 3114 2517 seu
3150 2468 3317 2517 cum

330 2554 742 2622 ostensorio
785 2555 907 2622 die
949 2555 1145 2623 festo
1186 2555 1540 2639 Corporis
1582 2555 1869 2624 Christi
1945 2561 2021 2625 et
2085 2557 2289 2624 intra
2365 2562 2700 2625 octavam
2745 2557 2907 2624 fieri
2951 2562 3198 2641 potest
3240 2558 3318 2624 in

329 2661 669 2728 omnibus
716 2662 1044 2729 ecclesiis
1101 2664 1298 2730 inter
1346 2663 1743 2731 Missarum
1803 2664 2191 2732 sollemnia
2235 2670 2310 2732 et
2356 2665 2451 2732 ad
2498 2666 2884 2749 Vesperas;
2930 2665 3104 2733 aliis
3148 2684 3324 2734 vero

330 2768 785 2852 temporibus
820 2770 1115 2837 nonnisi
1159 2789 1247 2837 ex
1283 2772 1485 2838 iusta
1525 2775 1604 2840 et
1636 2773 1846 2856 gravi
1880 2791 2108 2839 causa
2145 2772 2580 2857 praesertim
2620 2773 2919 2857 publica
2953 2777 3030 2841 et
3062 2773 3152 2842 de
3188 2774 3317 2841 Or·

329 2874 609 2944 dinarii
641 2876 785 2944 loci
819 2875 1149 2962 licentia,
1195 2878 1370 2947 licet
1405 2879 1711 2949 ecclesia
1755 2881 1852 2949 ad
1893 2880 2318 2967 religionem
2354 2885 2765 2966 exemptam
2802 2881 3175 2967 pertineat
3205 2881 3259 2950 ⁴.

519 3141 541 3176 ¹
581 3139 640 3192 S.
679 3140 749 3191 R.
796 3141 886 3202 0.,
922 3139 1237 3199 Bavariae,
1274 3140 1339 3194 28
1376 3145 1552 3194 mart.
1591 3142 1736 3203 1503:
1785 3140 2025 3193 Ordinis
2063 3140 2544 3203 capuccinorum,
2585 3142 2651 3194 22
2685 3155 2819 3205 aug.
2862 3143 3008 3203 1699:
3055 3141 3323 3192 Plurium

338 3231 709 3288 dioecesium,
746 3232 812 3282 14
846 3231 951 3283 iul.
992 3231 1138 3293 18643
1178 3230 1453 3291 cuneen„
1490 3231 1525 3283 2
1571 3233 1692 3284 iun.
1734 3232 1884 3293 1883,
1922 3232 2002 3284 ad
2042 3233 2142 3295 1v;
2181 3232 2622 3293 carcassonen„
2670 3234 2705 3286 8
2740 3246 2872 3286 nov.
2918 3234 3063 3294 istm
3099 3233 3318 3285 declar.

336 3321 401 3372 22
422 3335 554 3374 nov.
588 3322 735 3383 loci:
758 3322 1042 3379 Romana,
1070 3323 1135 3375 27
1157 3335 1288 3375 nov.
1318 3322 1466 3384 1908:
1497 3323 1652 3376 decr.
1680 3322 1745 3376 23
1770 3323 1919 3375 tebr.
1949 3323 2097 3385 19163
2120 3323 2562 3376 caeremoniale
2588 3324 2946 3384 Episcopum,
2977 3325 3015 3375 l.
3051 3324 3101 3385 I,
3128 3335 3178 3375 c.
3217 3323 3320 3385 vl,

337 3425 394 3464 ιι.
419 3414 469 3472 2,
495 3426 544 3466 c.
573 3414 705 3473 XII,
729 3426 789 3464 n.
821 3414 902 3474 17;
924 3413 1167 3466 Rituale
1190 3414 1377 3474 Rom..
1408 3414 1501 3467 tit.
1531 3414 1632 3474 1v‚
1662 3426 1711 3465 c.
1746 3415 1798 3474 1,
1825 3416 1897 3465 de
1929 3414 2303 3467 sanctissimo
2332 3413 2748 3466 Eucharistiae
2774 3418 3162 3473 sacramento,
3188 3428 3247 3465 n.
3268 3416 3319 3466 6.

517 3507 545 3542 ²
579 3504 958 3555 Innocentius
993 3505 1092 3565 IV,
1119 3516 1209 3565 ep.
1241 3520 1272 3555 α
1300 3503 1420 3555 Sub
1450 3503 1775 3555 catholicae
1810 3520 1860 3565 ιι,
1889 3505 1923 3557 6
1949 3507 2124 3557 mart.
2155 3503 2303 3564 1254,
2334 3504 2362 3565 3
2390 3504 2441 3564 8,
2471 3517 2529 3556 ιι.
2564 3506 2614 3565 9;
2640 3504 2911 3556 Clemens
2944 3504 3114 3564 vul,
3148 3505 3320 3556 instr.

338 3609 369 3644 ι
392 3594 817 3645 sanctissimus
841 3610 890 3655 ι,
922 3595 988 3647 31
1011 3607 1145 3657 aug.
1177 3595 1324 3656 1595.
1353 3596 1381 3657 3
1406 3595 1457 3656 2;
1480 3594 1836 3648 Benedictus
1860 3595 1993 3646 XIV
1999 3632 2013 3655 ,
2040 3598 2226 3647 const.
2255 3610 2286 3645 α
2318 3595 2453 3646 Etsi
2480 3595 2799 3656 pastoralis
2825 3610 2875 3654 ι,
2905 3594 2970 3646 26
2993 3595 3138 3645 maii
3172 3594 3322 3654 1742,

340 3684 367 3746 3
411 3685 513 3745 vl,
546 3697 606 3736 n.
646 3685 835 3747 ΙΙΙ-νς
865 3697 956 3746 ep.
993 3686 1212 3746 encycl.
1258 3701 1291 3737 e
1321 3684 1558 3737 Allatas
1592 3689 1732 3737 sunit
1766 3701 1817 3746 ι,
1851 3686 1918 3736 26
1952 3686 2056 3738 iul.
2094 3684 2241 3746 1755,
2284 3686 2312 3747 3
2347 3685 2430 3747 2ος
2474 3684 2533 3737 S.
2565 3684 2631 3736 C.
2666 3686 2771 3745 Ep.
2806 3688 2870 3737 et
2900 3685 3065 3746 neg..
3099 3684 3323 3733 Raven-

338 3779 561 3834 naten„
593 3777 627 3829 3
658 3788 792 3838 aug.
838 3777 984 3837 1573:
1020 3776 1078 3829 S.
1120 3776 1189 3827 R.
1226 3775 1314 3837 0.,
1350 3773 1741 3833 Sanctorien..
1775 3776 1842 3828 12
1874 3779 2024 3838 sept.
2062 3776 2210 3836 1884,
2247 3776 2327 3828 ad
2370 3776 2452 3837 113
2487 3776 2928 3828 caeremoniale
2963 3774 3322 3835 Episcopum,

339 3868 377 3919 1.
409 3868 458 3930 I,
487 3880 537 3919 c.
568 3868 671 3929 VI,
708 3880 766 3919 n.
800 3868 850 3929 2;
877 3867 1118 3919 Rituale
1146 3867 1333 3928 Rom„
1364 3867 1460 3920 tlt.
1494 3868 1596 3925 IV,
1626 3878 1675 3918 c.
1707 3868 1759 3924 1.
1798 3869 1870 3918 de
1902 3868 2277 3919 sanctissimo
2306 3866 2720 3917 Eucharistiae
2758 3870 3147 3923 sacramento,
3176 3877 3234 3914 n.
3272 3864 3322 3915 7.

512 3960 540 3995 ³
577 3959 642 4010 0.
676 3959 760 4018 56,
793 3959 864 4009 D.
909 3958 990 4018 11,
1024 3960 1096 4009 de
1128 3968 1305 4013 cons:
1341 3958 1514 4010 Cone.
1547 3958 1835 4018 Trident„
1869 3970 2013 4010 sess.
2049 3958 2215 4017 XIII,
2250 3958 2321 4008 de
2351 3953 2752 4015 Eucharistia,
2785 3966 2836 4006 c.
2875 3954 2924 4016 8;
2963 3967 3107 4006 sess.
3144 3953 3324 4013 XXII,

341 4050 413 4101 de
455 4049 743 4111 sacrificio
785 4052 1023 4109 missae,
1066 4061 1115 4101 c.
1171 4050 1220 4109 63
1268 4049 1339 4100 de
1382 4049 1764 4100 observandis
1807 4052 1868 4100 et
1911 4048 2207 4099 evitandis
2250 4049 2314 4097 in
2359 4046 2750 4098 celebratione
2793 4044 3029 4103 missae:
3083 4044 3327 4097 Benedi-

337 4145 473 4193 ctus
508 4141 660 4201 XIV,
697 4143 883 4193 const.
927 4155 960 4191 e
994 4140 1084 4191 Aa
1120 4139 1439 4191 militantis
1478 4155 1527 4200 s,
1566 4139 1632 4192 30
1668 4141 1842 4191 mart.
1893 4139 2039 4199 1742,
2077 4139 2104 4199 3
2142 4138 2192 4199 63
2226 4148 2317 4196 ep.
2357 4138 2575 4199 encycl.
2618 4150 2648 4187 e
2697 4136 2990 4188 certiores
3038 4136 3235 4195 effecti
3273 4151 3323 4196 n,

339 4233 406 4286 18
439 4244 569 4284 nov.
609 4232 757 4291 1742,
795 4232 823 4293 3
867 4231 972 4293 2-4;
1010 4232 1153 4283 Pius
1190 4232 1287 4292 IX,
1323 4241 1415 4291 ep,
1452 4232 1668 4301 encycl.
1711 4245 1744 4281 e
1776 4229 1980 4281 Nostis
2016 4234 2074 4280 et
2120 4227 2434 4278 Nobiscum
2471 4243 2522 4287 n,
2558 4226 2593 4279 8
2636 4227 2758 4278 dec.
2798 4226 2944 4287 18493
2981 4238 3071 4286 ep.
3103 4227 3324 4287 encycl.

292 4303 306 4315 ⁰
340 4339 371 4374 α
400 4322 704 4382 sinoulari
732 4324 966 4381 quidem
992 4338 1042 4383 ι,
1077 4323 1143 4373 17
1167 4326 1341 4375 mart.
1372 4322 1519 4382 1856:
1550 4333 1640 4382 ep.
1670 4322 1891 4382 encycl.
1923 4335 1953 4371 α
1983 4319 2391 4371 Amantissimi
2421 4316 2828 4376 Redemptoris
2858 4333 2905 4376 n,
2936 4318 2970 4369 3
3002 4317 3146 4367 maii
3181 4316 3330 4377 185&

338 4416 457 4467 Leo
477 4415 644 4476 XIII,
667 4426 759 4475 ep.
783 4415 1002 4475 encycl.
1037 4428 1068 4463 ι
1094 4413 1283 4464 Μίνω
1308 4413 1581 4464 caritatis
1606 4427 1656 4473 ι,
1680 4412 1745 4463 28
1769 4410 1914 4463 maii
1940 4410 2086 4473 1902;
2111 4410 2253 4462 Pius
2283 4411 2349 4469 X,
2378 4410 2498 4461 litt.
2525 4410 2743 4471 encycl.
2781 4423 2811 4458 «
2835 4408 3051 4459 Editae
3079 4417 3255 4466 saepe
3273 4421 3322 4465 u,

340 4506 406 4557 2ss
437 4504 583 4556 man
613 4505 760 4565 1910:
801 4504 860 4556 s.
893 4504 957 4556 0.
992 4489 1099 4565 ιιι).
1130 4507 1193 4557 et
1227 4503 1392 4566 neg..
1436 4504 1606 4555 matr.
1650 4502 1751 4562 (ad
1787 4503 1895 4563 ιιι».
1934 4501 2323 4562 numanae),
2357 4499 2424 4552 28
2455 4499 2600 4550 man
2633 4497 2780 4558 isos,
2819 4511 2878 4548 n.
2912 4498 3013 4558 vn
3057 4495 3114 4549 s.
3152 4496 3217 4548 c.
3255 4496 3330 4548 «ιο

345 4596 765 4657 sacramentis,
802 4595 956 4647 decr.
1004 4595 1038 4647 8
1070 4608 1205 4658 aug.
1242 4595 1392 4654 1910,
1430 4607 1487 4645 ιι.
1528 4593 1630 4653 vl:
1670 4593 1728 4645 S.
1767 4593 1833 4646 C.
1872 4593 1962 4653 O..
2000 4592 2065 4644 12
2099 4593 2249 4644 febr.
2299 4591 2444 4651 16793
2483 4590 2638 4642 decr.
2680 4604 2711 4639 α
2750 4587 2933 4638 Sacra
2982 4585 3327 4636 Tridentina

342 4689 614 4746 synodus
641 4702 691 4748 n,
727 4687 793 4740 20
817 4686 940 4738 dec.
971 4686 1119 4746 1905,
1152 4698 1209 4736 ιι.
1246 4684 1295 4745 6;
1325 4684 1587 4735 Romana
1615 4687 1674 4734 et
1702 4683 1978 4742 aliarum,
2009 4683 2075 4734 15
2103 4685 2251 4742 sept.
2284 4680 2431 4740 1906,
2463 4680 2540 4732 ad
2567 4681 2617 4740 1:
2646 4677 2705 4731 S.
2743 4677 2810 4730 O.
2840 4677 2915 4728 de
2951 4677 3126 4737 Prop.
3161 4675 3325 4734 Fide,

343 4779 515 4830 instr.
561 4776 665 4836 (ad
702 4778 825 4829 vic.
863 4777 971 4837 Ap.
1023 4774 1389 4835 Sutchuen.),
1430 4774 1495 4826 29
1529 4784 1658 4833 apr.
1697 4773 1845 4835 1784;
1883 4773 2053 4825 lustr.
2103 4772 2234 4833 (pro
2272 4771 2535 4823 mission.
2578 4768 2749 4829 Sim),
2798 4780 2854 4819 a.
2887 4767 3034 4828 1817:
3081 4767 3169 4825 (C.
3212 4766 3338 4826 G.)..

343 4869 409 4920 12
445 4869 565 4920 ian.
601 4868 749 4931 ism:
777 4867 1020 4920 Rituale
1049 4866 1238 4927 Rom„
1273 4867 1369 4918 tit.
1414 4865 1514 4924 lv,
1546 4876 1597 4916 c.
1629 4866 1681 4923 1,
1717 4865 1788 4914 de
1821 4861 2196 4914 sanctissimo
2227 4859 2642 4912 Eucharistiae
2674 4861 3065 4917 sacramento,
3098 4870 3156 4909 n.
3196 4856 3245 4907 2.
3265 4883 3333 4894 -

345 4961 493 5013 Vide
526 4961 709 5012 etiam
737 4969 867 5009 can.
900 4957 1016 5017 467,
1049 4956 1077 5017 3
1111 4956 1160 5007 2.

525 5053 555 5089 ⁴
584 5051 758 5103 Cone.
794 5050 1082 5109 Trident„
1127 5060 1271 5099 sess.
1308 5046 1475 5107 XIII,
1513 5048 1584 5097 de
1620 5045 2021 5104 Eucharistia,
2058 5056 2189 5096 can.
2229 5043 2280 5104 6ς
2315 5041 2671 5094 Benedictus
2704 5041 2856 5101 XIV,
2893 5051 2984 5100 ep.
3024 5054 3055 5089 α
3101 5035 3330 5096 Accepi·

346 5155 476 5194 mus
498 5158 548 5202 ι,
580 5142 647 5194 16
674 5153 800 5202 apr.
826 5140 974 5202 1746ς
995 5143 1181 5192 const.
1208 5154 1239 5189 α
1266 5137 1547 5199 Quamvis
1569 5137 1728 5188 iusto
1758 5151 1809 5198 ιι,
1834 5136 1902 5189 30
1926 5148 2054 5198 apr.
2083 5135 2232 5194 1749,
2262 5134 2290 5195 3
2314 5132 2397 5194 243
2422 5143 2514 5193 ep.
2543 5147 2576 5183 e
2604 5131 2771 5188 cum,
2802 5133 2871 5182 ut
2903 5132 3063 5181 recte
3092 5126 3252 5179 nosti
3279 5142 3330 5187 ι,

345 5234 412 5286 27
447 5234 552 5285 iul.
584 5233 732 5293 1755,
764 5232 792 5293 3
821 5233 904 5294 133
932 5231 1203 5284 Clemens
1238 5230 1404 5289 XIII,
1434 5231 1621 5281 const.
1655 5242 1685 5278 α
1715 5227 1885 5278 Inter
1911 5224 2268 5285 multiplices
2298 5238 2350 5284 ι,
2381 5225 2445 5275 11
2483 5221 2607 5275 dec.
2639 5220 2788 5281 1758,
2823 5221 2851 5282 3
2881 5220 2986 5281 5-75
3018 5220 3136 5271 Leo
3163 5217 3330 5277 XIII,

345 5328 530 5378 const.
562 5341 593 5376 ι
619 5322 905 5375 concitae
928 5335 966 5373 a
1000 5323 1236 5375 christo
1261 5336 1311 5382 ι,
1343 5320 1377 5372 8
1398 5321 1522 5373 dec.
1548 5320 1697 5379 1900,
1726 5320 1753 5380 3
1779 5318 1830 5379 2,
1860 5330 1920 5369 ιι.
1951 5317 2066 5378 ΙΙΙ;
2093 5315 2152 5369 8.
2179 5315 2246 5368 O.
2273 5315 2381 5377 np.
2415 5316 2479 5366 et
2501 5314 2667 5375 neg..
2700 5310 3082 5367 Derthonen„
3112 5309 3180 5361 18
3206 5308 3331 5360 dee.

347 5416 494 5478 1589;
532 5412 922 5472 camerinen..
954 5412 1021 5465 m
1046 5415 1159 5465 oct.
1190 5412 1339 5475 15942
1369 5409 1752 5470 Derthonen„
1792 5409 1825 5460 7
1855 5410 2003 5469 sept.
2038 5406 2185 5468 1598:
2216 5402 2553 5463 Novarien„
2584 5404 2618 5453 4
2648 5405 2825 5454 mart.
2859 5400 3006 5462 1603:
3048 5398 3107 5452 8.
3142 5398 3209 5451 0.
3245 5397 3342 5458 0.,
