3753 5871
1466 332 1830 384 Documento
2866 371 2867 374 ,
3036 327 3146 387 0⁶3

156 518 636 583 cardinalium
679 519 928 598 partis,
965 519 1040 581 in
1077 517 1273 583 aliud
1308 523 1579 598 tempus
1624 519 1891 583 differri
1928 536 2066 582 non
2105 519 2357 600 valeat,
2410 520 2481 583 Β.
2533 520 2936 600 collegium,
2976 520 3144 584 item

159 626 361 690 iuxta
398 627 685 690 maioris
722 628 951 707 partis
990 628 1428 705 sententiam,
1474 628 1557 692 de
1600 630 1995 707 opportuno
2035 627 2336 692 remedio
2386 628 2748 708 disponere
2801 631 3032 707 potest
3073 630 3146 690 et

155 733 361 797 debet
392 734 442 796 ².

1442 964 1681 1027 cnm·
1732 964 1834 1027 II.

978 1105 1084 1167 De
1113 1103 1589 1166 cardinalium
1618 1102 2303 1183 Gonyreyationibus.

345 1340 406 1402 6.
468 1339 795 1417 Tempore
846 1336 1045 1400 Sedis
1092 1335 1408 1399 vacantis
1453 1336 1705 1414 duplex
1752 1333 2091 1399 habeatur
2136 1335 2613 1398 cardinalium
2662 1334 3144 1415 congregatio,

152 1447 386 1510 altera
420 1444 787 1523 yeneralis,
821 1445 962 1507 sive
999 1444 1219 1507 totius
1250 1442 1563 1524 collegii,
1597 1443 1820 1507 altera
1851 1441 2328 1521 particularis,
2359 1448 2688 1506 constans
2724 1443 2955 1506 tribus
2983 1442 3146 1506 car·

151 1553 509 1617 dina-libus
541 1553 1076 1632 antiquioribus,
1120 1569 1258 1615 uno
1299 1570 1383 1616 ex
1425 1568 1690 1631 quoque
1723 1551 2005 1632 Ordine,
2042 1568 2197 1614 cum
2232 1550 2652 1631 Camerario,
2691 1567 2980 1631 quornm
3014 1551 3148 1614 ossi·

152 1661 341 1723 cium
367 1660 581 1725 tertia
607 1661 720 1725 die
745 1664 904 1740 post
936 1658 1298 1723 Conclavis
1326 1658 1708 1739 ingressum
1744 1659 2022 1721 omnino
2048 1659 2383 1738 exspirat,
2420 1659 2495 1721 in
2523 1674 2887 1736 eorumque
2924 1658 3148 1720 locum

152 1772 307 1831 tres
346 1767 471 1830 alii
516 1772 874 1846 sequentes
912 1766 986 1829 in
1026 1767 1285 1831 Ordine
1324 1764 1628 1847 quolibet
1676 1767 1891 1829 tertio
1928 1766 2040 1830 die
2090 1783 2231 1829 una
2271 1784 2425 1829 cum
2475 1766 2708 1830 eodem
2753 1764 3148 1829 Camerario

153 1874 536 1937 succedunt
574 1875 626 1937 ².

343 1983 405 2044 7.
441 1982 778 2045 Volumus
806 1986 888 2046 ut
917 1983 992 2044 in
1026 1982 1237 2045 dictis
1267 1982 1933 2068 congregationibus
1973 1981 2537 2060 particularibus,
2571 1998 2745 2060 quae
2785 1981 2927 2044 sive
2959 1983 3147 2058 ante,

153 2090 303 2154 sive
349 2095 508 2169 post
544 2094 861 2169 coeptum
896 2087 1233 2153 conclave
1271 2088 1505 2152 haberi
1545 2092 1898 2167 poterunt,
1949 2087 2227 2152 levioris
2264 2089 2630 2151 dumtaxat
2676 2088 3026 2166 momenti,
3067 2106 3151 2152 ac

151 2198 229 2259 in
285 2197 435 2260 dies
476 2215 596 2261 seu
642 2198 899 2276 passim
941 2196 1376 2260 occurrentia
1413 2196 1694 2275 negotia
1733 2196 2212 2276 expediantur.
2262 2196 2338 2259 Si
2391 2195 2555 2275 quid
2600 2212 2758 2259 vero
2810 2195 3151 2274 gravioris

150 2306 486 2368 momenti
522 2309 729 2383 atque
764 2303 1116 2383 indaginis
1150 2304 1387 2382 fuerit,
1429 2304 1504 2366 id
1550 2321 1746 2367 omne
1790 2303 1882 2367 ad
1921 2302 2532 2383 Congregationem
2580 2301 2988 2383 generalem,
3029 2320 3148 2366 seu

148 2413 245 2475 ad
288 2412 361 2474 S.
400 2411 778 2492 collegium
814 2410 1291 2474 cardinalium
1330 2412 1706 2475 deteratur.
1748 2413 1849 2474 Ac
1897 2411 2214 2490 ulterius,
2254 2426 2427 2491 quae
2471 2411 2545 2473 in
2584 2428 2726 2474 una
2769 2410 3148 2490 congrega·

149 2520 352 2583 tione
385 2519 794 2598 particulari
827 2519 1125 2596 decreta,
1158 2519 1488 2599 resoluta,
1522 2519 1626 2582 vel
1655 2520 1995 2600 denegata
2029 2519 2317 2598 fuerint,
2349 2519 2424 2581 in
2462 2519 2609 2582 alia
2634 2518 2965 2598 revocari,
3006 2535 3146 2580 mu·

148 2627 327 2706 tari,
354 2632 483 2691 aut
506 2627 785 2691 concedi
812 2630 1176 2706 nequeant,
1205 2627 1323 2690 sed
1348 2627 1423 2690 id
1455 2627 1753 2690 faciendi
1780 2627 1896 2690 ius
1927 2628 2179 2690 habeat
2202 2626 2359 2706 ipsa
2390 2630 2665 2689 tantum
2690 2624 3153 2705 congregatio

146 2733 502 2813 generalis
536 2751 658 2813 per
690 2733 1164 2813 pluralitatem
1208 2733 1694 2813 suffragiorum
1729 2736 1778 2795 ⁸.

343 2842 406 2904 8.
467 2841 817 2921 Suffragia
855 2842 931 2903 in
972 2839 1449 2905 cardinalium
1492 2839 2180 2921 Congregationibus,
2228 2857 2383 2921 cum
2426 2840 2516 2905 de
2555 2842 2761 2904 rebus
2811 2839 3152 2920 gravioris

146 2950 484 3013 momenti
514 2954 789 3029 agatur,
825 2967 964 3012 non
992 2965 1133 3027 ore,
1171 2949 1288 3013 sed
1321 2949 1676 3029 sum-agiis
1701 2949 1988 3013 secretis
2013 2949 2289 3013 dentur.

346 3059 408 3120 9.
453 3058 654 3121 Inter
684 3057 1040 3136 generales
1076 3058 1659 3136 congregationes
1707 3058 2046 3136 singulari
2089 3057 2435 3123 mentione
2474 3058 2726 3137 dignae
2762 3061 2931 3120 sunt
2977 3073 3151 3135 quae

146 3169 325 3229 ante
356 3165 738 3244 ingressum
769 3166 844 3227 in
878 3165 1215 3229 conclave
1254 3165 1617 3244 habentur,
1651 3164 2058 3243 eaedemque
2096 3164 2678 3245 Oongregationes
2710 3169 3149 3245 praeparato·

146 3274 309 3337 riae
347 3271 685 3351 appellari
719 3278 1032 3350 possunt.

343 3382 443 3442 10.
504 3380 1086 3460 Congregationes
1149 3379 1503 3459 generales
1577 3381 2143 3460 praeparatoriae
2208 3382 2516 3459 quotidie
2579 3381 2861 3444 omnino
2926 3379 3151 3444 locum

146 3489 409 3552 habere
439 3488 691 3551 debent
719 3505 766 3551 a
795 3489 907 3551 die
940 3488 1171 3551 obitus
1212 3488 1575 3552 Pontificis
1610 3506 1824 3567 usque
1857 3489 1948 3552 ad
1983 3489 2161 3553 diem
2205 3506 2340 3567 quo
2374 3487 2712 3553 conclave
2743 3487 3152 3552 Gardinales

142 3595 668 3676 ingrediuntur,
716 3596 925 3659 etiam
979 3595 1242 3675 diebus,
1287 3596 1534 3675 quibus
1586 3597 1945 3675 exsequiae
1988 3597 2297 3660 defuncti
2343 3594 2706 3660 Pontificis
2759 3595 3148 3674 persolvun-

141 3708 301 3781 tur,
331 3703 540 3782 idqne
565 3722 650 3768 eo
680 3703 970 3767 consilio
1009 3705 1136 3767 fiat
1165 3708 1248 3767 ut
1277 3704 1565 3768 liberum
1599 3704 1697 3767 sit
1724 3707 1874 3767 tum
1915 3703 2275 3767 Cardinali
2309 3703 2705 3768 camerario
2736 3703 3148 3767 sententiam

145 3813 222 3875 S.
262 3809 557 3891 collegii
579 3811 935 3890 exquirere
961 3816 1173 3890 atque
1194 3829 1346 3875 cum
1372 3811 1527 3891 ipso
1550 3829 1723 3891 quae
1754 3811 2144 3876 necessaria
2167 3814 2270 3876 vel
2296 3811 2690 3891 opportuna
2711 3811 3147 3889 iudicaverit,

142 3918 683 3997 communicare,
725 3923 875 3982 tum
929 3920 1224 3999 singulis
1266 3919 1757 3983 cardinalibus
1799 3919 2214 3985 sententiam
2256 3937 2449 3983 suam
2491 3920 2679 3982 circa
2718 3917 3153 3982 occurrentia

143 4025 439 4106 negotia
480 4027 773 4106 aperire,
829 4027 904 4089 in
950 4029 1154 4091 rebus
1196 4027 1428 4091 dubiis
1470 4027 1967 4107 explicationes
2020 4026 2387 4106 sciscitari,
2433 4031 2507 4090 et
2560 4030 2955 4104 opportuna
2997 4043 3147 4104 pro·

143 4151 432 4214 ponere.

340 4241 447 4304 11.
497 4242 583 4304 In
623 4242 1020 4305 memoratis
1060 4240 1725 4322 congregationibus
1774 4244 2212 4323 generalibus
2252 4244 2418 4306 haec
2469 4240 2834 4321 praecipue
2874 4239 3155 4318 negotia

140 4349 582 4428 expedienda
621 4354 789 4413 sunt
824 4352 893 4410 ⁴:

427 4461 493 4535 a)
544 4457 630 4519 In
687 4457 932 4536 primis
978 4457 1642 4538 congregationibus
1683 4459 1953 4538 integre
2000 4457 2323 4537 legendae
2380 4461 2588 4520 erunt
2631 4460 2781 4520 tum
2829 4471 3154 4535 praesens

142 4566 348 4643 haec,
378 4581 583 4643 quum
613 4565 934 4643 superius
958 4570 1375 4630 memoratae
1407 4566 1960 4630 constitutiones
1989 4585 2024 4626 α
2053 4564 2502 4628 commissum
2538 4565 2754 4628 Nobis
2782 4585 2815 4625 »
2846 4563 2930 4626 de
2963 4562 3151 4626 civili

155 4674 332 4732 Veto
371 4688 489 4734 seu
521 4670 918 4746 Εωοῑαείυα,
951 4673 1058 4736 uti
1100 4678 1370 4753 vocant,
1406 4673 1481 4738 in
1521 4673 1850 4742 electione
1886 4673 2148 4737 Summi
2181 4673 2565 4752 Pontificis,
2610 4690 2655 4736 a
2686 4672 2905 4735 Nobis
2934 4670 3150 4749 edita,

139 4786 219 4844 et
253 4778 512 4843 Leonis
538 4780 711 4842 XIII
745 4799 780 4840 α
807 4778 1372 4842 Praedeoeasorea
1399 4780 1464 4841 N
1465 4782 1642 4842 ostri
1670 4803 1704 4843 n
1741 4799 1897 4846 cum
1924 4782 2199 4845 adiecta
2225 4780 2734 4844 Instructione:
2777 4779 3154 4857 iisdemque

142 4886 505 4967 perlectis,
541 4886 1023 4949 iusiurandum
1067 4890 1154 4951 ab
1191 4889 1503 4952 omnibus
1538 4887 2029 4962 Gardinalibus
2065 4889 2545 4969 praesentibus
2585 4888 2786 4951 iuxta
2822 4887 3150 4967 praescri·

340 5106 358 5134 ¹
393 5103 558 5172 Greg-
583 5106 649 5167 X,
673 5106 738 5159 in
767 5120 959 5174 gener.
993 5121 1153 5161 conc.
1186 5108 1449 5175 Lugdun.
1482 5106 1657 5174 cap.3
1692 5127 1718 5154 ι
1749 5107 1860 5161 Ubi
1887 5107 2297 5175 periculum».
2334 5107 2366 5175 6
2401 5108 2426 5158 1
2460 5108 2532 5161 de
2562 5108 2718 5162 elect.
2744 5106 2786 5169 1,
2819 5106 2853 5157 6
2884 5106 2945 5158 in
2976 5106 3153 5170 Sext.;

135 5204 228 5257 Pii
263 5202 345 5256 IV
378 5201 567 5257 Const.
610 5225 638 5251 ι
657 5204 732 5257 In
760 5205 1050 5272 dicendis
1075 5229 1121 5270 ι,
1154 5205 1186 5274 fi
1215 5207 1264 5258 6.

340 5302 361 5331 '
393 5299 565 5354 clem.
592 5301 695 5354 XII
730 5304 930 5356 const.
949 5325 975 5352 ι
998 5304 1374 5373 Δροείοῑαίιιε
1407 5308 1666 5374 officium
1686 5329 1736 5370 ι,
1759 5307 1793 5375 5
1817 5306 1880 5369 '73
1905 5306 1992 5361 Pii
2024 5307 2100 5361 IV
2120 5307 2313 5362 const.
2345 5327 2371 5355 ι
2392 5307 2467 5360 In
2497 5307 2787 5375 dicendis
2810 5328 2859 5368 ι,
2882 5305 2947 5374 §fi
2977 5305 3009 5357 7
3031 5308 3088 5359 et
3107 5308 3163 5359 8.

338 5401 361 5430 ⁸
392 5398 564 5457 Clam.
600 5400 701 5453 XII
734 5401 926 5456 Consi.
966 5423 992 5451 e
1015 5404 1390 5471 Apostolatus
1423 5407 1682 5473 officium
1702 5426 1752 5470 t,
1785 5406 1819 5475 5
1849 5407 1900 5461 7.

338 5507 363 5536 ⁴
393 5504 565 5561 clem.
600 5505 702 5560 ΧΠ
737 5507 1086 5576 chiram-am
1123 5529 1149 5556 ι
1171 5510 1412 5564 Avendo
1443 5511 1562 5565 Nm·
1583 5533 1632 5585 ι,
1665 5511 1733 5565 24
1762 5512 1893 5566 Dec.
1928 5513 2073 5577 1732,
2105 5527 2161 5566 n.
2201 5514 2278 5566 17.
