3753 5871
582 360 733 405 nv!
1426 348 1438 370 '
1763 344 1961 397 omo
2005 343 2167 395 lurco
2207 343 2492 396 onmia

816 535 1225 613 Profiteor
1275 552 1612 638 quoque
1657 537 1983 635 septem
2029 556 2208 614 esse
2251 556 2448 611 vere
2503 536 2587 612 et
2638 532 2972 634 proprie
3021 530 3567 610 Sacramenta

589 701 858 758 novae
914 678 1125 780 legis
1182 701 1234 757 a
1280 679 1477 757 Iesu
1531 676 1868 756 Christo
1915 674 2280 755 Domino
2329 677 2617 753 nostro
2665 675 3083 765 instituta,
3141 675 3399 775 atque
3456 673 3566 752 ad

588 819 952 900 salutem
1000 818 1360 897 humani
1405 790 1759 921 generis,
1809 819 2006 897 licet
2062 839 2234 895 non
2292 817 2582 895 omnia
2637 813 3018 917 singulis,
3069 814 3563 904 necessaria,

583 964 925 1055 scilicet,
978 963 1539 1065 Baptismum,
1591 961 2367 1052 Confirmationem,
2420 958 3073 1049 Eucharistiam‚
3126 957 3568 1035 Poeniten-

490 1086 491 1089 Ὺ
583 1107 818 1197 tiam,
860 1106 1352 1183 Extremam
1394 1103 1926 1194 Unctionem,
1962 1102 2367 1180 Ordinem
2406 1105 2491 1180 et
2527 1101 3215 1191 Matrimonium;
3254 1098 3571 1201 illaque

584 1247 952 1349 gratiam
980 1245 1384 1335 conferre,
1419 1247 1504 1323 et
1532 1267 1636 1322 ex
1662 1243 1799 1323 his
1834 1244 2401 1344 Baptismum,
2438 1242 3188 1322 Confirmationem
3218 1244 3303 1321 et
3331 1241 3569 1321 Ordi-

586 1414 781 1470 nem
841 1392 1022 1470 sine
1080 1387 1520 1489 sacrilegio
1569 1387 1950 1466 reiterari
2007 1409 2178 1464 non
2236 1408 2502 1488 posse.
2563 1432 2589 1443 -
2640 1386 3052 1487 Receptos
3096 1406 3435 1487 quoque
3484 1385 3571 1463 et

584 1531 1094 1633 approbatos
1125 1530 1548 1609 Ecclesiae
1582 1529 2069 1608 Catholicae
2101 1531 2315 1606 ritus
2346 1531 2437 1607 in
2469 1528 3154 1630 supradictorum
3183 1527 3568 1607 omnium

587 1671 1327 1750 Sacramentorum
1372 1671 1762 1751 sollemni
1813 1672 2553 1751 administratione
2608 1671 2919 1772 recipio
2971 1676 3059 1751 et
3099 1670 3483 1750 admitto.
3540 1718 3569 1733 ·

585 1814 894 1893 Omnia
927 1818 1013 1894 et
1036 1813 1380 1916 singula
1405 1836 1624 1915 quae
1648 1815 1757 1893 de
1787 1817 2132 1916 peccato
2163 1813 2558 1914 originali
2583 1817 2672 1893 et
2705 1815 2808 1893 de
2838 1813 3439 1893 iustificatione
3474 1815 3572 1891 in

583 1959 1119 2036 sacrosancta
1149 1955 1653 2034 Tridentina
1683 1954 2024 2054 Synodo
2049 1954 2402 2034 definita
2430 1957 2517 2035 et
2538 1952 2971 2035 declarata
2997 1954 3364 2044 fuerunt,
3393 1975 3571 2033 am-

584 2098 905 2200 plector
935 2102 1019 2177 et
1051 2098 1386 2199 recipio.
1423 2143 1452 2155 -
1481 2082 1899 2176 Profiteor
1925 2098 2246 2198 pariter.
2284 2098 2373 2174 in
2406 2096 2676 2175 Missa
2711 2096 2993 2174 offerri
3028 2097 3202 2175 Deo
3242 2118 3569 2188 verum,

585 2241 1024 2342 proprium
1067 2244 1152 2320 et
1199 2241 1890 2344 propitiatorium
1943 2239 2470 2319 Sacrificium
2522 2262 2674 2342 pro
2717 2239 2940 2318 vivis
2991 2243 3076 2319 et
3115 2239 3571 2330 defuncti&

584 2384 838 2483 atque
875 2384 967 2461 in
994 2384 1534 2462 sanctissimo
1565 2383 2153 2477 Eucharistiae
2187 2382 2733 2462 Sacramento
2765 2405 2945 2462 esse
2976 2405 3194 2474 vere,
3231 2382 3577 2461 realiter

460 2564 465 2569 ·
579 2530 667 2614 et
704 2517 1382 2604 substantialiter
1416 2524 1743 2627 Corpus
1783 2528 1869 2605 et
1907 2521 2431 2627 Sanguinem
2470 2547 2647 2604 una
2678 2547 2874 2604 cum
2911 2526 3203 2604 anima
3235 2528 3321 2604 et
3350 2524 3573 2603 divi-

582 2649 850 2745 nitate
893 2667 1239 2746 Domini
1282 2669 1548 2746 nostri
1589 2668 1787 2746 Iesu
1840 2666 2184 2758 Christi,
2231 2667 2580 2768 fierique
2622 2667 3258 2746 conversionem
3301 2668 3574 2747 totius

582 2812 1110 2891 substantiae
1136 2811 1385 2914 panis
1413 2813 1507 2889 in
1541 2808 1890 2913 Corpus,
1925 2813 2010 2890 et
2032 2812 2297 2894 totius
2327 2811 2855 2891 substantiae
2881 2811 3066 2889 vini
3090 2812 3183 2889 in
3213 2810 3574 2913 Sangui-

581 2969 799 3039 nem,
823 2971 1087 3049 quam
1122 2953 1758 3030 conversionem
1801 2951 2245 3031 Catholica
2266 2951 2643 3030 Ecclesia
2661 2951 3579 3032 Transsubstantiatio-

580 3098 778 3156 nem
804 3076 1201 3179 appellat.
1231 3079 1533 3157 Fateor
1553 3080 1817 3159 etiam
1844 3079 2004 3158 sub
2034 3079 2302 3158 altera
2331 3079 2677 3159 tantum
2706 3079 2982 3182 specie
3008 3081 3285 3160 totum
3312 3081 3576 3182 atque

581 3222 1010 3323 integrum
1044 3219 1503 3312 Christum,
1538 3243 2004 3322 verumque
2033 3221 2681 3301 Sacramentum
2718 3221 2965 3301 sumi.
2999 3266 3028 3280 -
3063 3220 3580 3301 Constanter

581 3366 825 3443 teneo
863 3363 1468 3465 Purgatorium
1503 3386 1706 3455 esse,
1746 3365 2247 3467 animasque
2278 3365 2399 3443 ibi
2436 3366 2824 3446 detentas
2858 3363 3239 3442 fidelium
3272 3363 3576 3443 suffra-

579 3507 742 3608 giis
771 3507 1073 3585 iuvari.
1106 3506 1515 3586 Similiter
1547 3510 1632 3587 et
1655 3506 2011 3587 Sanctos
2038 3530 2213 3588 una
2241 3530 2438 3587 cum
2471 3507 2808 3587 Christo
2838 3510 3289 3609 regnantes
3321 3530 3576 3586 vene·

585 3650 895 3729 randos
939 3652 1196 3751 atque
1247 3650 1771 3743 invocandos
1823 3673 2025 3742 esse,
2077 3673 2388 3754 eosque
2439 3651 2862 3730 orationes
2907 3647 3083 3730 Deo
3126 3673 3280 3753 pro
3321 3650 3575 3729 nobis

582 3792 901 3883 offerre,
941 3794 1198 3895 atque
1231 3814 1523 3871 eorum
1568 3793 2007 3896 Reliquias
2044 3816 2225 3873 esse
2261 3794 2814 3873 venerandas.
2857 3794 3252 3871 Firmiter
3289 3815 3580 3874 assero

582 3933 997 4035 imagines
1044 3934 1363 4013 Christi
1406 3958 1506 4014 ac
1549 3934 1964 4037 Deiparae
2006 3957 2337 4037 semper
2387 3934 2789 4037 Virginis,
2837 3957 3167 4013 necnon
3210 3935 3584 4014 aliorum

582 4078 1090 4157 Sanctorum
1119 4077 1557 4157 habendas
1584 4079 1674 4157 et
1707 4078 2195 4158 retinendas
2222 4100 2423 4169 esse,
2457 4080 2712 4181 atque
2744 4078 2866 4156 eis
2896 4076 3282 4156 debitum
3312 4076 3581 4155 hono-

582 4242 760 4298 rem
823 4243 923 4299 ac
983 4222 1619 4314 venerationem
1681 4221 2361 4320 impertiendam.
2426 4265 2453 4277 —
2510 4218 3255 4322 Indulgentiarum
3309 4222 3581 4300 etiam

580 4366 1090 4467 potestatem
1148 4388 1202 4442 a
1264 4364 1603 4443 Christo
1667 4366 1759 4443 in
1826 4365 2203 4445 Ecclesia
2268 4364 2650 4444 relictam
2712 4365 2996 4458 fuisse,
3053 4364 3585 4469 illarumque

581 4531 836 4588 usum
887 4507 1376 4587 Christiano
1410 4506 1725 4611 populo
1763 4509 2138 4587 maxime
2177 4507 2639 4587 salutarem
2679 4532 2860 4589 esse
2901 4508 3242 4588 affirmo.
3285 4556 3314 4568 -
3365 4508 3582 4587 San-

581 4654 830 4743 ctam,
869 4649 1397 4730 Catholicam
1430 4653 1517 4731 et
1544 4651 2126 4753 Apostolicam
2153 4652 2631 4732 Romanam
2662 4652 3154 4745 Ecclesiam,
3184 4653 3586 4734 omnium

581 4792 1153 4873 Ecclesiarum
1191 4798 1555 4874 matrem
1594 4800 1679 4875 et
1716 4797 2218 4898 magistram
2258 4818 2642 4899 agnosco,
2681 4798 3235 4900 Romanoque
3284 4798 3585 4877 Ponti-

583 4934 720 5013 fici
749 4935 977 5015 beati
1015 4939 1248 5017 Petri
1277 4938 1884 5042 Apostolorum
1921 4940 2344 5042 Principis
2383 4941 2844 5020 successori
2881 4963 2983 5020 ac
3020 4942 3219 5020 Iesu
3252 4940 3586 5020 Christi

584 5077 924 5156 Vicario
955 5102 1248 5159 veram
1282 5081 1853 5160 obedientiam
1887 5082 2260 5183 spondeo
2294 5104 2392 5161 ac
2420 5082 2629 5160 iuro.

786 5221 1085 5301 Cetera
1123 5224 1330 5301 item
1363 5225 1653 5304 omnia
1687 5246 1739 5303 a
1777 5224 2039 5303 sacris
2082 5224 2572 5303 Canonibus
2613 5225 2699 5302 et
2738 5225 3324 5305 oecumenicis
3358 5225 3587 5306 Con-

580 5364 822 5456 ciliis,
860 5387 958 5444 ac
989 5367 1441 5467 praecipue
1472 5390 1526 5446 a
1555 5370 2094 5447 sacrosancta
2123 5367 2625 5446 Tridentina
2662 5366 3003 5469 Synodo
3043 5373 3129 5474 et
3167 5367 3274 5447 ab
3311 5366 3588 5448 Cecu-
