3753 5871
536 351 648 412 {152
1681 354 1878 406 Oodoo
1915 354 2077 406 luris
2125 352 2406 406 canonici

542 540 896 607 dioecesis
931 539 1013 606 in
1054 557 1198 624 qua
1246 539 1620 607 ordinatio
1655 545 1958 625 peracta
2005 540 2177 623 fuit;
2225 559 2363 625 pro
2400 538 2755 625 gradibus
2789 558 2966 608 vero
3003 539 3502 624 appellationi:

543 647 892 714 standum
938 646 1400 731 praescripto
1431 664 1596 714 can.
1637 646 2033 714 1594-1601.

721 754 755 837 5
799 752 868 822 3.
920 754 1006 822 Si
1044 754 1388 837 alterum,
1447 755 1763 840 ipsamet
1822 756 2053 824 Sacra
2109 757 2604 841 congregatio
2659 757 3162 840 quaestionem
3218 755 3506 833 dirimit,

542 863 844 946 praevio
884 880 1225 946 processu
1266 861 1746 931 informativo
1777 868 2080 947 peracto
2114 883 2157 931 a
2194 863 2557 932 tribunali
2592 862 2864 932 Curiae
2896 864 3383 949 competentis
3424 860 3469 926 ¹.

1809 1073 1986 1139 OAN.
2044 1073 2240 1140 1994.

723 1214 757 1297 5
804 1216 870 1281 1.
920 1214 1406 1283 Validitatem
1450 1233 1704 1283 sacrae
1749 1214 2244 1284 ordinationis
2288 1232 2637 1283 accusare
2679 1215 2881 1285 valet
2923 1215 3241 1284 clericus
3290 1232 3511 1300 perae·

545 1340 685 1406 que
713 1340 804 1390 ac
836 1321 1282 1390 ordinarius
1320 1322 1446 1390 cui
1472 1322 1787 1391 clericus
1821 1323 2062 1391 subsit
2100 1323 2219 1391 vel
2247 1323 2341 1390 -in
2370 1321 2584 1391 ouius
2624 1322 2943 1391 dioecesi
2972 1321 3370 1392 ordinatus
3403 1323 3509 1390 sit.

721 1429 755 1512 5
801 1429 868 1496 2.
921 1429 1141 1498 Solus
1164 1429 1502 1514 clericus,
1535 1431 1661 1515 qni
1686 1430 2060 1500 existimet
2085 1449 2165 1498 se
2187 1450 2276 1499 ex
2307 1448 2519 1499 sacra
2544 1431 3013 1500 ordinatione
3045 1430 3515 1517 obligationes

543 1537 790 1606 ordini
823 1538 1149 1605 adnexas
1193 1556 1338 1605 non
1384 1538 1867 1637 contraxisse,
1909 1541 2156 1624 potest
2187 1537 2763 1608 declarationem
2788 1538 3191 1621 ,nullitatis
3230 1557 3513 1605 onerum

543 1646 816 1729 petere.

1807 1771 1986 1838 CAN.
2044 1769 2239 1837 1995.

719 1912 832 1980 Ea
877 1912 1151 1996 omnia,
1192 1930 1378 1997 quae
1414 1916 1574 1981 tum
1611 1912 1692 1979 in
1732 1912 2073 1981 Sectione
2113 1912 2367 1980 Prima
2404 1912 2625 1979 huius
2674 1911 2953 1995 Partis,
2993 1915 3153 1980 tum
3203 1911 3288 1978 in
3328 1928 3516 1995 peon·

548 2019 718 2087 liari
764 2020 993 2089 titulo
1046 2021 1138 2089 de
1185 2037 1532 2106 processu
1579 2021 1660 2087 in
1705 2020 1955 2088 causis
2001 2019 2677 2089 matrimonialibus
2735 2025 2914 2087 sunt
2957 2018 3189 2102 dicta,
3256 2015 3519 2086 servari

544 2128 769 2196 etiam
798 2127 1092 2211 debent,
1127 2145 1456 2212 congrua
1483 2127 1836 2212 congruis
1869 2128 2280 2211 referendo,
2315 2128 2396 2195 in
2426 2128 2675 2196 causis
2713 2131 2981 2196 contra
3019 2143 3313 2194 sacram
3347 2124 3517 2193 ordi·

547 2233 945 2303 nationem.

1817 2379 1992 2445 CAN.
2053 2377 2247 2446 1996.

723 2523 1088 2591 Defensor
1126 2522 1407 2589 vinculi
1452 2539 1706 2589 sacrae
1747 2520 2241 2590 ordinationis
2292 2519 2553 2592 iisdem
2597 2518 2872 2605 gaudet
2914 2517 3210 2586 iuribus
3252 2517 3518 2585 iisdem·

551 2648 689 2713 que
721 2633 1017 2698 tenetur
1058 2628 1312 2697 officiis
1347 2628 1611 2715 quibus
1641 2629 1988 2696 defensor
2020 2628 2299 2696 vinculi
2338 2626 2935 2696 matrimonialis.

1811 2840 1988 2907 CAN.
2041 2838 2235 2907 1997.

726 2984 1080 3064 Quamvis
1104 2986 1302 3053 actio
1327 2984 1681 3052 instituta
1715 2985 1950 3052 fuerit
1984 3002 2131 3052 non
2160 3001 2383 3067 super
2410 2981 2726 3067 ipsamet
2755 2998 3028 3063 sacrae,
3043 2978 3527 3049 ordinationis

551 3092 924 3176 nullitate,
964 3093 1091 3161 sed
1129 3111 1352 3177 super
1384 3091 1960 3179 obligationibus
2004 3096 2298 3160 tantum
2336 3109 2425 3159 ex
2461 3091 2624 3175 ipsa
2662 3106 2874 3157 sacra
2909 3087 3385 3158 ordinatione
3424 3103 3521 3154 ex·

401 3195 408 3199 ’
550 3200 1049 3287 surgentibus,
1089 3199 1570 3269 nihilominus
1607 3199 1923 3269 clericus
1958 3203 2072 3270 est
2112 3200 2210 3268 ad
2246 3198 2614 3268 cautelam
2662 3197 2756 3265 ab
2804 3195 3159 3266 exercitio
3194 3196 3523 3266 ordinum

550 3307 1068 3391 prohibendus.
1707 3306 1716 3313 ’

1819 3436 1998 3504 CAN.
2044 3437 2239 3504 1998.

733 3574 766 3656 5
814 3576 879 3640 1.
932 3575 1035 3643 Ut
1076 3575 1390 3643 clericus
1434 3576 1622 3643 liber
1667 3577 1769 3644 sit
1810 3576 1907 3645 ab
1960 3577 2535 3662 obligationibus
2585 3596 2770 3662 quae
2815 3595 2863 3644 a
2905 3577 3205 3645 vinculo
3251 3576 3523 3646 ordina·

553 3680 781 3749 tionis
810 3686 1141 3765 manant,
1185 3683 1670 3767 requiruntur
1697 3684 1891 3753 duae
1928 3685 2340 3754 sententiae
2367 3686 2803 3755 conformes.

719 3788 763 3871 5
809 3789 876 3856 2.
925 3788 1138 3870 Quod
1184 3791 1278 3859 ad
1328 3791 1901 3877 appellationem
1949 3794 2248 3876 attinet,
2300 3794 2381 3860 in
2441 3793 2556 3860 his
2600 3793 2849 3861 causis
2897 3797 3291 3861 serventur
3340 3809 3523 3878 prae·

551 3896 835 3981 scripta
867 3916 1031 3964 can.
1073 3898 1445 3967 1986-1989
1479 3901 1571 3970 de
1611 3901 1858 3968 causis
1893 3886 2587 3968 matrimonialibus.

709 4177 754 4212 ·1
793 4177 937 4230 mus
976 4177 1042 4238 x,
1078 4181 1262 4230 const.
1303 4192 1334 4228 ι
1365 4175 1636 4237 samem
1667 4177 1910 4229 οοωιιω
1945 4193 1994 4238 ι,
2038 4178 2115 4231 zo·
2145 4177 2266 4230 mn.
2302 4176 2449 4237 nos,
2488 4156 2600 4237 2'1,
2634 4189 2695 4229 n.
2725 4176 2802 4237 30,
2839 4175 2889 4239 ες
2922 4175 3082 4229 ordo
3117 4177 3445 4230 servamu-
3473 4175 3523 4226 ιιι

556 4261 614 4319 S.
657 4267 1236 4329 congregationibus,
1276 4267 1715 4328 Tribunalibus,
1757 4253 1975 4320 officina
2013 4268 2313 4319 Romanae
2351 4266 2587 4327 Curiae,
2627 4266 2693 4320 29
2729 4271 2878 4328 sept.
2920 4266 3069 4328 1908,
3102 4268 3255 4320 Pars
3286 4267 3372 4328 11.
3400 4265 3523 4317 Nor·

557 4367 688 4408 mae
718 4356 1062 4417 peculiares,
1103 4368 1229 4418 cap.
1271 4357 1406 4418 vn,
1441 4360 1557 4410 art.
1591 4357 1707 4419 111,
1740 4370 1797 4409 n.
1835 4358 1943 4417 11⁶,
1977 4359 2032 4409 b.
