3753 5871
1191 280 1369 332 Liber
1411 279 2268 343 Quarta-Domum
3107 282 3216 343 577

1500 524 1677 593 OAN.
1726 524 1927 591 2129.

400 663 717 750 Signata
745 664 1281 749 commissione,
1318 665 1809 751 expediantur
1842 666 2140 733 litterae
2175 666 2705 734 remissoriales
2742 666 2839 735 ad
2871 668 3073 736 viros
3115 669 3211 735 ab

218 771 390 856 ipsa
436 772 693 841 Sacra.
725 772 1313 859 Oongregatione
1359 773 1808 857 designatos,
1863 777 1951 842 ut
2006 773 2103 841 ad
2154 774 2529 842 tramitem
2588 774 2778 843 iuris
2824 792 3209 860 processus

216 880 677 1055 53:2⁸3&oe
715 880 1139 950 instruatur
1183 899 1406 965 super
1438 899 1616 949 casu
1657 883 1961 966 excepto
1996 885 2073 949 et
2109 882 2476 950 sententia
2514 901 2560 949 a
2596 882 2839 952 iudice
2872 876 3210 969 delegato

1509 1113 1688 1182 Om.
1730 1114 1928 1183 2130.

398 1255 513 1322 Ex
560 1273 906 1341 processu
949 1255 1249 1340 probari
1284 1255 1500 1325 debet
1547 1261 1706 1324 tum
1744 1257 1997 1326 cultus
2037 1258 2334 1325 initium
2385 1263 2546 1326 tum
2589 1277 2736 1351 non
2784 1258 3207 1344 interrupta

214 1362 382 1431 eius
416 1364 883 1432 continuatio
926 1383 1155 1449 usque
1193 1364 1289 1431 ad
1328 1365 1770 1434 sententiam
1809 1364 2131 1451 delegati
2170 1367 2439 1434 iudicis
2485 1365 2536 1431 ².

1508 1561 1685 1628 CAN.
1728 1561 1925 1629 2131.

394 1701 751 1770 Processu
786 1701 883 1769 ad
919 1701 1224 1770 Sacram
1251 1702 1911 1788 congregationem
1942 1702 2382 1770 transmisso
2407 1707 2482 1771 et
2508 1707 2769 1786 aperto
2798 1706 3207 1786 parataque

212 1829 268 1877 a
309 1828 577 1879 causae
620 1809 982 1877 advocato
1028 1808 1395 1894 positione
1437 1828 1607 1878 cum
1666 1810 2428 1878 animadversionibus
2490 1809 2946 1878 Promotoris
2993 1828 3200 1894 gene·

219 1918 407 1985 ralis
457 1915 629 1985 fidei
668 1921 746 1986 et
788 1918 1386 2003 responsionibus
1431 1918 1668 2002 ipsius
1710 1919 2037 2003 patroni,
2084 1919 2164 1985 in
2217 1918 2599 1986 ordinaria
2639 1918 3207 2003 congregatione

217 2030 684 2111 proponatur
722 2025 1074 2093 dubium:
1129 2024 1249 2091 An
1293 2026 1795 2107 confirmanda
1849 2028 1950 2095 sit
2004 2027 2373 2097 sententia
2414 2025 2683 2093 iudicis
2729 2026 3050 2109 deleyati
3089 2026 3206 2092 vel

210 2154 316 2202 an
342 2135 455 2201 ita
485 2139 772 2202 constet
808 2137 898 2202 de
927 2151 1105 2202 casu
1134 2138 1437 2211 excepto
1469 2139 1558 2200 ut
1587 2137 1683 2201 ad
1713 2134 2075 2203 ulteriora
2115 2135 2411 2214 procedi
2443 2135 2676 2214 possit
2721 2130 2774 2198 ³.

1481 2330 1657 2397 CAN.
1710 2329 1911 2400 2132,

393 2469 882 2560 Confirmatio
926 2470 1335 2540 sententiae
1378 2470 1648 2538 iudicis
1694 2470 2016 2556 delegati
2063 2491 2152 2539 ex
2197 2476 2412 2556 parte
2455 2472 2771 2540 Romani
2818 2471 3206 2540 Pontificis

209 2596 376 2645 eam
408 2578 640 2645 solam
670 2580 818 2646 vim
852 2578 1095 2662 habet,
1139 2582 1223 2647 ut
1263 2579 1525 2663 probet
1561 2578 1843 2646 factum
1887 2579 2487 2646 immemorabilis
2518 2580 2768 2647 cultus
2804 2579 3031 2648 Servo
3065 2579 3202 2648 Dei

213 2686 565 2770 praestiti
601 2691 677 2754 et
716 2704 947 2771 usque
985 2687 1080 2755 ad
1126 2687 1568 2756 sententiam
1609 2687 2173 2772 perseverantis.

1488 2880 1667 2951 CAN.
1722 2880 1919 2950 2133.

395 3022 478 3091 Si
513 3024 884 3092 sententia
920 3017 1143 3109 super
1176 3042 1354 3092 casu
1393 3029 1698 3109 excepto
1732 3025 2169 3093 favorabilis
2208 3024 2440 3093 fuerit
2478 3029 2555 3092 et
2590 3043 2637 3091 a
2675 3025 2979 3092 Summo
3015 3024 3200 3092 Pon·

207 3129 415 3200 tifice
440 3124 879 3216 approbata,
919 3132 1410 3216 expediantur
1445 3133 1743 3201 litterae
1782 3133 2313 3201 remissoriales
2350 3133 2446 3200 ad
2477 3131 3009 3200 conficiendum
3040 3148 3201 3216 pro·

205 3256 498 3306 cessum
558 3257 781 3323 super
847 3239 1255 3308 virtutibus
1291 3241 1408 3309 vel
1445 3259 1668 3325 super
1734 3241 2099 3327 martyrio
2156 3240 2457 3326 eiusque
2514 3258 2740 3308 causa
2802 3240 3201 3307 secundum

205 3345 719 3415 diversitatem
760 3364 1177 3425 causarum
1219 3352 1299 3417 et
1337 3352 1724 3417 serventur
1776 3349 2237 3433 praescripta
2280 3366 2444 3416 can.
2501 3347 2876 3414 2087-2115
2914 3345 2967 3412 ⁴.

1485 3543 1662 3611 OAN.
1719 3542 1916 3610 2134.

391 3684 617 3754 Edito
649 3686 945 3755 decreto
977 3685 1069 3754 de
1104 3685 1308 3753 facto
1341 3684 1593 3753 cultus
1628 3683 2228 3751 immemorabilis
2265 3687 2341 3750 et
2376 3681 2467 3751 de
2503 3682 2938 3752 heroicitate
2972 3683 3201 3750 virtu-

205 3798 377 3862 tum
412 3794 527 3861 vel
563 3794 656 3861 de
702 3793 1087 3880 martyrio,
1139 3792 1413 3861 Servus
1458 3793 1598 3860 Dei
1647 3789 2026 3859 habendus
2062 3794 2176 3858 est
2213 3789 2796 3876 aequipollenter
2835 3790 3200 3858 Beatifica·

205 3908 367 3983 tus,
415 3901 480 3969 si
524 3901 849 3970 eiusdem
892 3901 1143 3969 cultus
1186 3899 1654 3968 confirmatio
1697 3917 1829 3984 per
1871 3899 2247 3967 decretum
2293 3899 2610 3966 Romani
2657 3897 3044 3966 Pontificis
3087 3917 3198 3966 ac·

200 4008 520 4077 cesserit
569 4006 620 4074 ⁸.

1481 4116 1658 4184 om.
1708 4111 1906 4183 2135.

393 4251 642 4320 Servis
687 4252 828 4320 Dei
873 4250 1457 4337 aequipollenter
1499 4250 1944 4320 beatificatis
1989 4250 2211 4318 iidem
2267 4250 2567 4350 concedi
2624 4255 2936 4335 possunt
2991 4254 3205 4318 actus

202 4360 504 4448 publici.
535 4361 809 4445 cultus,
847 4360 1115 4446 quibus
1146 4359 1497 4427 honorari
1533 4363 2076 4428 consueverunt
2110 4359 2527 4426 formaliter
2562 4358 2968 4427 beatificati
3004 4356 3057 4425 ⁸.

549 4585 1533 4649 R..O,decrnnov1912n1

547 4680 618 4731 R.
649 4680 738 4738 0.,
776 4678 931 4730 decr
962 4677 1176 4730 lodec.
1207 4676 1538 4739 18683decr.
1570 4688 1697 4738 gen.
1729 4676 1945 4727 22dec.
1987 4677 2133 4737 1870,
2168 4689 2225 4727 ιι.
2259 4677 2307 4738 Ῑ;
2335 4677 2488 4728 decr.
2523 4677 2747 4727 llnov.
2782 4675 2929 4734 1012,
2969 4687 3027 4726 ιι.
3059 4675 3109 4727 2.

502 4769 741 4828 .Β,0.
778 4769 931 4820 decr
975 4767 1567 4828 11ιιον1912,ιι1

546 4860 739 4920 R..,o
774 4858 929 4911 decr
965 4857 1565 4919 11ιιον1912,ιι..4

551 4951 740 5010 Ro..
781 4951 936 5003 decr.
974 4951 1204 5001 unov.
1246 4949 1392 5010 1912,
1432 4961 1488 4999 ιι.
1528 4949 1579 5000 5.

323 5583 524 5646 0οάοὸ
556 5589 590 5643 1
592 5589 719 5644 uris
754 5587 1053 5642 Οαποπίοί.
3038 5584 3093 5629 37
