3753 5871
573 375 685 436 δῦ
1711 382 1909 435 Gom
1953 382 2116 435 lude
2154 384 2437 437 Οοκοπίοί

1853 608 2031 677 OAN.
2089 608 2285 677 1876.

751 744 1164 829 Sententia,
1208 746 1347 814 hac
1387 747 1676 817 ratione
1716 749 2043 833 redacta,
2092 752 2635 836 quamprimum
2685 752 3113 839 publicetur
3169 751 3226 817 ¹.

1836 923 2014 992 ΟΑΝ.
2064 924 2258 992 1877.

749 1062 1171 1134 Publicatio
1204 1066 1615 1134 sententiae
1653 1065 1815 1134 fleri
1846 1072 2092 1152 potest
2123 1068 2368 1136 tribus
2404 1068 2668 1154 modis,
2703 1070 2820 1138 vel
2846 1069 3161 1140 citando
3190 1077 3467 1157 partes
3492 1072 3571 1139 ad

571 1168 1014 1241 audiendam
1048 1174 1460 1242 sententiae
1492 1174 1880 1242 lectionem
1908 1176 2364 1257 sollemniter
2388 1177 2667 1245 factam
2694 1196 2742 1245 a
2766 1177 3012 1248 iudice
3032 1198 3178 1265 pro
3208 1181 3573 1249 tribunali

571 1277 892 1364 sedente,
938 1281 1055 1348 vel
1100 1282 1443 1366 partibus
1490 1283 2004 1352 denuntiando
2059 1285 2504 1353 sententiam
2552 1304 2712 1355 esse
2757 1304 2983 1377 penes
3035 1289 3574 1357 cancellariam

569 1386 998 1472 tribunalis,
1032 1407 1324 1474 unaque
1348 1390 1831 1459 facultatem
1809 1392 1997 1476 ipsis
2021 1392 2184 1461 fleri
2209 1393 2514 1462 eandem
2540 1393 2830 1480 legendi
2857 1399 2933 1464 et
2965 1394 3316 1465 eiusdem
3351 1414 3572 1466 exeun·

570 1493 740 1578 plar
783 1494 1103 1580 petendi3
1137 1498 1256 1564 vel
1292 1498 1615 1581 tandem,
1665 1499 1790 1566 ubi
1831 1519 2009 1568 usus
2041 1501 2266 1587 viget,
2306 1502 2717 1570 sententiae
2759 1503 3139 1588 exemplar
3182 1506 3572 1572 transmit
3654 1472 3655 1499 ¹

570 1602 794 1670 tendo
831 1602 928 1670 ad
961 1608 1215 1687 partes
1249 1624 1381 1689 per
1420 1607 1754 1691 publicos
1784 1609 2215 1678 tabellarios
2245 1609 2342 1677 ad
2377 1627 2708 1682 normam
2736 1628 2902 1678 can.
2948 1610 3124 1679 1719
3144 1608 3200 1676 ¹.

1720 1910 2146 1979 TITULUS
2194 1909 2391 1977 XIV.

1319 2040 1421 2108 Ile
1465 2039 1646 2107 iuris
1690 2038 2025 2107 remediis
2070 2040 2320 2106 contra
2361 2037 2806 2105 sententiam.

1853 2212 2031 2281 ΟΔΝ.
2079 2211 2274 2279 1878.

751 2355 786 2438 ξ
833 2357 899 2422 1.
952 2356 1034 2423 Si
1066 2359 1336 2439 agatur
1366 2355 1458 2424 de
1488 2372 1738 2423 errore
1777 2355 2151 2424 materiali
2185 2356 2312 2441 qui
2344 2355 2695 2424 inciderit
2732 2356 2851 2423 vel
2883 2355 2965 2423 in
2996 2356 3580 2425 transcribenda

570 2466 786 2548 parte
827 2462 1266 2547 dispositiva
1303 2464 1714 2532 sententiae
1747 2464 1865 2531 vel
1908 2464 1989 2531 in
2027 2464 2434 2533 referendis
2470 2464 2698 2533 factis
2728 2468 2867 2533 ant
2899 2464 3235 2549 partium
3274 2465 3578 2549 petitio

571 2570 790 2638 nibus
829 2576 964 2639 aut
995 2571 1076 2637 in
1108 2570 1468 2655 ponendis
1504 2571 1840 2647 calculis.
1876 2589 2198 2640 errorem
2230 2572 2600 2658 corrigere
2630 2572 2830 2647 valet
2863 2572 3022 2657 ipse
3054 2571 3282 2640 iudex
3317 2568 3383 2635 ⁸.

749 2677 783 2760 g
829 2677 896 2744 2.
947 2678 1181 2746 Iudex
1223 2678 1318 2745 ad
1361 2678 1552 2746 hanc
1591 2679 2121 2747 correctionem
2162 2679 2507 2748 deveniat
2548 2679 2752 2749 edito
2791 2680 3089 2749 decreto
3138 2679 3240 2747 ad
3284 2680 3578 2750 instan-

568 2784 755 2853 tiam
795 2784 1061 2870 partis,
1103 2785 1250 2852 nisi
1286 2803 1463 2869 pars
1499 2785 1739 2853 altera
1787 2787 2207 2873 refragetur
2248 2784 2303 2852 ⁴.

748 2892 783 2976 ξ
828 2891 896 2960 3.
949 2892 1031 2961 Si
1105 2893 1349 2962 altera
1431 2911 1607 2978 pars
1688 2894 2134 2980 refragetur,
2223 2895 2560 2981 quaestio
2650 2894 2985 2964 incidens
3050 2894 3149 2963 ad
3230 2912 3578 2965 normam

566 3019 731 3068 can.
773 3000 970 3083 1840,
1013 3001 1047 3083 ἓ
1084 3001 1129 3069 3
1171 3000 1467 3070 decreto
1504 3000 1928 3088 definiatur3
1965 3006 2043 3072 et
2084 3003 2461 3072 decretum
2497 3003 2594 3072 ad
2639 3003 2914 3071 calcem
2953 3004 3387 3073 sententiae
3425 3023 3578 3075 cor·

572 3112 815 3176 rectae
848 3107 1244 3175 referatur.

1873 3289 2135 3355 OAPm·
2187 3289 2251 3356 1.

1718 3408 1830 3476 Dc
1862 3409 2384 3496 appellatione.

1828 3606 2007 3674 CAN.
2059 3606 2254 3674 1879.

745 3749 933 3816 Pars
982 3766 1167 3833 quae
1225 3748 1478 3833 aliqua
1525 3748 1898 3816 sententia
1944 3766 2021 3816 se
2070 3750 2454 3833 gravatam
2514 3750 2760 3831 putat.
2809 3746 3131 3830 itemque
3176 3751 3576 3829 promotor

565 3854 903 3924 iustitiae
935 3860 1009 3923 et
1041 3854 1384 3923 defensor
1415 3854 1695 3926 vinculi
1732 3856 1810 3923 in
1845 3855 2094 3923 causis
2137 3856 2216 3922 in
2254 3854 2519 3940 quibus
2554 3853 3084 3929 interfuerunt,
3131 3853 3254 3920 ius
3288 3852 3575 3921 habent

564 3982 613 4031 a
651 3963 1023 4031 sententia
1059 3963 1512 4049 appellandi,
1556 3964 1747 4031 idest
1789 3962 2237 4047 provocandi
2287 3963 2381 4029 ab
2421 3962 2774 4029 inferiore
2814 3960 3057 4028 iudice
3101 3960 3233 4045 qui
3274 3964 3573 4028 senten-

563 4071 749 4138 tiam
780 4071 984 4145 tulit,
1015 4069 1110 4138 ad
1148 4071 1625 4154 superiorem,
1662 4071 1867 4139 salvo
1897 4070 2360 4155 praescripto
2394 4087 2559 4138 can.
2603 4068 2773 4136 1880
2810 4065 2862 4131 ⁸.

746 4290 768 4326 ²
806 4289 1067 4351 Regulae
1090 4287 1417 4341 servandae
1447 4288 1512 4338 ln
1536 4286 1774 4339 iudiciis
1801 4286 1961 4346 apud
1994 4286 2259 4346 sum-em.
2289 4284 2645 4348 signatur-ae
2670 4288 2778 4348 Ap.
2807 4287 3112 4347 TribunaL
3140 4286 3176 4338 0
3196 4291 3384 4341 mart.
3413 4290 3568 4348 1912,

562 4383 680 4433 art.
715 4380 798 4432 50.

737 4476 763 4510 ¹
809 4471 874 4524 C.
903 4470 953 4530 7,
981 4470 1045 4523 O.
1082 4470 1163 4530 11,
1190 4482 1243 4531 q.
1279 4472 1328 4531 13
1354 4481 1402 4521 c.
1436 4470 1486 4529 4,
1517 4468 1570 4529 5,
1597 4469 1669 4519 de
1701 4470 1998 4520 sententia
2022 4472 2082 4519 et
2108 4479 2173 4518 rc
2196 4468 2482 4527 iudicata,
2512 4466 2596 4528 11.
2623 4468 2707 4528 14,
2743 4466 2805 4517 ln
2832 4466 3033 4528 V1⁰;c.
3061 4466 3114 4529 2,
3148 4468 3221 4518 ac
3249 4468 3570 4519 verboru-

564 4560 1012 4623 etmttfloationc,
1039 4561 1110 4621 V,
1134 4561 1218 4619 11,
1245 4559 1307 4610 in
1329 4559 1532 4621 Olem.;
1562 4558 1622 4611 S.
1654 4559 1719 4611 O.
1755 4557 1814 4610 S.
1846 4558 1986 4620 Off„
2012 4559 2183 4610 lnstr.
2221 4557 2324 4618 (ad
2346 4558 2451 4618 Bp.
2480 4557 2725 4609 Bituum
2751 4557 3025 4618 orient),
3057 4569 3114 4608 a.
3139 4556 3290 4618 lm.
3320 4557 3421 4611 tit.
3459 4558 3567 4614 lv,

563 4665 622 4704 ιι.
662 4652 744 4715 24ς
784 4650 841 4704 S.
883 4651 947 4703 Ο.
1000 4651 1106 4711 Dp.
1150 4653 1212 4702 et
1249 4649 1411 4711 neg..
1463 4650 1644 4702 instr.
1674 4651 1740 4701 11
1778 4649 1901 4700 iun.
1941 4648 2091 4709 1880,
2133 4660 2192 4700 ιι.
2232 4648 2315 4709 3ος
2363 4647 2422 4700 S.
2464 4647 2529 4700 Ο.
2572 4646 2648 4699 de
2690 4647 2859 4708 Prop.
2895 4645 3059 4708 Fide,
3102 4646 3276 4699 lustr.
3311 4659 3373 4698 a.
3410 4647 3565 4706 1883.

564 4755 622 4794 ιι.
650 4742 895 4803 xxxv1;
921 4742 1091 4793 lnstr.
1120 4754 1176 4792 a.
1203 4740 1351 4801 1883,
1383 4752 1441 4791 ιι.
1468 4740 1550 4803 243
1575 4740 1837 4802 Regulae
1861 4738 2186 4791 servandae
2211 4738 2274 4790 ln
2303 4736 2539 4790 iudiciis
2570 4736 2728 4799 apud
2756 4738 3020 4798 Suprem.
3055 4736 3418 4798 signatur-e
3449 4739 3561 4798 Ap.

562 4832 866 4891 Tribunal,
898 4831 932 4883 0
960 4834 1134 4884 mart.
1167 4830 1315 4890 1912,
1355 4832 1471 4882 art.
1505 4829 1588 4882 54.

740 4927 764 4962 ³
808 4922 1068 4984 Regulae
1096 4920 1422 4973 servandae
1450 4920 1512 4971 in
1547 4920 1785 4972 iudiciis
1812 4920 1972 4980 apud
2003 4919 2061 4972 S.
2095 4919 2167 4970 R.
2199 4918 2388 4971 Rotae
2413 4917 2720 4980 Tribunal,
2750 4920 2784 4969 4
2810 4929 2944 4979 aug.
2983 4917 3133 4977 1910,
3165 4916 3192 4978 ς
3225 4916 3346 4977 174,
3385 4930 3446 4969 ιι.
3480 4918 3531 4968 2.

732 5017 762 5055 4
808 5013 1069 5074 Regulae
1097 5012 1425 5073 servandae
1451 5011 1513 5062 ln
1548 5011 1786 5063 iudiciis
1813 5011 1973 5071 apud
2004 5009 2063 5063 S.
2096 5011 2167 5061 R.
2201 5009 2390 5062 Rotae
2415 5007 2721 5069 Tribunal,
2752 5009 2785 5059 4
2811 5019 2945 5069 aug.
2984 5007 3135 5067 1910,
3166 5007 3193 5068 fl
3227 5006 3347 5068 174,
3386 5019 3446 5059 n.
3480 5008 3531 5058 2.

735 5110 761 5145 ⁸
805 5104 869 5157 O.
909 5105 959 5163 1,
990 5105 1042 5163 9,
1074 5105 1156 5163 20,
1194 5103 1258 5155 Ο.
1297 5102 1382 5159 ΙΙ,
1427 5115 1481 5164 q.
1514 5101 1565 5162 ὃς
1600 5113 1651 5153 c.
1684 5102 1766 5162 16,
1799 5102 1865 5162 Χ,
1904 5103 1975 5152 de
2020 5100 2302 5151 electione
2338 5103 2397 5151 et
2433 5098 2607 5150 electi
2639 5100 2953 5158 potestate,
2991 5096 3041 5158 Ι,
3080 5097 3131 5159 0;
3166 5108 3217 5149 c.
3254 5096 3340 5157 ⁴11,
3372 5097 3443 5158 Χ,
3493 5099 3563 5148 δε

560 5198 748 5257 officio
785 5200 844 5247 et
884 5197 1178 5254 potestate
1224 5192 1440 5244 iudicis
1479 5190 1753 5251 delavati,
1796 5193 1846 5251 Ι,
1888 5192 1970 5254 29ς
2006 5203 2056 5243 c.
2090 5192 2173 5253 14,
2204 5191 2270 5253 x,
2312 5192 2383 5242 de
2414 5189 2921 5257 procuratoribus,
2963 5187 3013 5249 Ι,
3043 5187 3126 5250 38;
3173 5198 3225 5239 c.
3255 5187 3344 5246 19,
3374 5188 3444 5248 x.
3487 5189 3556 5238 dc

560 5287 962 5343 iureiurando,
995 5286 1076 5344 11.
1111 5285 1192 5345 24:
1212 5295 1262 5336 c.
1290 5284 1341 5343 5,
1373 5284 1455 5344 10,
1487 5285 1570 5344 11,
1602 5283 1669 5343 Χ,
1699 5284 1770 5333 de
1796 5281 2255 5341 eoecepuontbuo,
2293 5281 2375 5342 11,
2406 5280 2487 5343 25;
2511 5292 2561 5332 c.
2591 5281 2674 5341 11,
2700 5279 2784 5340 12,
2812 5279 2897 5340 15,
2926 5277 3011 5339 38,
3039 5278 3124 5339 53,
3150 5278 3220 5339 x,
3256 5280 3331 5330 dc
3360 5279 3554 5338 oppet-

562 5378 903 5435 ῑαιίοπίὸιιε,
936 5373 1406 5427 recusationibus
1441 5377 1499 5424 et
1541 5371 1951 5430 relationibus,
1987 5372 2070 5433 11,
2106 5371 2187 5434 28;
2220 5372 2394 5424 Cone.
2430 5370 2718 5431 Trident„
2753 5381 2897 5421 sess.
2933 5368 3101 5430 xnl.
3137 5368 3210 5419 do
3252 5368 3395 5428 rot..
3426 5379 3480 5420 e.
3509 5367 3556 5427 2:

559 5481 704 5521 sess.
741 5467 942 5527 XXIV,
981 5467 1053 5517 dc
1086 5465 1222 5525 ref„
1266 5476 1317 5516 c.
1350 5464 1431 5526 2ος
1470 5463 1528 5516 Β.
1562 5464 1626 5515 Ο.
1666 5464 1772 5524 Dp.
1819 5468 1882 5516 et
1918 5463 2081 5525 neg..
2119 5462 2274 5514 decr.
2312 5462 2379 5514 10
2411 5465 2525 5515 oct.
2567 5461 2714 5521 1600,
2755 5473 2812 5512 ιι.
2844 5461 2894 5523 8:
2930 5460 3101 5512 lnstr.
3150 5461 3216 5511 11
3245 5460 3374 5511 lun.
3406 5457 3551 5517 188,

555 5554 617 5610 ἰι.
649 5558 731 5621 a&
761 5556 819 5609 S.
851 5555 917 5608 O.
955 5555 1029 5609 de
1057 5555 1226 5616 Prop.
1262 5553 1426 5615 Fide,
1460 5554 1631 5606 lustr.
1663 5566 1720 5605 a.
1751 5553 1899 5615 1883,
1932 5566 1989 5605 ιι.
2021 5552 2268 5604 XXXVI.
