3753 5871
1327 293 1504 343 Liber
1534 293 1769 371 Tau-tius
1803 317 1823 329 ·
1861 292 1950 341 Dc
1990 293 2186 343 Rebas
3166 288 3276 346 293

1564 502 1740 568 CAN.
1792 499 1995 567 1020.

463 616 498 699 ς
545 618 611 682 1.
662 613 1041 681 Parochus
1081 611 1204 680 cui
1247 611 1366 678 ius
1409 615 1524 680 est
1577 608 1977 676 assistendi
2020 607 2516 690 matrimonio,
2576 611 2997 690 opportuno
3049 609 3272 671 antea

283 728 637 807 tempore,
708 722 1106 808 diligenter
1169 719 1561 803 investiget
1631 726 1806 784 num
1874 717 2348 785 matrimonio
2412 714 2915 783 contrahendo
2986 711 3269 797 aliquid

281 832 526 899 obstet
570 830 620 899 ².

461 940 494 1021 ξ
541 939 608 1005 2.
658 938 844 1003 Tum
886 953 1235 1020 sponsum
1274 940 1432 1002 tum
1473 950 1816 1017 sponsam
1858 933 2082 1000 etiam
2126 949 2452 998 seorsum
2492 935 2567 997 et
2606 933 2822 997 caute
2861 929 3270 1012 interroget

283 1065 460 1113 num
503 1046 757 1130 aliquo
794 1044 1272 1112 detineantur
1310 1042 1856 1138 impedimento,
1902 1059 1999 1107 an
2041 1058 2475 1107 consensum
2528 1038 2779 1119 libere,
2836 1035 3270 1121 praesertim

281 1154 575 1233 mulier,
618 1157 1022 1236 praestent,
1054 1157 1131 1219 et
1157 1170 1254 1217 an
1297 1151 1372 1217 in
1405 1150 1743 1217 doctrina
1775 1149 2187 1217 christiana
2228 1147 2672 1214 sufficienter
2705 1144 3056 1212 instructi
3089 1144 3267 1225 sint,

287 1262 432 1329 nisi
461 1262 551 1330 ob
576 1278 1054 1345 personarum
1090 1260 1522 1343 qualitatem
1536 1258 1713 1324 haec
1745 1253 2814 1340 ultimainterrogatioinutilis
2846 1247 3270 1337 appareat².

460 1370 493 1451 ξ
539 1371 607 1435 3.
657 1367 1040 1436 Ordinarii
1076 1367 1219 1434 loci
1255 1371 1369 1435 est
1407 1366 1816 1451 peculiares
1854 1383 2150 1432 normas
2187 1383 2324 1448 pro
2360 1362 2780 1429 huiusmodi
2817 1360 3119 1445 parochi
3160 1361 3265 1426 in·

286 1476 770 1560 vestigatione
805 1474 986 1542 dare
1026 1475 1078 1542 ³.

563 1612 566 1619 ·
1559 1580 1736 1647 CAN.
1787 1578 1983 1645 1021.

461 1690 495 1772 5
542 1692 608 1756 1.
659 1691 825 1756 Nisi
862 1690 1275 1774 baptismus
1311 1688 1630 1757 collatus
1668 1688 1901 1756 fuerit
1945 1687 2026 1753 in
2072 1687 2236 1771 ipso
2272 1704 2407 1753 suo
2454 1685 2857 1768 territorio,
2904 1685 3269 1768 parochus

287 1799 532 1884 exigat
563 1798 913 1883 baptismi
945 1798 1445 1889 testimonium
1477 1798 1571 1865 ab
1600 1800 1916 1880 utraque
1946 1801 2184 1879 parte,
2214 1794 2332 1862 vel
2362 1813 2407 1860 a
2446 1797 2659 1877 parte
2692 1798 2984 1861 tantum
3022 1792 3265 1858 catho-

287 1905 457 1987 lica,
501 1908 567 1973 si
613 1912 885 1988 agatur
922 1905 1014 1973 de
1053 1905 1528 1972 matrimonio
1561 1903 2069 1972 contrahendo
2108 1921 2274 1969 cum
2325 1901 2877 1985 dispensatione
2900 1900 3009 1967 -ab
3050 1901 3270 1985 impe·

282 2012 611 2081 dimento
645 2011 1118 2097 disparitatis
1149 2011 1400 2079 cultus
1429 2013 1481 2079 ⁴.

462 2121 497 2203 §
543 2120 610 2188 2.
660 2121 1030 2189 Catholici
1067 2121 1192 2206 qui
1239 2125 1780 2188 sacramentum
1822 2118 2410 2188 confirmationis
2447 2119 2770 2188 nondum
2812 2121 3268 2201 receperunt,

283 2228 498 2310 illud,
545 2234 940 2314 antequam
993 2230 1087 2296 ad
1142 2227 1694 2297 matrimonium
1736 2228 2262 2311 admittantur,
2310 2226 2700 2366 recipiant,
2750 2226 2815 2293 si
2859 2225 2936 2294 id
2979 2225 3271 2309 possint

286 2336 450 2461 sine
480 2337 690 2421 gravi
724 2337 1206 2405 incommodo.

1549 2445 1725 2514 CAN.
1774 2444 1971 2513 1022.

465 2551 769 2621 Publice
802 2573 846 2621 a
887 2554 1208 2638 parocho
1242 2552 1725 2621 denuntietur
1765 2554 1964 2621 inter
1998 2572 2351 2639 quosnam
2384 2554 2935 2675 matrimonium
2975 2554 3076 2621 sit
3107 2572 3268 2621 con·

284 2659 727 2727 trahendum
763 2665 816 2728 ⁸.

1652 2783 1724 2835 N.
1951 2819 1967 2836 .

471 2873 503 2958 ξ
552 2876 616 2941 1.
668 2874 1312 2944 Matrimoniorum
1356 2770 2091 2962 publiiationgggfleri
2125 2877 2394 2947 debent
2433 2896 2481 2945 a
2513 2878 2835 2963 parocho
2875 2877 3179 2963 proprio
3224 2878 3270 2941 ⁶.

464 2984 498 3067 ξ
545 2986 612 3053 2.
665 2986 747 3053 Si
784 3004 963 3070 pars
988 2986 1138 3054 alio
1174 2985 1252 3052 in
1285 2987 1446 3054 loco
1482 3006 1614 3070 per
1642 3005 1766 3054 sex
1797 3004 2082 3056 menses
2109 2993 2563 3054 commorata
2593 2987 2696 3054 sit
2731 2991 2902 3072 post
2928 2987 3271 3070 adeptam

284 3093 774 3178 pubertatem,
814 3096 1178 3178 parochus
1215 3114 1362 3163 rem
1398 3100 1716 3178 exponat
1752 3095 2177 3178 ordinario,
2218 3096 2342 3180 qui
2376 3113 2513 3179 pro
2554 3113 2690 3161 sua
2723 3095 3121 3179 prudentia
3154 3094 3271 3162 vel

466 3245 489 3282 ²
525 3245 590 3298 Ο.
617 3247 669 3306 8,
696 3247 764 3306 X,
800 3247 871 3298 de
898 3245 1265 3295 clandestina
1293 3245 1762 3305 desponsatione,
1793 3246 1895 3307 IV,
1923 3248 1973 3307 33
2001 3247 2354 3299 Benedictus
2379 3248 2531 3308 XIV,
2566 3250 2753 3299 const.
2787 3262 2818 3297 ι
2851 3246 3189 3298 Fir-mandis
3220 3263 3268 3310 n,

284 3336 320 3388 0
356 3346 490 3387 nov.
528 3335 676 3394 1744,
725 3335 752 3392 fl
787 3336 837 3396 9;
873 3334 932 3387 8.
973 3334 1037 3387 0.
1076 3334 1164 3395 0.,
1202 3334 1466 3385 Romana
1504 3339 1561 3386 et
1598 3334 1872 3394 aliarum,
1911 3337 1942 3386 1
1989 3335 2138 3388 febr.
2177 3336 2324 3395 1908,
2363 3335 2441 3388 ad
2486 3336 2584 3397 XI:
2620 3335 2678 3388 8.
2719 3334 2784 3387 O.
2816 3335 2890 3387 de
2921 3337 3090 3396 Prop.
3125 3335 3272 3388 Fide

298 3426 387 3485 (O.
426 3426 543 3486 G.),
570 3426 633 3477 21
659 3429 806 3486 sept.
842 3426 988 3487 1840,
1018 3427 1094 3478 ad
1122 3427 1170 3487 43
1195 3426 1437 3477 Rituale
1462 3426 1650 3486 Rom„
1678 3426 1774 3478 tlt.
1801 3427 1938 3485 VII,
1975 3437 2023 3477 c.
2058 3428 2107 3486 1,
2141 3429 2212 3476 dc
2245 3431 2613 3478 sacramento
2639 3425 3021 3484 matrimonii,
3049 3438 3106 3476 n.
3140 3427 3191 3486 1,
3220 3426 3269 3478 6.

470 3517 498 3554 ²
531 3514 596 3567 0.
630 3517 712 3576 14,
744 3515 828 3576 17,
860 3516 942 3575 29,
974 3517 1040 3576 X,
1067 3517 1138 3566 dc
1160 3515 1532 3574 sponsalibus
1559 3518 1616 3564 ei
1641 3516 2053 3572 matrimoniis,
2083 3516 2182 3576 IV,
2216 3517 2264 3576 1:
2290 3527 2339 3566 c.
2372 3516 2424 3575 8,
2449 3517 2516 3576 X,
2542 3518 2612 3569 ae
2639 3516 3005 3566 clandestina
3034 3516 3272 3575 despon-

289 3606 539 3664 satione,
567 3605 666 3666 IV,
690 3606 740 3666 3:
766 3605 938 3657 conc.
965 3604 1251 3664 Trident„
1277 3616 1419 3656 sess.
1448 3605 1646 3663 XXIV,
1673 3606 1745 3654 de
1766 3604 1879 3663 ret.
1905 3605 2186 3662 matrim„
2215 3616 2266 3655 c.
2299 3607 2348 3666 9;
2377 3605 2729 3656 Benedictus
2758 3605 2909 3665 XIV,
2936 3616 3025 3665 ep.
3050 3606 3269 3666 encycl.

290 3710 321 3745 ι
352 3694 488 3745 Etsi
518 3693 757 3745 mininie
799 3709 848 3755 ι,
883 3695 915 3746 7
948 3694 1096 3746 febr.
1141 3693 1288 3754 1742,
1326 3693 1352 3753 2
1388 3695 1470 3749 11;
1502 3705 1592 3752 ep.
1627 3695 1846 3754 encycl.
1887 3709 1917 3743 α
1952 3691 2211 3743 Nimiam
2246 3692 2540 3743 licentiam
2581 3708 2629 3755 n,
2675 3693 2741 3746 18
2776 3693 2919 3745 mall
2949 3693 3098 3754 1743,
3134 3694 3161 3755 1
3192 3695 3273 3754 10,

286 3789 473 3837 const.
503 3801 534 3836 ι
563 3785 897 3836 Fir-mandis
930 3801 977 3844 ι,
1005 3785 1039 3837 0
1063 3797 1192 3836 nov.
1222 3784 1370 3844 1744,
1403 3785 1430 3846 5
1455 3786 1506 3845 9;
1531 3784 1646 3836 litt.
1683 3786 1903 3845 encycl.
1936 3800 1966 3834 α
2004 3784 2149 3834 cum
2176 3782 2439 3844 relioiosi
2465 3799 2513 3844 ι,
2543 3784 2608 3837 20
2635 3786 2755 3836 iun.
2789 3784 2937 3844 1754,
2973 3784 2999 3844 s
3031 3786 3080 3845 43
3111 3783 3169 3836 8.
3203 3784 3265 3835 O.

293 3875 352 3926 8.
387 3874 504 3927 off.
554 3876 903 3936 (Kentuky),
939 3876 972 3926 9
1005 3876 1148 3925 mall
1184 3874 1329 3936 1821;
1366 3874 1423 3926 8.
1471 3874 1719 3933 Poenit.,
1759 3874 1792 3924 5
1835 3876 1983 3934 sept.
2021 3873 2168 3934 18993
2200 3873 2442 3925 Rituale
2478 3874 2664 3932 Rom„
2705 3873 2799 3925 tit.
2840 3873 2975 3934 VII,
3012 3885 3061 3923 c.
3110 3873 3160 3933 1,
3201 3873 3271 3921 dc

287 3965 657 4013 sacramento
688 3962 1071 4021 matrimonii,
1104 3964 1256 4023 ιι.·1,
1291 3964 1372 4015 10.

477 4056 501 4089 ³
533 4053 590 4102 8.
637 4052 885 4111 Poenlt.,
920 4053 953 4103 5
986 4054 1133 4112 sept.
1169 4053 1315 4104 1899.

468 4145 496 4181 ⁴
532 4141 590 4193 8.
622 4143 688 4194 G.
721 4141 795 4194 de
835 4143 1252 4199 sacramentis.
1287 4141 1458 4195 lustr.
1490 4142 1525 4193 0
1555 4145 1729 4195 mart.
1763 4143 1911 4197 1911.
1944 4154 2001 4192 ιι.
2037 4136 2084 4194 1.

471 4234 497 4270 ὅ
529 4232 594 4284 C.
622 4233 704 4292 27,
730 4234 795 4292 Χ,
823 4235 894 4283 dc
919 4230 1291 4292 sponsalibus
1321 4237 1380 4283 et
1408 4230 1822 4291 matrimoniis,
1842 4223 1958 4293 IV,
1989 4233 2039 4294 13
2060 4244 2111 4282 c.
2137 4232 2187 4290 8,
2216 4232 2282 4291 X,
2313 4235 2385 4283 ac
2411 4232 2779 4283 clandestina
2808 4232 3274 4293 desponsatione,

291 4322 393 4383 IV,
424 4322 475 4384 ὃς
496 4321 669 4375 conc.
695 4322 983 4381 Trident„
1011 4333 1154 4373 sess.
1182 4321 1381 4383 XXIV,
1411 4324 1482 4372 dc
1506 4321 1616 4380 res.
1644 4321 1926 4380 mamm„
1951 4335 2001 4372 c.
2034 4323 2083 4382 1:
2116 4321 2471 4373 Benedictus
2499 4321 2649 4382 XIV,
2680 4334 2769 4382 ep.
2805 4324 3023 4383 encycl.
3055 4337 3083 4371 ι
3111 4321 3274 4373 Satis

293 4410 471 4462 Vobis
493 4425 543 4471 ι,
569 4412 633 4464 17
656 4424 788 4462 nov.
816 4411 963 4471 1741:
993 4422 1082 4470 ep.
1113 4411 1332 4471 encycl.
1366 4426 1396 4459 ι
1427 4409 1686 4460 Nimiam
1712 4410 2014 4461 licentiam
2038 4426 2087 4471 ιο,
2116 4410 2182 4462 18
2208 4410 2353 4462 mali
2382 4410 2530 4471 1743,
2565 4410 2592 4470 ὅ
2623 4411 2673 4470 5,
2707 4411 2788 4470 10,
2820 4412 2902 4471 11;
2930 4423 3020 4470 ep.
3050 4398 3270 4471 encycl.

286 4516 316 4548 α
345 4487 515 4550 Inter
543 4499 883 4560 omniocnas
912 4515 961 4559 ι,
995 4499 1027 4549 2
1059 4499 1208 4551 febr.
1238 4498 1387 4558 1744,
1422 4498 1449 4559 1
1479 4500 1560 4559 11;
1589 4511 1679 4559 ep.
1713 4515 1743 4548 α
1774 4498 1988 4550 Paucis
2027 4500 2241 4550 abhinc
2279 4515 2327 4562 n,
2369 4501 2434 4552 19
2464 4503 2639 4551 mart.
2672 4499 2819 4559 1758;
2852 4499 2909 4552 8.
2944 4499 3007 4551 O.
3044 4497 3101 4551 8.
3136 4499 3272 4561 off..

299 4587 597 4650 (Quebec),
631 4591 694 4640 14
719 4590 840 4640 lun.
866 4589 1012 4649 1703ς
1043 4589 1191 4645 (Vic.
1219 4590 1326 4648 Δρ.
1354 4588 1693 4649 Iamaicae),
1721 4589 1787 4640 12
1818 4590 1936 4640 ian.
1968 4589 2115 4649 1881,
2146 4589 2224 4642 ad
2255 4590 2305 4651 3:
2330 4588 2388 4642 8.
2420 4590 2484 4641 O.
2518 4589 2606 4649 C..
2634 4586 3031 4647 Salernitana,
3060 4588 3124 4639 17
3151 4589 3272 4639 lun.

287 4677 437 4739 1617:
466 4678 524 4731 S.
554 4678 619 4731 Ο.
650 4678 724 4731 de
753 4679 924 4737 Prop.
955 4677 1119 4737 Fide,
1152 4678 1319 4728 lustr.
1367 4676 1469 4735 (ad
1500 4677 1769 4737 Archiep.
1808 4678 2174 4738 Hiberniae),
2213 4679 2277 4729 25
2308 4680 2427 4730 iun.
2461 4679 2606 4740 1791;
2642 4678 2729 4738 (O.
2765 4678 2881 4739 G.),
2911 4680 2943 4729 1
2971 4690 3096 4738 apr.
3128 4677 3275 4740 18163

290 4768 462 4820 lustr.
499 4768 600 4826 (ad
632 4768 756 4821 Vic.
784 4770 892 4828 Ap.
922 4767 1208 4828 sconiae),
1234 4766 1470 4826 meent.
1499 4767 1646 4827 1840,
1681 4766 1759 4818 ad
1789 4768 1837 4828 23
1865 4767 2110 4819 thuale
2142 4767 2330 4826 Rom..
2362 4768 2452 4820 tlt.
2483 4768 2695 4828 V11,c.
2729 4769 2778 4828 1,
2810 4770 2881 4818 ae
2907 4769 3275 4817 sacramento

288 4856 674 4914 matrimonii,
707 4868 764 4906 ιι.
798 4856 848 4906 7.

338 4983 341 4985 ψ
473 4948 499 4985 ⁸
535 4946 707 4997 Gonc.
753 4946 1039 5004 Trident„
1083 4956 1226 4997 sess.
1271 4946 1470 4999 XXIV.
1515 4947 1586 4995 dc
1627 4946 1737 5005 ret.
1793 4945 2075 5002 matrim„
2117 4956 2166 4996 c.
2211 4947 2261 5007 1;
2313 4946 2669 4998 Benedictus
2712 4946 2862 5005 XIV,
2908 4957 2998 5005 ep.
3054 4947 3272 5006 encycl

261 5021 321 5084 Ἰι
351 5035 516 5085 Baiis
553 5034 726 5085 Vobis
760 5049 809 5094 ι,
846 5036 910 5086 17
943 5035 1641 5097 nov.1741;ep.enc,vc1.
1683 5050 1713 5085 α
1754 5033 2014 5084 Nimiam
2050 5033 2349 5084 licentiam
2383 5049 2433 5096 r,
2478 5036 2545 5086 18
2577 5036 2721 5087 mail
2754 5034 2902 5094 1743,
2937 5035 2963 5096 Ξ
2995 5035 3045 5094 5,
3077 5035 3159 5093 10,
3193 5036 3274 5095 11;

284 5134 376 5183 ep.
415 5139 446 5173 s
480 5123 693 5175 Paucis
726 5125 941 5176 abhinc
982 5141 1031 5185 n,
1075 5126 1141 5177 19
1183 5127 1356 5176 mart.
1393 5124 1541 5184 1758ς
1576 5123 1633 5176 8.
1667 5123 1731 5176 G.
1770 5123 1826 5176 8.
1861 5123 2000 5184 off..
2040 5123 2211 5176 lustr.
2259 5123 2359 5183 (ad
2397 5125 2500 5185 Ep.
2539 5125 2812 5184 orient),
2853 5123 2919 5174 22
2953 5136 3087 5185 aug.
3124 5122 3274 5181 1890,

288 5226 330 5263 ιι
359 5215 409 5275 2;
440 5215 498 5265 8.
531 5214 596 5266 C.
631 5215 736 5274 Ερ.
769 5219 831 5268 et
860 5214 1024 5275 Rea..
1059 5209 1401 5271 Memnon..
1440 5213 1474 5265 8
1505 5225 1635 5265 nov.
1672 5214 1819 5275 1581;
1860 5213 1918 5265 8.
1952 5213 2016 5266 0.
2050 5212 2137 5273 0.,
2171 5211 2584 5272 Senooailien„
2618 5214 2684 5266 29
2723 5215 2841 5263 Ian.
2875 5212 3021 5273 1684:
3056 5210 3274 5262 Vercel-

291 5302 429 5360 ien„
459 5305 492 5356 9
518 5304 661 5354 maii
690 5303 836 5364 1719;
863 5302 1252 5363 Senooailicn.
1283 5314 1387 5353 sca
1423 5301 1805 5361 Macer-aian„
1834 5303 1868 5355 3
1896 5315 2022 5363 apr.
2062 5303 2209 5363 1734:
2243 5301 2546 5362 Bovincn„
2580 5303 2643 5353 27
2680 5301 2843 5360 mall,
2876 5300 2941 5352 17
2974 5302 3093 5351 iun.
3129 5298 3275 5359 182ος

293 5391 352 5442 8.
396 5392 462 5443 O.
506 5391 580 5443 de
622 5393 794 5452 Pron.
840 5391 1002 5452 Fide,
1050 5393 1218 5444 lustr.
1283 5392 1384 5449 (ad
1429 5392 1698 5453 Archlep.
1749 5392 2116 5451 Hiberniae),
2170 5391 2235 5441 23
2277 5390 2398 5442 iun.
2444 5392 2590 5454 17013
2644 5388 2702 5442 8.
2739 5390 2809 5439 R.
2847 5389 2934 5450 0.,
2979 5385 3272 5442 Nascana,

289 5482 357 5533 11
384 5491 517 5532 nov.
550 5480 698 5542 1641;
724 5481 966 5534 Rituale
996 5482 1184 5544 Rom..
1216 5483 1312 5534 tlt.
1355 5481 1491 5541 VII,
1523 5495 1573 5533 c.
1606 5483 1658 5543 1,
1701 5484 1772 5533 ac
1807 5484 2176 5533 sacramen-to
2211 5479 2595 5537 nmis-imonii,
2636 5492 2693 5530 n.
2729 5480 2779 5540 7,
2813 5478 2863 5531 8.
