3753 5871
534 260 642 318 144
1666 264 1861 316 Ooaeoe
1907 264 1939 316 1
1941 267 2068 318 uris
2108 267 2387 319 canonici

1831 489 2008 557 CAN.
2049 491 2200 559 500.
2701 553 2705 557 .

712 608 746 690 §
794 610 859 674 1.
914 608 1352 676 Subduntur
1408 628 1692 694 quoque
1737 610 2063 695 religiosi
2109 614 2509 681 Ordinatio
2554 615 2721 698 loci,
2770 616 2866 682 iis
2921 616 3247 700 exceptis
3295 615 3424 699 qui
3470 633 3513 680 a

536 715 723 783 Sede
768 716 1199 800 Apostolica
1251 718 1736 800 exemptionis
1792 719 2258 802 privilegium
2303 715 2680 789 consecuti
2724 728 2925 804 sunt,
2978 724 3184 789 salva
3231 740 3515 806 semper

532 827 902 908 potestate
938 842 1155 907 quam
1188 825 1306 890 ius
1346 825 1570 892 etiam
1604 826 1682 892 in
1715 844 1839 893 eos
1870 827 2198 895 locorum
2234 828 2654 895 ordinariis
2693 828 3029 897 concedit
3061 828 3082 862 ¹

709 931 742 1012 ξ
788 931 855 996 2.
908 931 1269 998 Moniales
1336 950 1522 1016 quae
1597 934 1733 1000 sub
1797 934 2311 1003 iurisdictione
2381 936 2860 1019 Superiorum
2930 937 3380 1021 regularium
3427 957 3512 1005 ex

530 1040 991 1122 praescripto
1045 1040 1660 1106 constitutionum
1709 1046 1910 1122 sunt,
1963 1042 2363 1109 Ordinatio
2411 1043 2554 1112 loci
2604 1044 3023 1110 subduntur
3082 1049 3374 1111 tantum
3436 1046 3513 1111 in

531 1145 824 1212 casibus
857 1145 1019 1212 iure
1048 1147 1414 1229 expressis
1443 1146 1495 1213 ².
3422 1158 3437 1174 '

704 1252 737 1333 ἓ
784 1252 850 1319 3.
902 1253 1129 1320 Nulla
1164 1254 1489 1320 virorum
1523 1254 1784 1340 religio
1811 1256 1971 1323 sine
1999 1257 2303 1340 speciali
2328 1257 2735 1340 apostolico
2771 1258 3065 1326 indulto
3099 1263 3346 1343 potest
3371 1260 3516 1326 sibi

527 1359 865 1426 subditas
908 1361 1172 1428 habere
1215 1361 1597 1446 religiosas
1637 1362 2263 1448 Congregationes
2306 1365 2699 1431 mulierum
2740 1370 2875 1433 aut
2915 1383 3170 1432 earum
3224 1366 3512 1451 religio·

546 1484 795 1532 sarum
823 1485 1076 1534 curam
1113 1472 1187 1535 et
1224 1469 1700 1538 directionem
1732 1471 2051 1539 retinere
2081 1472 2222 1538 sibi
2254 1472 2676 1554 specialiter
2704 1458 3287 1539 commendatam
3318 1472 3369 1539 ³.

1804 1642 1982 1708 ΟΑΝ.
2029 1642 2182 1708 501.

703 1766 736 1846 ξ
785 1769 849 1831 1.
902 1765 1335 1849 Superiores
1365 1772 1440 1833 et
1469 1765 1847 1850 Capitula,
1874 1765 1972 1832 ad
1999 1784 2328 1832 normam
2355 1766 2971 1834 constitutionum
3001 1770 3076 1834 et
3106 1767 3296 1834 iuris
3318 1785 3512 1834 com·

524 1873 793 1956 munis,
849 1877 1289 1958 potestatem
1333 1873 1604 1941 habent
1644 1874 2174 1941 dominativam
2216 1874 2295 1941 in
2339 1875 2696 1958 subditos3
2737 1876 2818 1942 in
2861 1875 3215 1959 religione
3258 1885 3516 1943 autem

520 1980 850 2046 clericali
891 1987 1254 2065 exempta,
1293 1981 1566 2050 habent
1597 1981 2184 2049 iurisdictionem
2223 1981 2794 2050 ecclesiasticam
2830 1987 2983 2050 tam
3020 2002 3159 2067 pro
3190 1984 3357 2051 toro
3403 1984 3513 2050 in·

528 2092 763 2170 terno,
802 2106 1019 2171 quam
1055 2106 1190 2171 pro
1221 2094 1526 2155 externo
1552 2089 1604 2154 ⁴.

698 2194 732 2276 ξ
778 2194 845 2259 2.
899 2195 1421 2279 Superioribus
1447 2194 1897 2279 quibuslibet
1918 2195 2259 2263 districte
2281 2193 2714 2281 prohibetur
2737 2197 3127 2281 quominus
3155 2197 3235 2263 in
3262 2197 3518 2264 causis

525 2303 621 2369 ad
657 2302 733 2369 S.
781 2302 1114 2369 Officium
1150 2303 1657 2386 spectantibus
1690 2322 1767 2370 se
1800 2303 2312 2371 intromittant
2349 2304 2402 2371 5.

698 2408 731 2491 §
778 2409 844 2476 3.
894 2410 1145 2477 Abbas
1217 2410 1509 2477 Primas
1583 2415 1661 2479 et
1738 2411 2094 2496 Superior
2156 2410 2771 2497 congregationis
2837 2408 3289 2478 monasticae
3360 2429 3515 2477 non

520 2518 791 2584 habent
840 2535 1123 2584 omnem
1164 2522 1603 2601 potestatem
1644 2522 1721 2586 et
1767 2518 2353 2586 iurisdictionem
2399 2537 2616 2602 quam
2657 2519 2776 2585 ius
2813 2536 3195 2586 commune
3238 2518 3520 2585 tribuit

520 2623 1041 2708 Superioribus
1072 2625 1500 2707 maioribus,
1542 2626 1665 2693 sed
1701 2644 1953 2692 eorum
1992 2630 2323 2711 potestas
2351 2631 2426 2694 et
2465 2626 2886 2694 iurisdictio
2914 2626 3367 2693 desumenda·
3396 2631 3519 2695 est

516 2749 606 2798 ex
651 2733 975 2816 propriis
1018 2734 1676 2800 constitutionibus
1720 2739 1795 2802 et
1841 2753 1929 2801 ex
1976 2734 2474 2817 peculiaribus
2522 2734 2841 2802 Sanctae
2892 2734 3102 2801 Sedis
3158 2734 3512 2814 decretis,

528 2836 740 2906 firmo
776 2839 1238 2922 praescripto
1271 2858 1435 2906 can.
1477 2840 1629 2922 655,
1670 2842 1866 2921 1594,
1921 2841 1953 2922 ἕ
1991 2843 2035 2906 4
2060 2841 2111 2906 ⁸.

1814 3016 1991 3086 CAN.
2030 3016 2181 3082 502.

694 3139 1098 3224 Supremus
1130 3139 1510 3222 religionis
1544 3138 1968 3207 Moderator
2008 3144 2448 3224 potestatem
2486 3141 2769 3208 obtinet
2811 3142 2890 3208 in
2927 3158 3175 3208 omnes
3209 3142 3512 3225 provin·

510 3246 691 3329 0188,
723 3247 1000 3329 domos,
1034 3248 1323 3315 sodales
1361 3247 1764 3331 religionis,
1799 3249 2275 3316 exercendam
2312 3249 2709 3316 secundum
2740 3249 3336 3332 constitutiones3
3368 3249 3515 3316 alii

526 3353 958 3438 Superiores
999 3375 1083 3422 ca
1119 3357 1443 3440 gaudent
1478 3357 1679 3424 intra
1725 3355 1907 3424 fines
1943 3357 2060 3423 sui
2104 3357 2432 3423 muneris
2455 3355 2505 3422 ⁷.

1790 3534 1968 3600 CAN.
2023 3533 2175 3601 503.

688 3657 1120 3742 Superiores
1158 3657 1472 3725 maiores
1502 3658 1580 3724 in
1616 3657 2096 3742 religionibus
2125 3657 2594 3724 clericalibus
2623 3657 2982 3740 exemptis
3021 3661 3335 3740 possunt
3378 3675 3514 3725 no·

510 3764 743 3832 turios
777 3765 1253 3848 constituere,
1291 3766 1415 3833 sed
1448 3769 1741 3832 tantum
1774 3784 1914 3849 pro
1942 3765 2257 3849 negotiis
2287 3764 2805 3832 ecclesiasticis
2838 3782 3015 3832 suae
3044 3763 3463 3849 religionis.

1802 3941 1979 4008 CAN.
2018 3941 2171 4007 504.

678 4066 955 4133 Firmis
995 4066 1321 4151 propriis
1361 4066 1688 4133 cuiusvis
1730 4066 2112 4151 religionis
2152 4065 2812 4132 constitutionibus
2855 4082 3041 4148 quae
3092 4065 3515 4148 provectio·

508 4190 658 4239 rem
710 4178 1028 4240 aetatem
1090 4173 1384 4258 aliaque
1447 4174 1740 4257 potiora
1802 4174 2164 4258 requisita
2223 4173 2549 4257 exigant,
2594 4173 2690 4240 ad
2732 4191 3002 4239 munus
3071 4172 3518 4255 Superioris

689 4435 711 4470 ¹
749 4435 897 4488 Vide
938 4436 1120 4487 etlam
1156 4445 1285 4486 can.
1331 4434 1446 4497 6153
1478 4434 1593 4485 018.

680 4529 708 4566 ²
746 4525 894 4577 Vide
932 4525 1114 4576 etlam
1147 4534 1277 4575 can.
1312 4523 1426 4584 015.

678 4618 704 4654 ³
745 4613 802 4663 S.
838 4614 903 4665 G.
950 4613 1055 4673 Ep.
1090 4617 1153 4666 et
1194 4612 1356 4684 neg„
1395 4612 1797 4672 Bur-divalem,
1838 4615 1906 4665 11
1939 4619 2067 4674 apr.
2106 4613 2252 4665 1802.

679 4709 706 4743 ⁴
740 4704 803 4756 O.
836 4703 984 4764 6,,Χ,
1019 4705 1090 4753 dc
1120 4707 1284 4753 statu
1322 4701 1738 4756 monachorum
1775 4706 1834 4754 ct
1873 4701 2284 4752 canonicorum
2315 4701 2692 4761 reantur-ium,
2727 4703 2844 4762 111,
2877 4703 2961 4764 355
2988 4702 3162 4755 Oonc.
3199 4703 3516 4767 Rident,

505 4805 648 4845 sess.
692 4793 858 4854 XXV,
901 4795 971 4842 dc
1020 4792 1411 4853 moulan-ibus,
1452 4803 1504 4843 c.
1535 4793 1586 4854 1;
1622 4793 1740 4844 Leo
1779 4792 1946 4854 XIII,
1987 4795 2173 4844 const.
2221 4807 2252 4843 ι
2292 4790 2577 4843 conditae
2620 4804 2657 4842 a
2700 4791 2936 4843 Christo
2976 4807 3026 4853 ι,
3079 4791 3113 4844 8
3163 4791 3284 4843 dec.
3343 4794 3519 4856 1900,

509 4883 535 4942 5
572 4882 622 4942 2,
657 4893 717 4933 11.
763 4881 812 4933 Ι.

675 4973 702 5010 ⁸
739 4971 962 5022 Paulus
987 4971 1056 5031 V,
1087 4972 1272 5022 const.
1314 4985 1345 5021 ι
1371 4969 1670 5020 Romanus
1700 4969 1979 5029 Pontifex
2008 4985 2058 5031 ι,
2087 4971 2120 5021 1
2153 4972 2300 5030 sept.
2330 4969 2479 5030 1600,
2517 4971 2543 5030 5
2574 4969 2624 5032 2;
2654 4969 2712 5023 S.
2744 4970 2808 5022 C.
2846 4968 2903 5022 S.
2937 4969 3076 5030 om,
3115 4969 3272 5021 decr.
3313 4969 3350 5022 8
3380 4971 3508 5024 iul.

501 5060 648 5122 166ος
692 5058 846 5110 decr.
885 5058 950 5110 15
986 5058 1130 5109 111811
1173 5058 1321 5110 1901.

678 5157 705 5192 ⁸
744 5149 861 5199 Leo
898 5148 1062 5207 XIII,
1097 5148 1212 5200 litt.
1248 5160 1342 5208 ap.
1384 5162 1415 5198 ι
1451 5146 1756 5199 Summum
1785 5158 2016 5207 semper
2043 5162 2093 5209 ι,
2126 5147 2191 5198 12
2223 5147 2326 5200 iul.
2368 5147 2518 5207 1893,
2549 5160 2608 5199 11.
2642 5147 2693 5209 Ι,
2729 5147 2812 5209 ΙΙ,
2848 5148 2949 5209 IV,
2986 5148 3055 5210 V}
3087 5147 3147 5200 S.
3179 5146 3248 5200 Ο.
3286 5147 3398 5208 Dp.
3441 5153 3523 5203 et

504 5243 667 5304 Reg„
706 5240 861 5292 decr.
908 5240 974 5290 16
1011 5241 1157 5299 sept.
1206 5238 1352 5290 1894.

676 5333 700 5369 ⁷
740 5332 855 5381 Leo
885 5329 1050 5389 XIII,
1090 5330 1278 5380 const.
1311 5343 1342 5379 ι
1374 5326 1657 5378 conditae
1689 5338 1724 5376 a
1758 5324 1994 5377 Christo
2025 5342 2073 5387 »,
2110 5326 2144 5378 8
2172 5326 2295 5378 dec.
2332 5327 2479 5386 1900,
2517 5328 2543 5387 5
2575 5326 2626 5386 2,
2667 5338 2726 5376 n.
2759 5326 2841 5388 11:
2882 5322 2941 5377 S.
2973 5324 3040 5376 Ο.
3074 5325 3180 5385 Ep.
3217 5327 3283 5379 et
3323 5326 3516 5390 Bae„

502 5419 837 5477 Canariam,
871 5419 905 5471 9
946 5429 1072 5477 apr.
1112 5417 1258 5479 1895;
1302 5415 1360 5468 S.
1407 5413 1471 5469 Ο.
1508 5416 1583 5468 de
1617 5417 1787 5476 Prop.
1831 5416 1975 5468 Fide
2018 5415 2105 5476 (O.
2151 5416 2266 5477 G.)‚
2303 5415 2369 5468 20
2403 5417 2521 5466 lan.
2561 5414 2707 5466 1885.
