3753 5871
1142 292 2218 361 mueronem-normaton
3079 292 3191 351 549

1473 558 1652 627 CAN·
1700 556 1896 624 1980.

376 703 412 789 ξ
457 705 524 770 1.
574 702 917 771 Mulieris
960 699 1489 787 inspectionem
1538 697 1972 768 obstetrices
2029 695 2147 764 vel
2195 694 2445 780 periti,
2501 710 2828 762 seorsum
2881 688 3184 775 singuli,

208 809 876 1003 emgugflgbeingnhnt·
851 917 869 934 ⁹
926 915 1191 985 medici
1238 915 1356 984 vel
1417 913 1851 983 obstetrices
1904 911 2240 997 singulas
2303 909 2701 978 relationes
2747 904 3176 988 conficiant,

207 1027 407 1096 intra
433 1027 832 1095 terminum
864 1042 911 1093 a
951 1022 1195 1092 iudice
1224 1020 1698 1108 praefinitum
1734 1019 2138 1145 tradendas
2180 1015 2233 1082 ¹.
2911 1121 2927 1140 ·
3226 1084 3253 1145 χ

378 1132 414 1218 ἃ
457 1132 526 1202 3.
576 1132 835 1202 Potest
872 1131 1092 1201 iudex
1135 1130 1533 1200 relationes
1568 1130 1664 1199 ab
1708 1127 2232 1197 obstetricibus
2266 1126 2647 1196 coniectas
2692 1122 3016 1191 examini
3054 1121 3184 1188 ali·
3252 1146 3257 1157 2

205 1243 416 1310 cuius
450 1240 674 1327 periti
719 1239 984 1309 medici
1018 1238 1401 1321 subiicere,
1441 1239 1509 1305 si
1543 1236 1622 1306 id
1656 1240 2157 1322 opportunum
2203 1235 2739 1305 existimaverit
2778 1235 2831 1301 ¹.

1470 1433 1650 1502 ΟΔΝ.
1706 1432 1903 1500 1981.

380 1577 697 1647 Peracta
726 1577 1110 1661 relatione,
1146 1576 1397 1662 periti,
1441 1574 1875 1645 obstetrices
1905 1592 1994 1641 ac
2027 1577 2395 1656 matrona,
2433 1589 2761 1641 seorsum
2796 1571 3099 1658 singuli,
3144 1588 3192 1638 a

209 1685 450 1756 iudice
480 1685 1060 1772 interrogentur,
1106 1683 1507 1753 secundum
1543 1682 1904 1752 articulos
1937 1700 1988 1751 a
2018 1680 2302 1750 vinculi
2335 1680 2721 1750 defensore
2765 1682 2992 1748 anteo,
3020 1697 3187 1747 con·

205 1794 545 1863 cinnatos
582 1793 850 1904 quihus
891 1792 1065 1878 ipsi,
1103 1792 1469 1877 praestito
1502 1791 1946 1875 iuramento,
1990 1789 2485 1874 respondeant
2533 1789 2587 1855 ⁸.

1474 1988 1653 2057 ΟΔΝ.
1702 1987 1898 2055 1982.

382 2126 632 2196 Etiam
670 2128 754 2196 in
784 2130 1033 2198 causis
1063 2128 1399 2199 derectus
1437 2147 1841 2198 consensus
1872 2128 1967 2197 ob
2002 2128 2429 2212 amentiam,
2470 2126 2898 2212 requiratur
2932 2126 3193 2194 suffra-

208 2234 411 2319 glum
441 2234 878 2320 peritorum,
920 2237 1048 2322 qui
1075 2234 1476 2319 infirmum,
1512 2237 1578 2305 si
1613 2253 1833 2305 casus
1868 2236 2095 2320 ferat,
2131 2236 2380 2305 eiusve
2408 2240 2583 2304 acta
2612 2253 2800 2321 quae
2830 2234 3200 2304 amentiae

212 2341 699 2426 suspicionem
736 2343 1112 2430 ingerunt,
1149 2345 1571 2413 examinent
1608 2343 2009 2413 secundum
2046 2343 2238 2412 artis
2283 2346 2699 2429 praecepta3
2741 2344 3047 2428 insuper
3087 2342 3199 2413 uti

210 2450 438 2518 testes
468 2449 717 2518 audiri
747 2450 1016 2520 debent
1047 2450 1272 2536 periti
1309 2452 1437 2537 qui
1475 2450 1850 2521 infirmum
1894 2454 2116 2521 antea
2147 2450 2643 2521 visitaverint.

1494 2791 1752 2858 Garum·
1797 2791 1891 2858 V.

424 2929 536 2999 De
574 2931 1077 3018 publicatione
1115 2950 1529 3018 processus,
1566 2931 2034 3000 conclusione
2081 2933 2163 2998 in
2204 2950 2426 2999 causa
2468 2938 2542 3000 et
2584 2931 2979 3001 sententio.

1479 3142 1656 3209 om.
1713 3141 1910 3209 1983.

392 3280 428 3363 5
473 3282 539 3347 1.
590 3281 983 3351 Publicato
1012 3298 1358 3367 processu
1390 3282 1512 3350 fas
1550 3282 1793 3350 adhuc
1825 3286 1939 3350 est
1973 3280 2317 3367 partibus
2350 3299 2576 3350 novos
2608 3285 2863 3365 testes,
2898 3281 2996 3349 ad
3039 3301 3199 3350 nor·

214 3406 409 3457 mam
444 3394 693 3458 tamen
729 3407 895 3458 can.
932 3389 1130 3473 1788,
1162 3408 1389 3476 super
1428 3390 1743 3459 diversis
1775 3389 2119 3459 articulis
2151 3388 2523 3458 inducere.

394 3494 448 3578 ς·
474 3494 541 3562 2.
594 3496 677 3564 Si
698 3516 873 3566 vero
904 3502 1133 3566 testes
1155 3497 1306 3565 iam
1330 3499 1621 3567 excussi
1648 3517 1871 3583 super
1894 3497 2157 3566 iisdem
2183 3497 2527 3565 articulis
2552 3500 2776 3567 antea
2801 3497 3206 3583 propositis

214 3602 461 3673 denuo
507 3604 859 3674 audiendi
900 3601 1081 3684 sint,
1125 3609 1460 3675 servetur
1498 3605 2041 3692 praescriptum
2081 3624 2247 3674 can.
2302 3606 2499 3690 1781,
2544 3606 2838 3692 integro
2877 3604 3041 3675 iure
3082 3605 3198 3673 de·

216 3709 538 3779 sensoris
574 3711 856 3779 vinculi
894 3716 1353 3797 opportunas
1394 3715 1853 3800 proponendi
1894 3714 2381 3799 exceptiones.

1496 3911 1673 3978 ΟΔΝ.
1724 3910 1919 3978 1984.

399 4050 434 4134 5
480 4051 547 4117 1.
595 4051 961 4120 Defensor
993 4050 1275 4119 vinculi
1309 4051 1430 4119 ius
1468 4051 1690 4120 habet
1735 4056 1824 4121 ut
1857 4052 1938 4118 in
1976 4051 2392 4138 allegando,
2435 4053 2752 4138 petendo
2797 4053 2874 4120 et
2912 4069 3202 4136 respon-

217 4156 462 4226 dendo
489 4161 642 4227 tam
673 4159 753 4226 in
786 4158 1091 4244 scriptis
1122 4177 1339 4244 quam
1371 4159 1451 4227 in
1488 4159 1916 4229 defensione
1954 4159 2171 4243 orali,
2205 4160 2563 4229 audiatur
2601 4164 3041 4247 postremus.

396 4264 432 4347 ξ
477 4264 543 4332 2.
592 4265 839 4347 Quare
864 4267 1198 4337 tribunal
1222 4267 1318 4337 ad
1347 4266 1805 4337 definitivam
1834 4270 2278 4337 sententiam
2306 4288 2397 4338 ne
2418 4269 2787 4352 deveniat,
2817 4268 2964 4335 nisi
2996 4267 3208 4352 prius

214 4372 500 4443 vinculi
535 4373 881 4444 defensor
912 4376 1419 4462 interrogatus
1450 4376 1946 4447 declaraverit
1988 4377 2128 4446 sibi
2175 4377 2365 4445 nihil
2401 4370 2905 4446 deducendum
2943 4375 3061 4443 vel
3095 4373 3202 4441 in·

216 4480 660 4565 quirendum
696 4501 1076 4568 superesse
1125 4480 1180 4546 ⁴.

397 4587 433 4672 5
477 4588 545 4658 3.
598 4589 682 4658 Si
732 4609 906 4659 vero
948 4596 1124 4660 ante
1170 4592 1644 4677 praefinitum
1689 4612 1734 4662 a
1789 4594 2035 4663 iudice
2087 4595 2349 4664 iudicii
2390 4593 2583 4663 diem
2626 4591 2971 4661 defensor
3016 4591 3203 4659 nihil

216 4695 635 4781 deduxerit,
669 4699 1173 4783 praesumitur
1200 4719 1365 4768 eum
1395 4700 1585 4768 nihil
1621 4701 1770 4769 iam
1799 4700 2303 4772 deducendum
2336 4701 2625 4770 habere.

403 4941 426 4978 ¹
465 4940 524 4996 Β.
556 4942 622 4996 0.
657 4942 716 4998 Β.
748 4944 888 5006 Otr„
918 4945 1089 4997 instr.
1120 4958 1177 4998 a.
1215 4945 1362 5008 lffi&
1390 4946 1560 5000 mstr.
1602 4945 1704 5006 (ad
1733 4946 1840 5008 Dp.
1871 4946 2118 5000 Rituum
2155 4946 2430 5009 orient),
2464 4959 2522 4998 a.
2556 4944 2704 5007 1883,
2738 4947 2834 4998 tlt.
2875 4943 2979 5007 v1,
3010 4949 3126 4998 nrt.
3157 4946 3209 5007 ῦς

703 5161 716 5175 .
749 5123 888 5186 Otr..
917 5124 1090 5178 instr.
1119 5073 1176 5178 a:
1215 5125 1362 5179 1858.

701 5252 714 5266 .
747 5214 798 5268 0
849 5252 886 5277 .,
916 5215 1088 5270 lustr.
1120 5230 1176 5270 a.
1214 5217 1362 5280 iffi&
1388 5218 1560 5272 lustr.
1602 5217 1704 5278 (ad
1733 5218 1840 5280 Dp.
1872 5218 2117 5272 Rituum
2157 5219 2430 5281 Oricum,
2465 5231 2523 5270 a.
2556 5217 2706 5278 1888,
2740 5218 2835 5271 tit.
2876 5216 2981 5277 vl,
3011 5219 3125 5269 art.
3158 5216 3209 5278 53

220 5301 285 5353 Β.
320 5301 387 5353 0.
421 5300 510 5364 O..
550 5303 723 5357 instr.
756 5304 823 5360 22
853 5317 988 5368 aug.
1024 5306 1156 5360 184⁰

765 5489 831 5543 0.

413 5406 442 5445 4
469 5394 528 5447 Β.
560 5395 626 5448 0.
661 5396 720 5448 S.
856 5433 892 5457 .,
919 5396 1092 5450 instr.
1129 5398 1232 5458 (ad
1260 5398 1366 5459 Bp.
1396 5398 1643 5452 Bituum
1673 5399 1949 5471 orient),
1979 5411 2035 5452 a.
2066 5398 2213 5459 1888,
2243 5398 2339 5452 tit.
2372 5398 2474 5459 1v,
2511 5410 2570 5450 n.
2603 5397 2684 5459 24;
2721 5395 2779 5451 S.
2810 5396 2877 5449 O.
2909 5395 2999 5458 0.,
3034 5395 3203 5447 instr.

216 5491 288 5541 22
319 5503 454 5554 nug.
488 5489 635 5552 1840:
673 5488 733 5543 S.
862 5490 937 5543 de
966 5490 1135 5551 Prop.
1175 5489 1339 5549 Fide.
1379 5490 1552 5543 instr.
1593 5503 1650 5542 a.
1684 5489 1831 5550 1888,
1864 5501 1924 5540 n.
1956 5488 2038 5542 24.

371 5069 424 5164 '²
467 5121 526 5174 Β.
556 5121 622 5175 0.

555 5213 604 5266 0
