3753 5871
629 260 742 322 500
1777 262 1975 315 onan
2012 262 2175 314 zum
2223 248 2505 315 οωῑοκιοι

1925 503 2103 570 CAN.
2149 502 2346 571 2033.

817 628 851 712 ξ
897 629 965 694 1.
1013 627 1467 699 Testimonia
1520 626 2125 694 extraiudicialia
2167 627 2450 711 scripto
2488 627 2929 713 consignata
2973 627 3128 695 sive
3169 627 3272 695 ab
3316 626 3422 694 iis
3470 644 3643 711 quos

639 735 1059 820 postulator
1089 736 1169 802 in
1201 752 1549 820 processu
1585 734 2040 820 interrogari
2070 735 2448 805 curaverit
2478 735 2683 803 circa
2711 734 3031 803 virtutes
3071 739 3150 804 et
3191 735 3643 821 martyrium

640 843 852 911 Servi
893 843 1060 927 Dei,
1103 843 1258 911 sive
1298 843 1392 910 ab
1442 842 1614 911 aliis
1656 861 1838 928 quos
1879 843 2300 929 postulator
2339 842 2910 926 interrogandos
2949 843 3468 928 proposuerit,
3512 844 3645 911 etsi

630 948 712 1017 in
758 950 1221 1034 processibus
1278 950 1720 1047 afferantur,
1761 951 2126 1019 recenseri
2185 953 2434 1019 tamen
2499 954 2874 1036 nequeunt
2933 950 3132 1019 inter
3188 951 3639 1019 documenta

636 1076 821 1143 quae
877 1059 957 1126 in
1014 1058 1292 1127 iudicio
1337 1059 1431 1127 de
1478 1058 1691 1127 Servi
1738 1058 1882 1127 Dei
1929 1059 2331 1127 sanctitate
2377 1058 2493 1127 vel
2542 1058 2908 1145 martyrio
2964 1058 3113 1126 vim
3163 1058 3637 1143 probativum

630 1164 903 1234 habent
948 1161 1000 1232 ¹.

807 1272 842 1356 ξ
887 1272 954 1340 2.
1005 1273 1159 1343 Nec
1193 1273 1433 1360 elogia
1475 1275 1820 1342 funebria
1859 1278 1939 1343 et
1975 1274 2395 1359 necrologia
2430 1272 2636 1342 illico
2673 1280 2843 1358 post
2876 1278 3188 1341 mortem
3231 1272 3465 1342 Servi
3515 1274 3640 1340 Dei

630 1389 938 1449 exarata
967 1383 1086 1450 vel
1119 1381 1321 1469 typis
1352 1381 1557 1450 edita
1588 1380 1996 1467 legitimam
2030 1381 2541 1466 probationem
2575 1382 3071 1449 constituunt.

808 1487 844 1572 5
889 1488 957 1555 3.
1007 1487 1393 1573 Multoque
1448 1489 1697 1558 minus
1741 1489 2170 1558 testimonia
2213 1491 2543 1557 virorum
2593 1488 2928 1575 quamvis
2972 1488 3403 1556 illustrium
3452 1488 3638 1556 circ·

628 1594 947 1664 virtutes
976 1602 1053 1665 et
1087 1614 1314 1681 opera
1344 1596 1549 1665 Servi
1583 1597 1723 1666 Dei
1758 1615 1904 1665 non
1938 1602 2226 1681 sponte,
2260 1598 2387 1666 sed
2417 1597 2822 1665 amicorum
2860 1596 3230 1681 precibus,
3273 1614 3370 1665 eo
3404 1596 3637 1665 adhuc

628 1702 943 1784 vivente,
986 1702 1270 1788 scripto
1307 1703 1616 1772 tradita.
2187 1696 2202 1710 ⁶

1903 1813 2082 1881 CAN.
2106 1796 2330 1881 ⁸2034.

803 1934 950 2014 Qui
978 1936 1418 2004 documenta
1444 1936 1816 2018 exhibent,
1850 1936 2121 2005 debent
2142 1937 2524 2004 declarare
2553 1954 2806 2004 eorum
2834 1936 3191 2021 originem
3216 1939 3303 2004 et
3324 1936 3627 2005 authen·

626 2041 991 2109 ticitatem
1036 2040 1089 2107 ¹.

1893 2152 2073 2220 ΟΛΝ.
2120 2150 2318 2220 2035.

805 2272 838 2356 ἕ
887 2276 952 2338 1.
1003 2274 1387 2342 Historiae
1432 2292 1578 2341 non
1631 2274 1907 2343 habent
1946 2275 2097 2341 vim
2136 2276 2771 2356 documentorum,
2820 2273 2967 2341 nisi
3011 2272 3500 2341 documentis
3539 2273 3623 2337 in-

626 2380 841 2448 nixae
875 2380 955 2447 in
993 2399 1339 2465 processu
1385 2381 1759 2451 exhibitis.

803 2488 837 2570 5
883 2487 950 2554 2.
1003 2488 1086 2557 si
1130 2489 1257 2575 qui
1308 2508 1617 2575 magnae
1655 2490 2135 2559 auctoritatis
2177 2491 2323 2558 viri
2364 2491 2483 2558 his
2522 2488 2983 2558 documentis
3024 2488 3142 2555 usi
3193 2487 3362 2556 sint
3412 2506 3623 2572 eaque

624 2595 1125 2678 probaverint,
1166 2616 1416 2665 eorum
1456 2597 1963 2666 testimonium
2012 2598 2270 2666 afferri
2306 2598 2524 2666 debet
2569 2601 2865 2665 tantum
2905 2596 3000 2664 ad
3037 2594 3618 2664 confirmandam

621 2702 1226 2772 documentorum
1271 2705 1918 2774 authenticitatem
1968 2710 2041 2775 et
2078 2705 2631 2773 auctoritatem.

1896 2854 2074 2922 CAN.
2122 2853 2318 2921 2036.

799 2977 835 3059 ἕ
881 2979 948 3044 1.
998 2977 1458 3047 Documenta
1521 2979 1880 3046 historica
1931 2979 2083 3046 sive
2132 2996 2355 3045 manu
2412 2976 2721 3062 scripta,
2775 2978 2928 3045 sive
2976 2975 3179 3063 typis
3228 2976 3611 3060 impr-em.

621 3077 888 3170 quibus
929 3086 1353 3171 postulator
1391 3085 1602 3155 Servi
1637 3086 1778 3156 Dei
1822 3086 2143 3155 virtutes
2177 3090 2312 3155 aut
2345 3085 2596 3154 cultus
2632 3083 2867 3154 eidem
2912 3082 3265 3169 praestiti
3299 3080 3609 3168 antiqui·

590 3196 849 3262 'tatem
893 3192 1197 3279 eiusque
1240 3212 1386 3262 non
1430 3193 1931 3279 interruptam
1978 3181 2613 3262 continuationem
2658 3192 2973 3278 probare
3018 3191 3386 3275 intendit,
3449 3193 3607 3259 inse

621 3306 889 3369 rantur
922 3301 1004 3370 in
1052 3320 1473 3387 processum
1514 3308 1590 3370 et
1625 3320 1795 3371 cum
1834 3303 2000 3388 ipso
2047 3301 2667 3370 transmittantur
2704 3301 2800 3367 ad
2846 3299 3149 3369 Sacram
3199 3299 3603 3386 Congrege-

616 3408 891 3477 tionem
935 3414 1013 3479 et
1049 3427 1096 3476 a
1129 3410 1314 3478 viris
1353 3409 1618 3495 peritis
1654 3413 2173 3480 examinentur
2216 3409 2268 3475 ³.

795 3516 831 3598 ἕ
876 3516 943 3583 2.
992 3519 1097 3586 At
1133 3518 1198 3585 si
1244 3517 1437 3603 quod
1482 3537 1571 3586 ex
1609 3517 1725 3585 his
1760 3519 1841 3586 in
1878 3520 2321 3589 bibliotheca
2358 3522 2474 3591 vel
2512 3522 2889 3590 tabulario
2923 3524 3387 3605 asservetur,
3443 3519 3603 3588 unde

616 3622 881 3691 deduci
908 3628 1248 3711 nequeat,
1279 3624 1440 3694 eius
1465 3626 1840 3711 exemplar
1865 3628 2226 3713 scriptum
2254 3629 2369 3697 vel
2397 3629 2977 3716 photographice
3008 3627 3399 3697 redditum
3437 3626 3597 3698 exhi-
3656 3649 3659 3724 1

617 3729 880 3798 beatur
923 3750 1091 3799 cum
1152 3731 1677 3801 testificatione
1729 3735 2013 3819 scripto
2060 3736 2349 3804 reddita
2397 3756 2445 3804 a
2494 3737 2791 3805 notario
2837 3735 3246 3806 tribunalis
3306 3737 3412 3806 de
3470 3737 3598 3805 eius

615 3837 1209 3907 authenticitate.

794 3944 827 4028 ἕ
874 3945 941 4013 3.
994 3946 1076 4015 si
1116 3968 1208 4016 ne
1255 3949 1331 4017 id
1375 3949 1667 4033 quidem
1707 3949 1870 4018 fieri
1912 3952 2173 4035 possit,
2227 3971 2346 4021 res
2382 3952 2768 4020 deteratur
2807 3952 2905 4020 ad
2946 3950 3258 4019 Sacram
3299 3951 3590 4037 Gangre

610 4051 1008 4136 gationem,
1047 4073 1234 4138 quae
1270 4057 1550 4141 peritos
1581 4057 1919 4143 designet
1955 4064 2037 4128 ut
2082 4078 2165 4126 ea
2212 4063 2740 4145 recognoscant
2773 4059 2900 4127 ubi
2934 4062 3459 4126 asservantur.

1736 4357 2162 4427 TITULUS
2204 4358 2456 4426 XXIV.

818 4501 922 4568 De
968 4517 1300 4585 processu
1346 4501 1889 4570 beatificationis
1937 4499 2321 4571 Servorum
2366 4502 2500 4570 Dei
2543 4521 2673 4588 per
2718 4503 2903 4570 viam
2953 4518 3093 4568 non
3138 4502 3412 4568 cultuS.

1871 4695 2049 4762 CAN.
2107 4693 2304 4762 2037.

783 4818 817 4900 ὅ
866 4819 931 4883 1.
983 4818 1352 4887 Personae
1391 4836 1578 4903 quae
1609 4819 1689 4885 in
1724 4838 2098 4903 processu,
2146 4821 2299 4889 sive
2331 4839 2381 4888 a
2412 4821 2741 4888 locorum
2777 4819 3203 4888 ordinariis
3248 4822 3419 4890 iure
3449 4836 3582 4905 pro

606 4927 774 5008 prio
811 4926 964 4993 sive
1001 4945 1051 4994 a
1096 4927 1456 5013 delegatis
1509 4927 1722 4996 Sedis
1761 4930 2235 5013 Apostolicae
2273 4929 2737 5012 instruendo,
2783 4934 3071 5014 partem
3112 4929 3422 5012 habent,
3471 4927 3580 4995 sci·

604 5033 781 5102 licet
827 5034 1132 5119 iudices,
1182 5040 1562 5120 promotor
1606 5035 1777 5104 fidei
1834 5055 1923 5104 ac
1981 5037 2631 5122 sub-promotores,
2684 5038 3024 5106 notarius
3069 5041 3148 5106 et
3204 5037 3581 5106 adiunctus

783 5244 803 5279 ¹
845 5243 903 5295 S.
939 5244 1010 5297 R.
1045 5245 1132 5305 O..
1165 5245 1320 5297 decr.
1361 5247 1428 5296 12
1453 5250 1629 5298 mart.
1670 5246 1817 5308 1631ς
1845 5247 2002 5298 decr.
2035 5247 2100 5298 15
2135 5250 2249 5299 oct.
2283 5246 2432 5310 1678,
2465 5248 2494 5309 1
2523 5250 2575 5306 1.
2608 5262 2666 5299 n.
2699 5251 2776 5301 9⁰.

770 5338 796 5372 ²
840 5334 906 5386 C.
940 5336 989 5395 1,
1021 5336 1072 5394 2,
1106 5336 1173 5396 X,
1209 5337 1280 5386 dc
1309 5336 1424 5395 fiae
1454 5337 2004 5396 instrumentorum,
2039 5338 2120 5398 11,
2154 5336 2235 5388 22.

774 5426 799 5460 ³
842 5425 898 5476 S.
941 5424 1010 5475 R.
1042 5424 1131 5485 0.,
1173 5426 1328 5480 decr.
1362 5426 1427 5479 m
1457 5439 1591 5490 aug.
1629 5428 1776 5488 1918,
1809 5440 1867 5479 n.
1904 5428 2003 5480 IV.
