3753 5871
1076 283 1252 335 biber
1299 281 1553 345 Quintus
1586 304 1607 318 ·
1643 280 1732 330 De
1779 279 2031 332 Deliciis
2067 282 2127 332 et
2167 280 2379 331 Poenis
2838 286 2839 295 ¹
3112 279 3222 339 615

1505 541 1682 609 cm.
1732 540 1930 606 2261.

410 688 445 770 ξ
492 691 557 754 1.
607 686 1054 755 Prohibetur
1076 683 1753 753 excommunicatus
1779 683 1984 750 licite
2013 681 2492 750 Sacramenta
2518 683 2598 747 et
2632 674 3218 746 sacramentalia

233 794 586 862 conficere
628 800 705 863 et
738 795 1189 875 ministrare,
1232 793 1459 860 salvis
1493 791 2045 875 exceptionibus
2091 808 2277 874 quae
2315 795 2726 872 sequuntur
2771 786 2819 855 ².

415 900 448 984 ξ
493 902 562 967 2.
611 902 929 983 Fideles,
970 901 1175 968 salvo
1212 898 1672 984 praescripto
1711 899 1746 981 ξ
1786 899 1855 981 3,
1898 902 2209 983 possunt
2245 915 2335 965 ex
2374 897 2703 981 qualibet
2747 898 2947 965 iusta
2992 915 3220 965 causa

233 1009 328 1077 ab
364 1009 995 1077 excommunica-to
1036 1010 1510 1076 Sacramenta
1562 1011 1635 1074 et
1676 1006 2260 1075 sacramentalia
2302 1010 2575 1089 petere,
2625 1006 2939 1073 maxime
2980 1006 3046 1071 si
3082 1004 3218 1072 alii

235 1117 563 1185 ministri
600 1117 871 1200 desint,
914 1120 992 1184 et
1036 1120 1215 1184 tunc
1256 1113 1931 1183 excommunicatus
1970 1114 2383 1198 requisitus.
2413 1118 2658 1197 potest
2707 1113 2956 1180 eadem
3009 1113 3217 1178 mini·

233 1230 475 1294 strare
508 1243 740 1310 neque
772 1225 931 1291 ulla
959 1228 1256 1292 tenetur
1286 1222 1736 1305 obligatione
1765 1239 2066 1288 causam
2099 1239 2147 1288 a
2178 1220 2598 1305 requirente
2636 1220 3119 1304 percontandi
3155 1216 3207 1283 ².

412 1332 446 1414 ξ
492 1333 560 1399 3.
613 1331 756 1399 Sed
813 1331 907 1398 ab
951 1330 1601 1398 excommunicatis
1655 1330 1986 1397 vitandis
2033 1347 2312 1396 necnon
2359 1330 2454 1397 ab
2503 1330 2675 1395 aliis
2731 1330 3214 1396 excommuni-

229 1439 449 1520 catis,
490 1439 880 1523 postquam
918 1437 1339 1505 intercessit
1400 1437 1769 1504 sententia
1825 1437 2437 1509 condemnatoria
2492 1440 2629 1504 aut
2695 1436 3215 1517 declaratoria,

233 1546 488 1615 fideles
526 1547 607 1613 in
659 1545 817 1613 solo
856 1546 1119 1612 mortis
1170 1545 1499 1629 periculo
1542 1548 1856 1629 possunt
1907 1549 2155 1628 petere
2197 1548 2357 1611 tum
2400 1543 2936 1612 absolutionem
2979 1561 3216 1611 sacra·

235 1657 631 1725 mentalem
667 1656 763 1724 ad
802 1674 1133 1723 normam
1176 1672 1341 1722 can.
1382 1653 1537 1736 882,
1575 1653 1773 1734 2252,
1814 1657 1973 1721 tum
2012 1653 2263 1734 etiam,
2304 1653 2368 1718 si
2405 1652 2538 1719 alii
2575 1652 2820 1720 desint
2857 1651 3209 1733 ministri,

229 1769 482 1833 cetera
516 1763 999 1831 Sacramenta
1030 1766 1107 1830 et
1142 1760 1726 1830 Sacramenta-lia
1762 1758 1814 1824 ³.

1495 1954 1674 2022 om.
1730 1952 1926 2020 2262.

412 2091 448 2175 5
492 2095 560 2160 1.
608 2092 1310 2162 Excommunicatus
1356 2111 1504 2161 non
1554 2093 1642 2161 fit
1689 2093 2065 2177 particeps
2123 2090 2782 2175 indulgentiarum,
2835 2086 3216 2172 suffragio·

231 2216 424 2283 rum,
461 2200 925 2284 publicarum
967 2200 1340 2268 Ecclesiae
1371 2217 1669 2285 precum
1698 2198 1754 2271 ⁴.

412 2306 447 2390 5
490 2306 559 2375 2.
609 2307 679 2374 N
682 2326 776 2376 on
815 2308 1301 2392 probibentur
1342 2313 1635 2378 tamen:

497 2416 594 2480 1.⁶
638 2414 933 2483 Fideles
963 2415 1313 2499 privatim
1348 2435 1483 2500 pro
1522 2436 1610 2485 eo
1640 2435 1874 2501 orare3

488 2520 589 2587 2:
634 2521 1068 2591 Sacerdotes
1109 2523 1413 2590 Missam
1451 2525 1803 2609 privatim
1841 2543 1929 2592 ac
1976 2530 2257 2594 remoto
2292 2526 2643 2595 scandalo
2679 2545 2817 2611 pro
2860 2546 2947 2595 eo
2983 2526 3216 2611 appli-

232 2645 429 2712 care3
470 2628 623 2711 sed,
658 2629 725 2696 si
756 2630 857 2699 sit
890 2628 1264 2711 vitandus,
1300 2649 1437 2716 pro
1477 2632 1637 2700 eius
1668 2632 2144 2702 conversione
2176 2636 2470 2701 tantum
2502 2630 2553 2696 ⁸.

1499 2826 1677 2894 CAN.
1726 2826 1924 2894 2263.

406 2963 850 3033 Removetur
890 2966 1563 3034 excommunicatus
1598 2967 1694 3034 ab
1731 2966 2024 3034 actibus
2062 2966 2415 3051 legitimis
2453 2965 2973 3034 ecclesiasticis
3019 2966 3223 3034 intra

228 3070 417 3140 fines
446 3073 604 3139 suis
634 3072 714 3138 in
742 3071 927 3139 locis
964 3074 1126 3141 iure
1164 3072 1529 3157 definitos3
1564 3075 1819 3158 nequit
1849 3074 1930 3142 in
1962 3075 2210 3142 causis
2249 3073 2768 3143 ecclesiasticis
2800 3093 3039 3159 agere,
3076 3073 3223 3141 nisi

230 3178 328 3247 ad
381 3197 713 3247 normam
752 3197 918 3247 can.
964 3180 1156 3263 16543
1197 3181 1632 3265 prohibetur
1693 3182 2214 3251 ecclesiasticis
2280 3181 2535 3250 officiis
2599 3200 2725 3250 seu
2795 3180 3222 3250 muneribus

229 3285 473 3371 fungi,
516 3287 1026 3372 concessisque
1061 3293 1283 3357 antea
1315 3288 1410 3356 ab
1446 3289 1783 3357 Ecclesia
1825 3289 2236 3375 privilegiis
2280 3291 2435 3357 frui
2467 3292 2518 3360 ⁸.

1503 3465 1682 3536 ΟΔΝ.
1726 3465 1923 3534 2264.

405 3605 642 3672 Actus
686 3604 1225 3674 iurisdictionis
1265 3610 1421 3674 tam
1464 3607 1613 3675 fori
1664 3608 1956 3676 externi
2001 3626 2219 3693 quam
2264 3608 2414 3676 fori
2460 3609 2740 3678 interni
2793 3612 3082 3695 positus
3126 3612 3221 3680 ab

228 3713 862 3780 excommunicato
894 3716 1009 3782 est
1032 3712 1367 3799 illicitus;
1395 3717 1494 3797 et,
1525 3716 1592 3782 si
1618 3717 1778 3783 lata
1809 3715 2044 3784 fuerit
2070 3716 2439 3784 sententia
2465 3717 3074 3787 condemna-toria
3101 3720 3220 3789 vel

416 3991 438 4028 ¹
474 3991 540 4044 Ο.
576 3991 629 4053 6,
659 3992 710 4052 7,
740 3992 856 4052 109,
891 3992 957 4044 C.
993 3992 1091 4051 xl,
1129 4004 1183 4053 α.
1222 3993 1273 4055 33
1306 4003 1356 4044 c.
1389 3992 1438 4053 2,
1470 3993 1535 4054 Χ,
1582 3994 1653 4044 cie
1690 3992 1982 4044 ordinatis
2016 3995 2092 4045 ab
2127 3995 2416 4054 episcopo,
2462 3996 2564 4056 qui
2597 3996 2967 4046 renunciavit
3004 3995 3217 4055 episco-

231 4080 510 4142 mesu-1,
548 4081 630 4143 133
655 4094 706 4133 c.
737 4082 788 4142 8,
819 4083 886 4142 Χ,
921 4083 992 4133 de
1025 4081 1156 4133 doio
1186 4085 1246 4133 et
1285 4083 1673 4141 contumacia,
1708 4083 1791 4143 11,
1823 4084 1906 4145 143
1938 4094 1988 4135 c.
2031 4084 2114 4143 16,
2146 4085 2212 4145 Χ,
2249 4087 2321 4136 de
2354 4083 2869 4145 appellationibus,
2903 4084 3218 4135 recusatio·

228 4172 410 4221 nibus
442 4174 500 4222 et
532 4171 937 4229 relationibus,
971 4172 1055 4233 11,
1090 4173 1172 4234 2&
1204 4184 1256 4224 c.
1292 4172 1399 4233 3-6,
1431 4173 1497 4233 Χ,
1542 4174 1614 4223 de
1649 4173 1859 4224 clerico
1894 4171 2412 4232 eoecommuatcato,
2449 4172 2732 4233 deposito,
2777 4176 2870 4226 vel
2905 4173 3219 4224 interdicto

231 4260 634 4318 ministrante,
670 4263 738 4322 V,
772 4262 855 4323 27ς
886 4262 1029 4313 Plus
1073 4263 1167 4323 IX,
1201 4267 1385 4315 const.
1423 4279 1450 4312 σ
1494 4264 1863 4323 Apostolicae
1898 4263 2068 4315 Sedis
2102 4280 2151 4325 ιι,
2188 4264 2256 4316 12
2294 4267 2407 4316 oct.
2444 4264 2593 4325 1869,
2633 4265 2660 4326 3
2697 4266 2766 4327 V,
2801 4277 2859 4316 n.
2894 4265 2944 4326 6;
2977 4265 3219 4317 missale

229 4351 426 4412 Rom„
464 4354 559 4404 tlt.
600 4351 687 4402 De
726 4352 1054 4411 defectibus
1091 4354 1154 4403 in
1200 4352 1589 4404 celebratione
1628 4353 1946 4404 missarum
1980 4355 2439 4414 occurrentibus,
2477 4366 2528 4405 c.
2562 4356 2730 4416 VIII,
2782 4358 2853 4408 de
2890 4352 3218 4415 defectibus

231 4441 640 4500 dispositionis
668 4442 921 4500 animae,
956 4455 1013 4493 n.
1043 4445 1094 4502 1,
1121 4444 1175 4495 5.

409 4537 434 4571 ²
474 4533 769 4585 Martinus
797 4534 846 4584 V
888 4534 977 4591 (ln
1013 4534 1185 4585 Cone.
1221 4534 1672 4594 constantien).
1707 4537 1892 4587 const.
1928 4551 1959 4587 ι
1991 4535 2079 4585 Aa
2111 4536 2387 4586 evitanda
2430 4550 2478 4594 ι,
2512 4549 2568 4586 a.
2602 4536 2749 4587 1418.

411 4628 437 4666 ⁸
467 4625 531 4677 Ο.
558 4623 608 4684 6,
637 4623 708 4673 D.
734 4624 961 4684 XXX113
992 4624 1288 4676 Martinus
1313 4626 1361 4676 V
1394 4627 1481 4684 (in
1506 4625 1679 4676 conc.
1708 4625 2161 4686 constantien),
2196 4629 2379 4678 const.
2411 4641 2442 4677 ι
2469 4626 2556 4677 Ad
2584 4626 2862 4677 evitanda
2891 4640 2941 4685 ν,
2971 4638 3026 4676 a.
3062 4625 3211 4678 1418.

411 4718 438 4756 ⁴
480 4714 547 4766 C.
589 4714 639 4774 8,
671 4714 738 4773 Χ,
778 4715 850 4764 ae
900 4712 1233 4772 haereticis,
1275 4716 1343 4775 V,
1385 4715 1436 4777 7;
1473 4726 1523 4765 c.
1556 4714 1639 4775 28,
1669 4715 1753 4774 38,
1783 4716 1850 4775 X,
1893 4716 1964 4764 de
2004 4714 2299 4765 sententia
2348 4713 2986 4774 eoecommanicationis,
3026 4716 3095 4774 V,
3139 4715 3221 4776 393

228 4804 353 4855 Leo
380 4804 447 4863 Χ,
475 4808 659 4857 const.
690 4820 721 4856 ι
748 4803 1014 4863 Exsurae
1046 4803 1293 4855 Domine
1324 4821 1372 4865 ιο,
1411 4805 1475 4856 15
1504 4805 1624 4856 iun.
1664 4806 1810 4865 1520,
1839 4816 2006 4856 error
2034 4806 2117 4867 23,
2158 4805 2405 4857 Martini
2434 4806 2674 4864 Luther,
2707 4804 2924 4867 damn.;
2955 4805 3013 4857 S.
3046 4806 3112 4857 C.
3144 4805 3217 4858 de

230 4893 409 4954 Prop.
451 4894 595 4947 Fide
630 4894 718 4955 (Ο.
754 4894 869 4955 0.),
906 4894 940 4946 3
969 4906 1101 4955 aug.
1134 4894 1281 4956 1818;
1309 4896 1552 4948 Bituale
1582 4895 1770 4957 Rom„
1803 4897 1898 4948 ut.
1931 4896 1999 4954 V,
2033 4908 2084 4947 c.
2117 4896 2167 4956 6,
2202 4895 2375 4946 Ritus
2414 4893 2831 4947 benedictionis
2861 4894 3217 4954 apostolicae

228 4985 295 5032 in
335 4981 591 5035 articulo
621 4985 850 5044 mortis,
879 4996 939 5036 n.
970 4985 1009 5037 1

418 5077 446 5114 ⁸
482 5073 540 5126 S.
579 5074 642 5125 C.
685 5073 742 5125 S.
784 5074 921 5134 Otr..
959 5076 1025 5127 19
1067 5085 1195 5134 apr.
1231 5075 1378 5127 1837.

415 5170 440 5205 ὓ
472 5165 538 5216 C.
573 5164 655 5223 37,
689 5164 755 5215 Ο.
791 5164 987 5225 XXIV,
1020 5177 1075 5225 q.
1109 5166 1158 5225 1;
1187 5177 1238 5216 c.
1272 5166 1323 5224 7,
1355 5166 1421 5224 X,
1465 5167 1536 5216 de
1568 5165 2030 5225 probationibus,
2074 5166 2157 5224 11,
2193 5167 2274 5227 19;
2308 5173 2356 5216 e.
2393 5166 2475 5225 24,
2507 5166 2573 5225 X,
2620 5167 2690 5216 de
2726 5164 3019 5216 sententia
3054 5169 3113 5215 et
3149 5174 3212 5212 re

229 5254 522 5311 indicata,
555 5254 638 5314 11,
672 5254 752 5315 273
784 5266 832 5305 c.
868 5255 949 5313 13,
981 5256 1046 5313 Χ,
1090 5256 1161 5304 de
1193 5254 1525 5311 haereticis,
1548 5256 1631 5332 ‚V,
1661 5255 1711 5315 7;
1741 5267 1791 5306 c.
1823 5256 1907 5314 10,
1949 5258 2021 5315 ‚de
2053 5253 2239 5314 officio
2278 5261 2337 5306 et
2370 5257 2662 5314 potestate
2695 5252 2910 5303 indicis
2942 5252 3216 5312 aeleoati,

229 5344 282 5405 1,
328 5344 417 5403 14,
460 5345 523 5395 ln
562 5346 689 5404 V1⁰;
724 5356 776 5395 c.
817 5346 900 5403 14,
944 5345 1015 5394 de
1066 5346 1359 5396 sententia
1401 5345 2040 5404 excommunicationis,
2094 5343 2495 5402 suspensionis
2538 5348 2595 5394 et
2641 5341 2963 5400 interdicti,
3007 5343 3077 5403 V,
3132 5345 3214 5401 11,

229 5435 296 5484 in
327 5431 459 5494 V1⁰;
490 5433 548 5486 S.
581 5432 645 5484 Ο.
677 5433 751 5486 de
788 5433 957 5493 Prop.
989 5434 1135 5487 Fide
1175 5434 1263 5493 (C.
1298 5435 1362 5486 P.
1402 5446 1507 5496 pro
1539 5432 1660 5486 Sin.
1680 5434 2131 5495 —Sutchuen.),
2171 5433 2237 5485 26
2266 5436 2412 5494 sept.
2445 5432 2592 5485 1821.
2820 5513 2829 5558 ἱ
