3753 5871
584 331 695 389 406
1042 310 1047 321 “
1730 329 1927 379 οοαω
1959 326 2119 377 ιιι-ιι
2163 327 2445 379 cano-toa

1874 536 2052 603 CAN.
2115 537 2306 602 1391.

775 648 1169 714 versiones
1203 663 1581 712 sacra-rum
1623 644 2179 728 scripturarum
2218 646 2299 711 in
2344 645 2674 727 linguam
2712 645 3181 711 vernaculam
3220 646 3435 729 typis
3475 647 3606 712 im·

604 756 827 839 primi
869 758 1265 839 nequeunt,
1318 753 1460 818 nisi
1500 754 1653 819 sint
1690 773 1735 818 a
1777 752 1964 820 Sede
2011 753 2442 835 Apostolica-
2479 753 2857 836 probatae,
2909 758 3045 820 aut
3085 753 3231 820 nisi
3270 753 3611 820 edantur

606 864 742 928 sub
794 862 1185 945 vigilantia
1232 860 1764 943 Episcoporum
1805 864 1882 927 et
1930 878 2096 927 cum
2141 861 2750 927 adnotationibus
2790 862 3185 945 praecipue
3226 864 3611 945 excerptis

606 991 692 1038 ex
727 970 1005 1037 sanctis
1033 968 1407 1035 Ecclesiae
1432 968 1784 1034 Patribus
1815 973 2039 1051 atque
2071 987 2157 1033 ex
2189 967 2432 1034 doctis
2462 968 2991 1053 catholicisque
3025 969 3534 1052 scriptoribus
3557 968 3605 1033 ¹.

1871 1116 2049 1184 CAN.
2109 1115 2302 1182 1392.

787 1222 821 1303 ξ
870 1226 935 1288 1.
983 1223 1446 1307 Approbatio
1485 1226 1734 1291 textus
1774 1225 2161 1308 originalis
2200 1224 2518 1291 alicuius
2559 1226 2825 1309 operis,
2873 1244 3102 1309 neque
3142 1226 3483 1292 eiusdem
3539 1228 3613 1292 in

609 1331 834 1397 aliam
875 1332 1204 1414 linguam
1241 1333 1859 1400 translationibus
1895 1351 2125 1417 neque
2158 1333 2331 1400 aliis
2363 1334 2813 1401 editionibus
2856 1334 3338 1416 suffragatum
3377 1352 3618 1418 quare

609 1444 686 1505 et
727 1440 1255 1506 translationes
1298 1446 1372 1507 et
1417 1459 1644 1508 novae
1685 1441 2046 1508 editiones
2091 1442 2333 1525 operis
2385 1441 2778 1524 approbati
2824 1460 3009 1508 nova
3066 1441 3619 1524 approbatione

606 1547 1045 1613 communiri
1078 1547 1344 1614 debent
1371 1546 1424 1615 ².

787 1652 819 1734 ξ
867 1652 933 1718 2.
985 1654 1358 1737 Excerpta
1394 1674 1434 1720 e
1470 1654 1864 1736 periodicis
1899 1656 2151 1738 capita
2188 1656 2492 1722 seorsim
2539 1656 2736 1722 edita
2785 1675 3011 1722 novae
3049 1656 3419 1722 editiones
3467 1675 3618 1722 non

606 1765 1002 1826 censentur
1041 1779 1172 1828 nec
1207 1762 1515 1844 proinde
1559 1780 1742 1828 nova
1775 1762 2310 1847 approbatione
2342 1762 2676 1846 indigent
2707 1761 2761 1825 ⁸.

1878 1915 2054 1981 CAN.
2115 1914 2310 1981 1393.

791 2020 824 2102 ἓ
873 2023 939 2086 1.
988 2021 1082 2086 In
1119 2021 1484 2087 universis
1516 2021 1768 2087 Curiis
1799 2022 2343 2106 episcopalibus
2381 2040 2720 2089 censores
2754 2042 2840 2088 ex
2876 2022 3113 2089 officio
3154 2021 3441 2103 adsint,
3492 2023 3620 2106 qui

612 2126 893 2194 edenda
931 2133 1378 2211 cognoscant
1411 2129 1463 2195 ⁴.

794 2235 828 2316 ξ
873 2234 942 2300 2.
992 2235 1558 2303 Examinatores
1595 2237 1673 2301 in
1718 2254 1854 2303 suo
1889 2236 2225 2303 obeundo
2278 2235 2535 2318 officio,
2606 2236 2806 2302 omni
2864 2253 3347 2318 personarum
3407 2254 3618 2303 acce·

616 2342 868 2425 ptione
906 2344 1269 2427 deposita,
1313 2344 1823 2411 tantummodo
1863 2362 2043 2427 prae
2084 2343 2320 2411 oculis
2369 2344 2687 2411 habeant
2727 2344 3102 2411 Ecclesiae
3140 2343 3505 2427 dogmata
3546 2351 3620 2411 et

612 2467 1067 2517 communem
1105 2451 1635 2517 catholicorum
1669 2451 2083 2518 doctrinam
2119 2470 2305 2536 quae
2344 2452 2844 2519 Conciliorum
2876 2451 3331 2533 generalium
3365 2451 3616 2519 decre·

616 2557 717 2624 tis
771 2563 907 2626 aut
956 2559 1168 2625 Sedis
1212 2560 1683 2643 Apostolicae
1726 2559 2388 2626 constitutionibus
2434 2578 2562 2627 seu
2623 2559 3333 2643 praescriptionibus
3383 2565 3620 2643 atque

616 2665 1093 2748 probatorum
1128 2666 1511 2732 doctorum
1546 2685 1905 2733 consensu
1942 2668 2369 2734 continetur
2401 2667 2455 2733 ⁸.

795 2771 829 2853 ξ
875 2772 942 2838 3.
992 2773 1350 2839 Censores
1389 2793 1476 2840 ex
1514 2779 1828 2857 utroque
1865 2773 2065 2842 clero
2097 2774 2474 2859 eligantur
2504 2777 2771 2841 aetate.
2810 2773 3251 2856 eruditione,
3293 2773 3614 2856 pruden-

617 2879 728 2947 tia
769 2880 1284 2958 commendati,
1326 2881 1452 2965 qui
1488 2881 1563 2948 in
1602 2881 1965 2949 doctrinis
2009 2882 2411 2966 probandis
2449 2881 3098 2966 improbandisque
3135 2880 3379 2948 medio
3414 2884 3614 2949 tuto·

619 3003 758 3069 que
792 2986 1059 3056 itinere
1093 2991 1268 3056 eant
1304 2992 1354 3058 ⁸.

797 3097 831 3178 ξ
877 3099 943 3162 4.
992 3097 1272 3165 Censor
1315 3097 1756 3166 sententiam
1804 3098 2087 3181 scripto
2118 3098 2297 3166 dare
2339 3097 2578 3164 debet.
2620 3097 2826 3177 Quae
2861 3097 2925 3163 si
2960 3096 3256 3169 faverit,
3299 3094 3618 3161 Ordina-

624 3204 781 3271 rius
813 3209 1251 3288 potestatem
1289 3204 1550 3273 edendi
1582 3206 1840 3287 faciat,
1876 3206 1999 3273 cui
2034 3209 2279 3273 tamen
2324 3208 2829 3289 praeponatur
2860 3204 3189 3271 censoris
3224 3202 3619 3282 iudicium,

624 3311 985 3396 inscripto
1022 3313 1181 3380 eius
1228 3313 1540 3379 nomine.
1585 3312 2227 3380 Extraordinariis
2262 3317 2556 3379 tantum
2595 3314 2669 3379 in
2710 3311 3086 3379 adiunctis
3131 3329 3218 3377 ac
3259 3328 3619 3394 perquam

627 3437 821 3500 raro,
869 3420 1217 3502 prudenti
1253 3420 1631 3487 ordinarii
1669 3420 2008 3494 arbitrio.
2053 3420 2380 3488 censoris
2415 3419 2692 3487 mentio
2727 3419 2973 3487 omitti
3012 3417 3287 3502 poterit
3336 3415 3392 3484 ¹.

804 3526 837 3607 ἓ
884 3526 950 3592 5.
1001 3528 1450 3594 Auctoribus
1485 3528 1813 3594 censoris
1849 3546 2110 3595 nomen
2156 3533 2411 3612 pateat
2453 3545 2855 3611 nunquam,
2903 3530 3299 3609 antequam
3348 3525 3474 3591 hic
3514 3527 3622 3591 fa·

625 3637 912 3700 ventem
954 3634 1393 3701 sententiam
1436 3635 1751 3702 ediderit
1808 3635 1859 3703 ⁸.

631 3805 786 3855 decr.
825 3805 889 3854 11
922 3816 1058 3863 aug.
1099 3803 1246 3863 1905,
1282 3816 1340 3853 ιι.
1380 3804 1634 3864 111-V11;
1667 3803 1822 3855 decr.
1861 3804 1926 3853 14
1959 3816 2092 3863 aug.
2126 3803 2272 3863 19053
2305 3803 2522 3854 declar.
2560 3805 2624 3854 14
2661 3803 2810 3854 febr.
2852 3801 2997 3863 10065
3031 3803 3186 3853 decr.
3234 3801 3267 3851 7
3302 3813 3441 3861 aug.
3477 3801 3629 3859 19⁰7:

632 3894 786 3944 decr.
824 3894 858 3945 8
894 3905 1020 3954 apr.
1062 3893 1209 3953 1908:
1248 3893 1648 3950 Ratisbonen„
1685 3892 1748 3942 2⁴
1785 3894 1934 3944 febr.
1974 3895 2121 3954 1911:
2156 3893 2312 3945 decr.
2344 3895 2408 3944 11
2445 3904 2572 3953 apr.
2604 3893 2751 3953 19113
2786 3892 2941 3943 decr.
2981 3891 3048 3943 17
3085 3891 3230 3942 mali
3267 3891 3417 3950 1911:
3462 3890 3623 3941 decr.

631 3985 665 4035 8
692 3984 815 4035 dec.
856 3984 1001 4045 1912,
1037 3983 1191 4034 decr.
1232 3983 1297 4035 23
1325 3996 1451 4043 apr.
1485 3984 1631 4044 1913;
1661 3982 1816 4035 decr.
1848 3983 1914 4034 25
1942 3987 2116 4035 mart.
2151 3984 2296 4034 1914.

814 4073 835 4108 ¹
874 4074 1016 4125 Plus
1050 4074 1146 4133 lx,
1175 4086 1265 4133 ep.
1298 4075 1517 4134 encycl.
1552 4089 1581 4122 α
1610 4072 1813 4123 Nostis
1840 4078 1901 4124 et
1932 4072 2246 4122 Nobiscum
2275 4089 2323 4130 n.
2354 4073 2388 4124 8
2414 4072 2537 4124 dec.
2570 4072 2717 4134 18493
2747 4073 2865 4123 Leo
2892 4071 3058 4131 xl11‚
3098 4073 3283 4122 const.
3326 4069 3628 4127 «Officio-

633 4177 763 4213 rum
789 4177 860 4213 ac
890 4176 1196 4213 munerum
1228 4179 1275 4223 n,
1311 4163 1375 4213 ὕ
1400 4164 1518 4207 lan.
1546 4164 1694 4216 1897,
1722 4176 1779 4208 n.
1807 4164 1857 4215 7,
1889 4160 1971 4218 30;
1998 4157 2055 4209 S.
2089 4158 2154 4210 C.
2187 4159 2274 4219 C..
2305 4157 2554 4216 Galliac,
2582 4160 2615 4209 2
2639 4163 2760 4209 lun.
2791 4161 2936 4220 16293
2966 4160 3024 4210 S.
3058 4158 3124 4209 C.
3161 4158 3370 4216 ludio..
3403 4160 3470 4210 13
3501 4160 3626 4210 lun.

634 4254 778 4310 1757:
812 4253 877 4303 2⁴¹1
908 4258 1079 4303 mart.
1119 4247 1264 4305 1855,
1301 4247 1380 4297 ad
1412 4248 1461 4307 1;
1492 4247 1610 4298 lltt.
1644 4249 1864 4308 encycl.
1899 4248 1964 4297 24
1995 4261 2129 4309 aug.
2163 4248 2312 4300 1804.

804 4342 831 4374 2
872 4339 987 4387 Leo
1018 4337 1184 4395 xnl,
1217 4339 1401 4389 const.
1437 4352 1468 4387 ι
1498 4336 1829 4396 officiorum
1855 4350 1930 4388 ac
1955 4350 2260 4389 nuntiarum
2287 4355 2336 4398 n,
2364 4339 2429 4390 25
2457 4341 2574 4389 ian.
2603 4338 2750 4399 1897,
2780 4351 2839 4389 ιι.
2868 4340 2948 4400 443
2979 4336 3037 4389 S.
3074 4339 3143 4388 R.
3176 4338 3263 4396 C..
3297 4336 3630 4396 concrepa·

637 4427 814 4475 κοπίς
849 4426 953 4476 88.
989 4425 1414 4485 Redemptor-ts,
1452 4428 1484 4477 4
1518 4430 1663 4487 sept.
1701 4428 1846 4487 1875:
1876 4426 2365 4486 Neo-Eboraoen„
2403 4430 2430 4479 «l
2464 4441 2597 4489 aug.
2632 4428 2781 4480 1877.

801 4519 826 4554 ³
877 4516 936 4566 S.
971 4517 1036 4567 C.
1072 4516 1276 4570 Indlc..
1311 4516 1375 4568 23
1412 4518 1553 4568 mali
1596 4517 1742 4577 1898,
1783 4518 1861 4570 ad
1893 4519 1942 4570 3.

808 4607 837 4641 ⁴
874 4608 989 4658 Leo
1013 4607 1177 4667 xln,
1206 4611 1390 4659 const.
1423 4624 1452 4657 α
1480 4606 1813 4667 Officioram
1837 4620 1911 4659 ao
1934 4621 2240 4659 munerum
2267 4624 2317 4668 n,
2352 4608 2417 4660 25
2444 4608 2562 4659 lan.
2592 4608 2740 4669 1897,
2772 4620 2831 4658 n.
2859 4607 2942 4668 38;
2969 4607 3114 4658 Plus
3146 4607 3212 4665 X,
3251 4606 3368 4657 litt.
3398 4607 3629 4667 enesd.

633 4712 663 4746 ι
695 4696 981 4746 Pascendt
1011 4713 1059 4756 ιι,
1091 4698 1125 4749 8
1160 4701 1306 4758 sept.
1346 4699 1494 4759 1907ς
1529 4701 1691 4750 motu
1724 4710 1918 4759 propr.
1952 4715 1982 4749 α
2013 4698 2326 4749 Sacrorum
2356 4697 2696 4749 antistitum
2728 4712 2777 4757 ι»,
2813 4698 2844 4748 1
2875 4698 3023 4755 sept„
3062 4696 3210 4752 1910,
3245 4707 3303 4745 ιι.
3339 4695 3444 4748 IV.

807 4795 837 4833 ο
877 4790 992 4838 Leo
1026 4787 1191 4847 xnI,
1228 4793 1411 4840 const.
1452 4805 1482 4838 a
1522 4788 1856 4847 officiorum
1890 4801 1962 4839 ac
1998 4801 2302 4838 munerum
2340 4805 2388 4846 υ,
2423 4788 2489 4839 25
2523 4789 2642 4838 lan.
2680 4787 2828 4846 1897,
2866 4799 2924 4837 n.
2956 4785 3042 4845 38,
3072 4786 3156 4847 39ς
3201 4785 3344 4836 Plus
3387 4784 3459 4846 X,
3511 4786 3632 4837 litt.

632 4884 851 4945 encycl.
880 4897 910 4931 ι
935 4880 1223 4931 Pascendt
1247 4896 1295 4939 n,
1329 4880 1363 4931 8
1392 4883 1539 4940 sept.
1574 4880 1720 4940 19073
1744 4882 1907 4931 motu
1933 4891 2126 4940 propr.
2156 4894 2185 4928 α
2210 4878 2525 4929 Sacrorum
2551 4876 2889 4927 antistitum
2921 4891 2972 4934 ι,
2998 4877 3030 4926 1
3062 4878 3210 4936 sept.
3242 4875 3392 4933 1910.
3426 4887 3470 4925 n
3527 4874 3633 4926 IV.

817 4977 842 5011 ⁶
875 4974 990 5023 Leo
1015 4971 1180 5030 XIII,
1208 4974 1391 5022 const.
1424 4985 1452 5020 α
1484 4969 1815 5029 officiorum
1843 4980 1916 5018 ac
1942 4981 2242 5018 muneram
2276 4985 2325 5028 ι,
2352 4968 2417 5020 a’»
2445 4969 2562 5020 lan.
2590 4966 2738 5027 1897,
2767 4980 2827 5018 n.
2863 4966 2945 5027 38;
2979 4966 3124 5016 Plus
3155 4965 3222 5025 Χ,
3254 4964 3371 5016 litt.
3403 4965 3634 5025 encycl.

633 5080 665 5117 ι
692 5062 982 5114 Pascenat
1010 5078 1059 5121 n,
1091 5062 1125 5113 8
1160 5064 1308 5121 sept.
1348 5060 1495 5122 19073
1530 5062 1692 5111 motu
1725 5070 1917 5120 propr.
1952 5075 1982 5109 α
2014 5059 2327 5108 sacrorum
2357 5057 2696 5108 antistitum
2731 5073 2777 5114 n,
2813 5058 2845 5107 1
2877 5060 3025 5116 sept.
3062 5055 3211 5114 1910,
3245 5066 3305 5106 ιι.
3343 5053 3449 5105 lv.

812 5157 836 5195 7
864 5155 981 5205 Leo
1015 5155 1062 5204 X
1107 5153 1194 5212 (in
1232 5152 1405 5203 Cone.
1448 5152 1801 5202 Latet-aneu.
1841 5152 1935 5209 V).
1977 5152 2161 5201 must.
2203 5164 2234 5199 ι
2268 5147 2438 5199 Inter
2471 5145 2902 5199 sollicitudines
2938 5161 2987 5206 »,
3027 5146 3061 5195 4
3105 5144 3252 5195 mail
3298 5143 3454 5204 1515,
3506 5144 3538 5203 ς
3581 5143 3630 5200 2

633 5246 778 5298 Pius
799 5247 865 5304 X.
894 5246 1011 5298 lltt.
1037 5244 1256 5306 encycl.
1291 5258 1321 5292 ι
1350 5240 1640 5292 Pasoenat
1669 5256 1720 5302 n,
1745 5240 1780 5293 8
1800 5244 1950 5301 sept.
1979 5240 2125 5300 19073
2147 5241 2310 5292 motu
2336 5250 2530 5300 propr.
2562 5252 2593 5287 ι
2619 5238 2934 5286 Sacrorum
2962 5233 3306 5286 antistitum
3334 5247 3384 5292 ι,
3414 5235 3451 5284 1
3475 5236 3631 5294 sept.

632 5336 782 5395 1910,
815 5347 872 5386 n.
910 5334 1011 5385 1v.

808 5427 836 5464 ⁸
864 5426 1006 5476 Pius
1036 5427 1101 5485 Χ,
1134 5427 1251 5477 litt.
1285 5423 1503 5486 encyclL
1532 5439 1563 5474 ι
1587 5421 1876 5473 Pasoemtt
1900 5436 1951 5481 ιι,
1977 5420 2012 5473 8
2033 5422 2181 5483 sept.
2208 5419 2355 5482 1907:
2378 5422 2540 5472 motu
2567 5429 2761 5479 propr.
2793 5431 2824 5466 ι
2850 5415 3164 5467 Sacrorum
3192 5411 3549 5463 antistitum
3575 5427 3629 5470 ι,

634 5517 663 5567 1
699 5518 848 5576 sept.
887 5515 1034 5575 1010,
1074 5527 1132 5566 ιι.
1176 5516 1276 5567 IV.
