3753 5871
618 288 859 346 lud-int

1190 288 1220 337 1
1224 290 1379 340 adeo
1416 290 2144 355 analytice-alphabeticus

2478 301 2736 360 Ins-lust
3053 304 3151 363 741

155 471 392 525 Iadalta
411 471 487 525 ab
510 473 698 539 Apost-
720 472 865 526 Sede
884 487 1170 537 concessa,
1204 475 1393 529 adhuc
1412 476 1476 529 in
1499 491 1612 531 usu
1718 478 2007 547 [hun-il:

292 566 396 606 nec
426 554 705 615 revocata,
733 554 956 620 integra
985 557 1219 607 manent
1250 555 1360 607 nisi
1392 555 1616 611 Codicis

290 632 607 685 canonibus
638 647 904 698 expresse
935 637 1293 696 revocentur,
1326 636 1376 687 4.

1832 580 2160 634 sistentiam
2204 583 2343 648 ipsis
2383 597 2420 636 a
2461 587 2706 651 parocho
2744 590 3157 653 praestandam,

1838 659 1961 721 4683
1993 661 2068 714 ad
2099 662 2328 724 iudicia,
2361 663 2503 727 1650,
2537 665 2661 717 1757
2695 665 2730 732 5
2754 667 2803 728 1,
2837 666 2961 719 17oe
2990 667 3023 733 5
3043 669 3093 722 2.

150 711 426 766 mania:
470 712 586 765 ⁸11⁸
626 713 791 775 turb·
840 713 956 766 ⁸11⁸
995 714 1147 776 ‘⁸⁰1¹-
1188 715 1318 769 ”⁹⁸
1355 715 1389 783 ἓ
1424 716 1479 778 ¹3
1510 715 1611 769 ¹¹1⁸
1711 738 2145 794 lator-atione·
2178 742 2366 796 orales
2395 743 2460 797 in
2490 745 2745 808 iudiciis,
2781 747 2905 802 isus
2934 747 2968 814 5
3003 748 3050 811 1,
3083 748 3156 801 ci.

286 793 603 846 incurritur
641 795 867 846 tantum
919 794 977 846 in
1019 795 1248 848 casibus
1287 809 1325 847 a
1355 796 1477 849 iure
1516 811 1610 849 ex·

285 875 515 939 pressis,
535 874 665 928 ms
693 874 726 941 5
749 875 801 937 2,
826 875 966 928 huc
985 874 1213 942 quando
1233 879 1367 942 quis
1395 876 1609 930 amittit

286 953 494 1006 bonam
515 956 990 1008 existimationem
1009 956 1161 1023 apud
1187 956 1382 1009 fideles
1402 958 1607 1024 probos

286 1034 345 1084 et
365 1047 588 1099 graves,
607 1034 736 1089 2293
756 1035 790 1101 5
808 1037 867 1098 3;
892 1036 1100 1088 neutra
1118 1034 1191 1087 ad
1213 1034 1361 1088 alios
1376 1038 1606 1100 transit,

282 1113 412 1167 m
456 1115 489 1179 5
519 1115 578 1176 4;
620 1114 720 1167 iila
759 1115 973 1168 desinit
1013 1115 1136 1168 sola
1183 1115 1606 1181 dispensatione

289 1192 449 1246 Sedis
473 1194 690 1261 Δροσί..
709 1195 848 1248 haec
868 1196 1097 1262 quando
1113 1196 1244 1261 quis
1266 1197 1467 1248 bonam
1491 1197 1605 1249 exi·

285 1274 670 1327 stimationem
702 1278 1015 1342 recuperat,
1035 1275 1182 1337 895,
1207 1276 1277 1328 de
1308 1291 1421 1341 quo
1451 1277 1607 1330 sicut

284 1354 344 1405 et
375 1353 451 1405 de
491 1354 618 1407 sius
658 1355 968 1408 amissione
999 1355 1214 1408 iudicat
1249 1354 1603 1417 ordinarius,

282 1432 412 1486 ms
441 1433 474 1499 5
496 1435 547 1495 3,
579 1434 731 1498 ως
765 1435 1000 1501 quinam
1032 1436 1171 1488 sunt
1200 1434 1327 1501 ipso
1349 1435 1498 1487 iacto
1518 1436 1607 1487 in-

288 1513 842 1575 fames,m,2328‚
883 1514 1602 1582 931351ιι.253ιι.3,

279 1593 404 1647 2351
444 1594 476 1661 5
507 1595 557 1655 2,
590 1594 736 1657 2356,
767 1595 892 1649 2357
925 1594 959 1663 5
1003 1596 1058 1659 1;
1091 1595 1328 1660 quinam
1361 1596 1603 1648 infames

278 1672 628 1735 declarandi,
659 1675 788 1729 mu
816 1676 850 1741 5
875 1677 898 1728 1
935 1690 992 1727 ιι.
1013 1674 1065 1736 Ξ.
1085 1675 1215 1729 2359
1233 1675 1267 1741 5
1292 1676 1350 1740 23
1376 1676 1603 1728 infamis

278 1754 520 1807 infamia
557 1756 702 1809 iuris
743 1756 832 1808 est
877 1756 1208 1822 irregularis
1248 1769 1320 1808 ex
1357 1756 1600 1817 deiectu,

277 1834 555 1887 inhabilis
586 1837 659 1886 ad
692 1835 980 1895 beneficia,
1003 1837 1131 1895 etc..
1163 1834 1236 1885 ad
1268 1839 1435 1886 actus
1466 1834 1602 1902 legi-

275 1915 469 1974 timos,
510 1915 583 1966 ad
625 1915 955 1967 exercitium
1006 1913 1150 1968 iuris
1190 1917 1297 1967 aut
1342 1916 1603 1968 muneris

278 1993 661 2056 ecclesiastici,
695 1995 979 2048 arcendus
1023 2008 1059 2046 a
1098 1996 1429 2056 ministerio,
1474 1996 1604 2050 m*

277 2072 380 2139 51,
403 2075 461 2125 et
491 2087 527 2125 a
560 2088 794 2127 munere
825 2075 1036 2141 patrini
1057 2075 1181 2127 sive
1202 2075 1263 2126 in
1297 2076 1597 2141 baptismo,

276 2152 376 2204 766
407 2168 461 2205 ιι.
504 2154 556 2215 Ξ,
588 2155 710 2206 sive
748 2156 810 2207 in
846 2155 1292 2219 confirmatione,
1322 2157 1418 2208 796
1455 2171 1508 2208 ιι.
1537 2155 1597 2218 3;

277 2233 505 2286 inramIs
537 2233 775 2287 infamia
798 2235 933 2288 tacti
964 2238 1054 2289 est
1085 2235 1393 2302 impeditus
1412 2237 1486 2289 ad
1514 2249 1600 2289 ob

278 2313 458 2369 dines.
488 2314 584 2367 in?
618 2328 673 2366 n.
695 2313 746 2378 7,
778 2316 1110 2368 arcendusa
1131 2314 1439 2376 beneflciis,
1468 2317 1597 2377 etc„

275 2407 316 2446 a
354 2408 515 2447 sacro
557 2394 893 2458 ministerio,
931 2397 1007 2448 ab
1045 2396 1270 2448 actibus
1305 2394 1596 2461 legitimis,

273 2474 406 2526 2294
435 2475 467 2542 5
492 2475 553 2539 Ως
588 2478 880 2542 praeterea
922 2476 1149 2530 infamis
1192 2475 1422 2528 infamia
1454 2476 1598 2529 iuris

279 2558 409 2621 post
454 2557 794 2610 sententiam
839 2558 1037 2623 nequit
1074 2556 1410 2624 suffragium
1449 2558 1598 2610 terre

273 2635 338 2686 in
379 2635 773 2699 electionibus,
820 2636 910 2688 167
951 2636 985 2701 5
1028 2638 1053 2688 1
1097 2652 1155 2689 ιι.
1193 2638 1252 2702 3;
1301 2637 1592 2704 patrinum

288 2725 463 2771 agere
492 2716 618 2766 sive
647 2717 709 2765 in
741 2717 1050 2777 baptismo,
1084 2721 1185 2770 765
1216 2733 1270 2771 ιι.
1303 2722 1350 2777 2,
1380 2721 1505 2769 sive
1537 2721 1599 2768 in

288 2782 749 2840 confirmatione,
786 2786 887 2837 795
925 2799 979 2836 ιι.
1018 2788 1074 2845 2;
1121 2789 1214 2838 ius
1248 2791 1598 2845 patronatus

286 2860 558 2900 exercere
608 2851 699 2901 vel
747 2854 875 2903 eius
921 2853 1254 2912 privilegiis
1304 2856 1409 2914 uti,
1461 2856 1595 2906 1470

289 2919 319 2985 5
371 2919 425 2977 4’;
486 2920 806 2972 manifesto
858 2921 1112 2973 infames
1161 2924 1399 2974 arcendi
1456 2926 1598 2976 sunt

284 2988 360 3037 ab
413 2988 808 3046 Eucharistia,
862 2992 962 3041 855
1017 2994 1045 3058 g
1100 2993 1154 3049 1;
1215 2992 1461 3051 quilibet
1515 2994 1596 3042 in·

285 3054 463 3104 tamis
500 3060 634 3115 post
668 3059 1023 3108 sententiam
1061 3059 1370 3117 repellitur
1408 3066 1474 3110 ut
1495 3073 1595 3110 su·

284 3127 519 3180 spectus
556 3137 592 3175 a
631 3125 972 3176 testimonio
1016 3128 1274 3185 terendo,
1316 3130 1449 3180 1757
1493 3133 1522 3196 5
1563 3130 1593 3179 2

283 3202 340 3240 ιι.
380 3193 425 3250 1,
460 3193 552 3242 vel
586 3205 622 3243 a
656 3206 898 3245 munere
934 3196 1128 3253 periti,
1165 3197 1300 3247 1795
1338 3200 1368 3264 fi
1404 3199 1452 3254 2,
1490 3200 1595 3249 aut

281 3260 512 3318 arbitri,
550 3262 712 3320 1931;
759 3264 820 3311 in
857 3263 1089 3320 delicto,
1126 3265 1220 3315 cui
1257 3265 1594 3317 adnectitur

282 3328 553 3385 infamia,
585 3341 703 3380 non
740 3333 831 3380 est
863 3331 1025 3383 locus
1056 3334 1414 3391 correptioni
1451 3334 1594 3386 iudi·

281 3395 440 3453 ciali,
483 3398 617 3447 1948
661 3409 715 3446 ιι.
759 3400 816 3457 1;
867 3410 942 3447 an
984 3401 1164 3450 timor
1204 3401 1592 3454 incurrendae

282 3464 568 3514 infamiae
614 3467 824 3515 testem
871 3468 1091 3517 eximat
1135 3480 1171 3518 a
1215 3470 1467 3521 veritate
1513 3471 1592 3521 di·

281 3531 484 3588 cenda,
522 3534 656 3583 1755
695 3536 725 3599 5
766 3535 796 3583 2
833 3546 887 3585 n.
926 3536 984 3592 2:
1033 3537 1172 3595 quid
1210 3538 1261 3587 si
1299 3550 1367 3587 ex
1404 3539 1591 3589 obser·

279 3600 519 3649 vatione
563 3612 783 3658 poenae
826 3603 1225 3655 vindicativae
1272 3606 1426 3658 latae
1468 3619 1592 3657 sen·

280 3669 503 3718 tentiae
540 3682 676 3720 reus
709 3682 773 3721 se
810 3670 1002 3729 ipsum
1038 3673 1311 3730 proderet
1344 3686 1474 3724 cum
1511 3676 1592 3726 in·

281 3736 485 3794 lamia,
547 3739 710 3798 2290:
779 3740 919 3798 quid
986 3740 1047 3790 in
1107 3753 1249 3792 casu
1307 3754 1590 3794 censurae

277 3804 434 3854 latae
483 3808 832 3863 sententiae,
880 3809 1032 3858 2254.

130 3962 423 4015 hiantem
475 3961 725 4027 quinam,
774 3963 839 4015 88
890 3963 922 4030 5
955 3966 1013 4027 3;
1067 3964 1302 4030 quinam
1360 3966 1588 4019 veniant

268 4054 400 4092 cum
431 4041 626 4108 agitur
655 4041 724 4093 de
756 4042 1050 4108 baptismo,
1074 4045 1170 4096 746
1200 4044 1232 4110 5
1253 4046 1287 4096 2
1309 4060 1363 4097 ιι.
1392 4047 1413 4097 1
1438 4047 1586 4112 (vide

266 4119 638 4184 nepti-nun
694 4121 765 4172 de
817 4136 1009 4174 eorum
1058 4124 1395 4189 sepulturis,
1465 4128 1588 4181 imo

127 4307 195 4319 —
228 4281 491 4348 expositi
520 4281 646 4332 vide
675 4282 944 4345 nxpoaiti.

128 4389 197 4399 —
231 4361 673 4414 haeretieorum
693 4360 751 4412 in
776 4360 974 4413 ordine
993 4360 1064 4414 ad
1089 4362 1451 4429 baptismum,
1473 4366 1585 4419 751.

125 4470 193 4480 -
227 4441 569 4505 infideuum
600 4442 662 4494 in
693 4440 894 4493 ordine
924 4441 998 4493 ad
1041 4443 1405 4508 baptismum,
1439 4447 1551 4498 750.

124 4524 434 4575 huelem
484 4521 636 4587 quod
685 4521 893 4574 attinet
928 4523 1003 4575 ad
1042 4524 1416 4590 sepulturam,
1464 4526 1587 4581 im

261 4602 298 4669 5
344 4602 398 4664 1;
439 4601 491 4652 si
540 4600 601 4652 in
649 4600 891 4655 ecclesia
934 4603 1303 4670 sepeliantur,
1352 4606 1589 4660 ecclesia

257 4680 528 4740 violatur,
566 4680 692 4732 1172
714 4681 747 4748 5
782 4684 806 4735 1
843 4698 900 4737 ιι.
922 4685 974 4746 4,
997 4685 1132 4736 item
1164 4686 1582 4749 coemeterium,

261 4761 407 4816 iw-
441 4761 500 4812 et
521 4775 713 4815 eorum
749 4764 1022 4816 cadavera
1053 4768 1195 4818 sunt
1224 4767 1587 4820 exhumanda

255 4843 566 4905 antequam
590 4844 829 4896 ecclesia
850 4844 933 4896 vel
969 4847 1368 4898 coemeterium
1395 4853 1585 4900 rocon-⁶

252 4921 542 4981 cillentur,
578 4924 707 4983 nisi,
742 4926 871 4985 etc..
908 4923 1054 4987 1175;
1089 4937 1304 4990 poenae
1334 4928 1395 4979 in
1428 4941 1583 4991 sepe-

261 5002 486 5053 lientes.
509 5001 664 5066 2329,
691 5004 847 5070 quod
881 5003 1091 5056 attinet
1113 5004 1187 5056 ad
1210 5005 1302 5058 ius
1325 5009 1585 5072 patrona-

257 5085 377 5140 tus.
413 5081 537 5135 1453
566 5082 681 5148 51;
716 5084 777 5136 1η
801 5085 987 5153 causis
1019 5083 1351 5139 Sanctorum
1384 5088 1586 5140 admit-

253 5162 464 5214 tuntur
497 5160 580 5212 uti
611 5164 809 5226 testes,
840 5163 965 5214 2027
996 5163 1031 5228 5
1063 5163 1109 5218 1.

116 5244 375 5297 Infirmi:
411 5241 563 5307 quod
583 5243 795 5295 attinet
813 5243 886 5295 ad
907 5244 1113 5295 samam
1146 5243 1578 5308 Eucharistiam,

251 5302 609 5383 847-8502858
638 5321 671 5388 5
689 5322 750 5383 Ως
781 5323 855 5375 ad
890 5326 1198 5376 extremam
1231 5325 1575 5387 unctionem,

246 5380 496 5463 salleni
526 5399 599 5452 ad
632 5401 1061 5466 poenitentiam,
1081 5402 1179 5455 900
1210 5417 1267 5454 ιι.
1295 5403 1349 5464 1;
1381 5401 1455 5452 ad
1485 5414 1573 5454 as·

1708 899 2066 954 lababiiitasz
2106 902 2195 954 est
2233 915 2415 967 poena
2454 903 2815 965 vindicativa,
2848 904 2972 957 3191
3010 920 3068 958 ιι.
3098 907 3152 969 9,

1833 978 1963 1031 im
1995 995 2052 1034 n.
2087 980 2148 1045 5ς
2183 980 2464 1049 infligitur
2498 984 2558 1035 et
2595 984 2904 1036 remittitur
2933 984 3007 1038 ab
3037 999 3156 1038 una
3211 1031 3217 1037 .

1834 1056 1980 1111 Sede
2012 1060 2227 1126 Apost..
2261 1060 2690 1128 299651,9837,
2725 1063 2807 1130 51
2843 1078 2901 1118 ιι.
2933 1064 2994 1127 8;
3026 1066 3155 1117 eius

1831 1136 2091 1202 effectus,
2112 1139 2241 1193 me
2263 1140 2297 1206 5
2316 1142 2375 1204 2;
2397 1141 2630 1207 quinam
2652 1142 2778 1209 ipso
2800 1145 2947 1196 iacto
2968 1144 3154 1197 incur-

1829 1218 1960 1269 rant
1992 1217 2410 1273 inhabilitatem
2441 1220 2512 1273 ad
2547 1221 2841 1284 beneficia,
2865 1225 2994 1286 etc..
3025 1224 3156 1278 m

1827 1295 1863 1361 5
1888 1298 1935 1355 1,
1956 1295 2086 1347 9990
2114 1298 2148 1360 5
2168 1298 2218 1354 9,
2236 1298 2366 1352 2394
2393 1314 2451 1352 ιι.
2487 1302 2535 1364 1,
2565 1301 2721 1363 23953
2752 1302 2847 1356 vel
2868 1303 3154 1362 inhabiles

1827 1375 1964 1425 sunt
1995 1373 2314 1426 declarandi
2344 1377 2448 1428 aut
2479 1381 2755 1436 efficiendi
2776 1383 2848 1436 ad
2881 1397 2969 1447 ea,
3000 1385 3147 1447 m,

1824 1454 1981 1511 23⁴&
2003 1453 2095 1506 vel
2119 1455 2193 1507 ad
2214 1454 2596 1510 confessiones
2620 1458 3000 1524 excipiendas,
3021 1460 3151 1514 m

1824 1533 1859 1599 5
1894 1534 1948 1598 1;
1982 1533 2074 1586 vel
2106 1535 2167 1587 in
2195 1534 2474 1602 religiosis
2501 1535 2577 1589 ad
2611 1536 2794 1590 officia
2823 1551 2972 1604 quae
3009 1537 3149 1591 alio-

1823 1626 1954 1665 rum
1987 1614 2236 1681 regimen
2271 1616 2673 1680 secumrerunt,
2700 1618 2845 1670 2413.

1697 1694 1966 1746 Iahibiflo
1997 1695 2252 1748 exercitii
2289 1695 2466 1748 iuris:
2503 1696 2643 1748 1673.
2855 1701 2862 1710 ’

1695 1773 1939 1826 lai-ici:
1978 1773 2102 1826 1757
2132 1775 2166 1842 5
2197 1777 2231 1827 2
2261 1789 2319 1829 ιι.
2353 1776 2573 1840 &17oe
2601 1776 2634 1843 5
2665 1777 2715 1829 8.

1694 1855 1913 1907 Iniuria
1944 1856 2002 1907 in
2030 1854 2268 1909 clericos
2298 1857 2673 1925 sacrilegium,
2703 1858 2820 1918 119;
2845 1872 3059 1924 poenae
3078 1858 3142 1912 in

1820 1947 1920 1987 sos
1952 1934 2164 1987 iniuria
2207 1936 2533 2000 afficientes,
2562 1937 2709 1996 2³43.
2740 1938 2895 1999 sam
2932 1938 2997 1992 in
3028 1938 3142 1992 aiii-

1818 2015 2035 2067 cientes
2065 2015 2228 2078 alios,
2258 2016 2413 2080 23553
2449 2019 2684 2071 mutuae
2720 2019 2966 2072 iniuriae
2996 2033 3143 2072 com-

1819 2097 2154 2160 pensantur,
2174 2096 2301 2149 mis
2332 2096 2365 2162 5
2385 2098 2446 2158 33
2470 2097 2531 2148 in
2564 2098 2756 2151 causis
2791 2098 3128 2152 iniuriarum

1816 2188 1893 2226 an
1928 2177 1988 2228 et
2018 2176 2251 2242 quando
2282 2177 2591 2242 requiritur
2620 2178 2693 2231 ad
2728 2180 3001 2231 actionem
3036 2181 3139 2233 cri-

1817 2254 2082 2308 minalem
2101 2255 2514 2309 instituendam
2539 2258 2765 2324 praevia
2779 2258 3140 2313 denuntiatio

1813 2335 1917 2386 aut
1948 2335 2186 2401 querela
2217 2337 2395 2402 partis
2427 2337 2630 2400 laesae,
2668 2339 2807 2392 1938.

1690 2413 2110 2468 hebone-ten:
2148 2429 2379 2482 poenae.
2411 2417 2556 2471 233¹.

1690 2493 1987 2558 Inquisitio
2019 2497 2319 2549 iudicialis:
2343 2496 2552 2550 iudicio
2571 2497 2852 2550 criminali
2874 2499 3136 2564 praemit·

1818 2575 2008 2638 tenda,
2034 2577 2182 2640 1939;
2217 2578 2354 2642 quid
2387 2577 2461 2629 ad
2493 2591 2617 2630 eam
2650 2578 3131 2645 praerequiratur,

1818 2656 1966 2718 1983
2001 2670 2038 2709 a
2063 2671 2181 2723 quo
2212 2657 2489 2721 iacienda,
2514 2659 2663 2722 191ος
2692 2657 2763 2711 de
2794 2659 3135 2726 inquisitore

1812 2736 2050 2803 eiusque
2072 2751 2329 2799 munere,
2353 2737 2493 2799 1941,
2515 2738 2655 2798 iau,
2682 2738 2831 2799 19463
2853 2740 3134 2805 quomodo

1814 2816 2071 2869 iacienda
2102 2819 2210 2878 est,
2248 2818 2400 2882 19433
2433 2818 2714 2883 quomodo
2744 2818 3134 2873 concludenda

1814 2911 1916 2964 pro
1948 2897 2188 2950 diversis
2219 2898 2463 2959 casibus,
2498 2898 2639 2952 1946.

1688 2977 2088 3043 Inscriptio-es
2119 2977 2407 3042 baptismi,
2441 2980 2569 3040 etc..
2600 2980 2724 3034 1813
2753 2980 2786 3046 5
2812 2980 2835 3031 1
2871 2994 2929 3033 ιι.
2951 2982 3002 3033 4.

1687 3058 2069 3111 Issen-vientes
2099 3059 2365 3111 occisam
2397 3059 2525 3112 vide
2556 3061 2828 3114 Bectoroe
2861 3061 3130 3115 sackela-

1811 3153 1968 3192 rum.

1685 3219 1937 3283 latinia
1966 3217 2190 3270 abbatis
2222 3217 2308 3270 vei
2342 3218 2580 3284 praelati
2615 3218 2856 3281 nullius,
2883 3220 3006 3281 8253
3039 3234 3129 3273 ca-

1811 3299 2167 3358 nonicorum,
2188 3298 2311 3359 lm:
2334 3299 2886 3360 confraternitatum,
2908 3298 3003 3354 713
3023 3300 3055 3369 5
3074 3301 3126 3362 Ι,

1808 3386 1936 3441 714:
1989 3382 2435 3440 Episcoporum,
2478 3379 2579 3428 349
2622 3380 2651 3444 5
2694 3380 2742 3432 1.
2783 3391 2835 3426 n.
2879 3378 2936 3435 2:
2989 3380 3125 3429 insi·

1808 3471 1951 3529 guia
1995 3470 2055 3518 in
2100 3466 2353 3516 ecclesia
2394 3476 2511 3515 non
2556 3464 2941 3522 admittenda,
2987 3466 3123 3516 1233

1812 3561 1839 3623 5
1880 3558 1936 3613 2;
1984 3552 2312 3612 insignium
2353 3551 2612 3611 privatio
2649 3553 2741 3601 est
2776 3561 2963 3609 poena
3002 3552 3125 3602 vin·

1810 3643 2086 3705 dicativa,
2137 3640 2270 3691 2291
2322 3652 2375 3688 n.
2429 3639 2511 3688 11.

1677 3725 2131 3777 Iasordeaccntcs
2162 3725 2222 3775 in
2254 3737 2522 3776 censura:
2557 3734 2792 3788 poenae,
2823 3721 2965 3774 23¹0.

1676 3805 1981 3869 Inspectioz
2007 3802 2334 3869 corporalis
2349 3798 2663 3867 requiritur
2678 3800 2741 3854 in
2762 3800 2993 3853 iudiciis
3007 3814 3123 3852 ma·

1802 3883 2246 3946 trimoniaiibus,
2277 3882 2509 3949 quando
2539 3882 2733 3949 agitur
2753 3881 2823 3933 de
2848 3882 3123 3948 impoten-

1803 3964 1885 4015 tia
1932 3964 2019 4016 vel
2069 3962 2623 4016 inconsummatione
2661 3961 2747 4014 vei
2786 3961 2858 4013 de
2894 3961 3119 4014 deiectu

1798 4056 2114 4094 consensus
2150 4042 2223 4094 ob
2259 4042 2585 4100 amentiam,
2628 4039 2767 4100 1976,
2808 4039 2959 4104 imm
2997 4041 3124 4107 qui·

1798 4136 1931 4175 nam
1954 4123 2015 4175 et
2033 4123 2176 4188 quot
2198 4121 2359 4187 periti
2378 4119 2648 4186 eligendi,
2668 4118 2961 4180 1977-1979ς
2983 4134 3122 4187 quo-

1800 4203 1966 4256 modo
1983 4203 2259 4268 inspectio
2275 4202 2552 4263 iacienda,
2564 4200 2690 4252 1979
2704 4200 2737 4266 5
2753 4202 2802 4261 3,
2824 4199 2962 4260 tw),
2978 4201 3115 4252 imi.

1673 4313 1736 4323 -
1766 4283 2013 4349 sepulcri
2052 4284 2111 4335 et
2148 4281 2399 4336 cubiculi
2440 4282 2501 4333 in
2537 4280 2725 4333 causis
2761 4278 3118 4342 Sanctorum,

1675 4445 1952 4498 Instantis
1989 4444 2139 4495 litis:
2184 4442 2416 4508 quando
2463 4442 2693 4493 initium
2741 4439 2932 4502 habet,
2968 4436 3116 4505 17³&

1801 4523 2242 4588 interrumpitur
2274 4521 2361 4574 vel
2397 4535 2531 4584 non,
2569 4519 2863 4580 173317853
2898 4520 3118 4586 perimi·

1800 4607 1917 4667 tur,
1954 4604 2093 4664 1796,
2131 4602 2271 4664 1737,
2293 4602 2366 4655 cr.
2398 4603 2545 4661 1850;
2571 4599 2975 4668 peremptionis
2994 4600 3120 4653 ciis-

1799 4687 1947 4745 ctus,
1983 4684 2122 4747 1738,
2158 4682 2307 4739 1739:
2341 4682 2521 4736 eidem
2543 4680 2932 4743 renuntiatur,
2965 4680 3116 4746 171ος

1797 4763 2242 4820 renuntiationis
2272 4764 2522 4826 eii'ectus,
2548 4762 2697 4826 1741;
2731 4760 2950 4821 finitur,
2974 4759 3115 4827 1793.

1677 4848 1943 4900 Instituta
1972 4845 2345 4898 ecclesiastica
2377 4858 2492 4895 non
2514 4841 2855 4909 collegialia:
2891 4841 3116 4905 erectio,

1801 4925 2104 4979 erectionis
2140 4923 2392 4986 effectus,
2435 4925 2557 4976 1489
2594 4923 2697 4988 51,
2741 4921 2837 4974 497
2879 4921 2989 4988 fl&
3029 4935 3120 4974 ae-

1799 5006 2182 5073 quiparantur
2211 5004 2549 5064 minoribus,
2575 5004 2667 5055 100
2689 5002 2722 5068 5
2744 5005 2801 5066 3ς
2836 5001 3115 5054 ordinarii

1798 5084 2150 5153 approbatio,
2184 5085 2307 5137 1⁴89
2338 5086 2371 5150 5
2392 5085 2442 5147 Ξ,
2478 5083 2755 5144 visitatio,
2791 5083 2930 5142 1401,
2966 5080 3115 5142 13823

1798 5166 2070 5219 bonorum
2124 5163 2572 5226 administratio,
2629 5163 2752 5216 1489
2802 5162 2834 5227 5
2876 5162 2936 5220 ὃς
2989 5160 3117 5212 sub-

1796 5247 2013 5300 duntur
2057 5246 2272 5299 tributo
2319 5259 2419 5311 pro
2462 5243 2793 5302 seminario,
2826 5240 2950 5294 1356
2991 5239 3023 5306 5
3058 5240 3114 5300 1;

1799 5328 2080 5380 rationum
2101 5326 2344 5380 redditio
2360 5323 2660 5376 Ordinario
2672 5320 2945 5382 iacienda,
2965 5320 3115 5377 1492:

1800 5408 2144 5475 suppressio,
2186 5406 2344 5465 unio,
2387 5407 2518 5463 etc..
2558 5403 2706 5465 usia
2739 5414 2906 5467 agere
2936 5402 2995 5451 et
3034 5412 3118 5451 re-
