3753 5871
481 295 592 355 370
800 378 801 381 Ἴ
1620 296 1818 350 Ooaco
1863 296 2026 349 lurco
2064 296 2346 359 Ontonia

1761 540 1938 607 CAN.
1989 539 2184 607 1298.

663 682 697 765 ξ
744 685 809 749 1.
862 683 1217 751 Defuncti
1250 682 1327 749 S.
1363 680 1453 747 R.
1497 681 1589 747 E.
1633 681 2087 766 Oardinalis,
2132 682 2260 767 qui
2291 682 2372 748 in
2408 681 2607 750 Urbe
2635 679 3092 749 domicilium
3127 677 3467 761 habebat,

484 791 817 874 quamvis
856 791 1270 874 Episcopus
1306 789 1863 857 suburbicarias
1900 794 2033 858 aut
2068 790 2319 857 Abbas
2356 789 2641 857 nullius
2677 793 2896 872 esset,
2940 786 3310 873 quaelibet
3356 803 3463 852 sa·

481 915 612 964 cra
643 897 997 981 supellex,
1034 897 1360 981 exceptis
1400 897 1700 963 annulis
1742 902 1819 965 et
1848 897 2194 965 crucibus
2225 897 2723 981 pectoralibus
2764 898 2989 965 etiam
3019 915 3189 965 cum
3234 897 3469 966 sacris

482 1004 840 1090 reliquiis,
904 1005 1239 1090 aliaeque
1292 1023 1408 1072 res
1455 1022 1705 1072 omnes
1754 1004 2127 1073 stabiliter
2174 1004 2427 1072 divino
2473 1005 2713 1073 cultui
2762 1004 3202 1086 destinatae,
3259 1004 3466 1070 nulla

477 1113 735 1180 habita
775 1113 1064 1182 ratione
1115 1112 1505 1197 qualitatis
1539 1117 1632 1180 ‘et
1683 1117 1995 1180 naturae
2041 1113 2414 1181 redituum
2460 1112 2727 1198 quibus
2764 1116 3237 1196 comparatae
3282 1112 3460 1195 sint,

474 1221 750 1289 cedunt
785 1220 1166 1305 pontificio
1204 1221 1557 1303 sacrario,
1600 1220 1745 1287 nisi
1783 1220 2211 1289 cardinalis
2247 1239 2373 1288 eas
2408 1220 2797 1288 donaverit
2838 1225 2973 1288 aut
3021 1222 3464 1287 testamento

478 1328 862 1412 reliquerit
894 1329 1120 1395 alicui
1151 1329 1499 1396 ecclesiae
1532 1329 1646 1394 vel
1682 1329 2008 1396 oratorio
2049 1328 2343 1412 publico
2382 1329 2498 1396 vel
2538 1328 2700 1397 loco
2731 1330 2857 1414 pio
2892 1330 3011 1397 vel
3043 1330 3273 1398 alicui
3305 1349 3460 1414 per-

477 1453 698 1503 sonae
740 1437 1278 1503 ecclesiasticae
1319 1454 1445 1502 seu
1492 1436 1876 1524 religiosae
1915 1438 1961 1504 ¹.
2021 1460 2028 1465 ·

653 1543 685 1624 ξ
733 1542 799 1608 2.
851 1543 1277 1627 Optandum
1311 1545 1398 1610 ut
1429 1542 1878 1621 cardinalis,
1918 1544 2044 1628 qui
2076 1542 2496 1610 huiusmodi
2526 1542 2889 1610 facultate
2922 1544 3037 1611 uti
3069 1544 3275 1627 velit,
3319 1544 3457 1611 sal·

474 1654 619 1719 tem
660 1670 748 1718 ex
782 1653 995 1734 parte
1025 1651 1402 1734 praeferat
1430 1650 1604 1718 illas
1636 1650 2005 1733 ecclesias,
2041 1669 2225 1735 quas
2258 1652 2337 1716 in
2371 1651 2701 1734 titulum,
2739 1650 3457 1720 administrationem

474 1777 601 1826 seu
631 1758 1129 1826 commendam
1167 1758 1572 1826 obtinuerit
1610 1758 1663 1826 ².

1740 1913 1917 1980 (ΒΑΝ.
1971 1912 2165 1979 1299.

649 2049 682 2131 ξ
730 2053 796 2116 1.
845 2051 1202 2119 Defuncti
1254 2052 1606 2138 Episcopi
1650 2052 2175 2136 residentialis,
2217 2053 2513 2121 etiamsi
2561 2054 3043 2122 cardinalitia
3091 2053 3462 2139 dignitate

470 2156 793 2241 fulserit,
825 2176 1039 2225 sacra
1066 2160 1396 2243 supellex
1428 2160 1627 2228 cedit
1659 2160 2008 2228 ecclesiae
2040 2161 2479 2245 cathedrali,
2512 2162 2838 2245 exceptis
2865 2161 3167 2228 annulis
3192 2166 3270 2229 et
3294 2177 3456 2226 cru·

468 2263 677 2332 cibus
702 2267 1201 2349 pectoralibus
1226 2268 1451 2335 etiam
1483 2286 1651 2335 cum
1685 2268 1922 2335 sacris
1947 2268 2307 2352 reliquiis,
2339 2268 2544 2337 salvo
2580 2268 3039 2353 praescripto
3062 2286 3226 2335 can.
3259 2267 3458 2351 1288,

472 2378 545 2439 et
594 2373 688 2439 iis
739 2373 1076 2441 omnibus
1127 2375 1571 2443 utensilibus
1620 2376 1950 2443 cuiusvis
2009 2375 2300 2461 generis
2350 2394 2536 2460 quae
2585 2376 2910 2461 legitime
2962 2375 3316 2460 probetur
3363 2376 3461 2443 ab

472 2480 840 2566 Episcopo
883 2483 1237 2550 defuncto
1272 2487 1703 2566 comparata
1740 2484 1973 2550 fuisse
2020 2483 2374 2551 bonisad
2414 2484 2650 2568 ipsam
2691 2484 3072 2552 ecclesiam
3111 2502 3259 2550 non
3298 2502 3456 2568 per·

469 2588 881 2656 tinentibus
923 2606 1158 2674 neque
1189 2593 1481 2658 constet
1516 2591 1595 2657 in
1630 2590 1979 2659 ecclesiae
2018 2590 2548 2676 proprietatem
2584 2593 2973 2659 transiisse
3002 2590 3054 2658 ³.

651 2696 683 2778 ξ
729 2695 796 2761 2.
850 2696 1250 2781 Siquando
1276 2698 1689 2781 Episcopus
1713 2699 1903 2766 duas
1931 2698 2050 2771 vel
2078 2698 2333 2785 plures
2356 2699 2720 2767 dioeceses
2748 2699 3152 2767 successive
3186 2698 3462 2766 rexerit

469 2810 603 2871 aut
642 2804 863 2870 simul
901 2806 1314 2889 praefuerit
1349 2806 1638 2873 duabus
1678 2808 1786 2874 vel
1832 2806 2175 2892 pluribus
2214 2807 2668 2875 dioecesibus
2710 2807 2945 2875 unitis
2993 2810 3129 2874 aut
3175 2806 3255 2873 in
3296 2824 3456 2890 per·

469 2915 767 2997 petuam
814 2911 1535 2982 administrationem
1583 2915 1998 3002 concessis„
2026 2915 2525 2985 cathedralem
2577 2915 2956 2985 ecclesiam
3021 2914 3463 2984 habentibus

469 3021 845 3105 propriam
883 3026 958 3089 et
1001 3021 1459 3105 distinctam,
1510 3041 1696 3108 quae
1733 3042 1949 3090 sacra
1985 3024 2339 3092 utensilia
2372 3023 2796 3091 constiterit
2838 3023 3200 3092 reditibus
3236 3022 3461 3092 unius

468 3131 761 3195 tantum
805 3129 1158 3196 dioecesis
1202 3130 1433 3198 fuisse
1474 3136 1930 3215 comparata,
1979 3150 2066 3199 ea
2110 3130 2433 3200 eiusdem
2489 3130 2902 3198 cathedrali
2957 3130 3305 3199 ecclesiae
3346 3148 3455 3199 ce·

466 3234 677 3319 dunt3
717 3255 924 3304 secus
954 3237 1185 3305 dividi
1224 3238 1517 3320 debent,
1558 3239 1815 3322 aequis
1845 3239 2212 3323 partibus,
2246 3239 2445 3307 inter
2475 3239 2811 3323 singulas
2841 3240 3187 3307 ecclesias
3213 3239 3458 3307 cathe-

466 3341 736 3424 draleS,
772 3343 1168 3412 dummodo
1199 3345 1640 3412 dioecesium
1670 3346 1955 3412 reditus
1984 3365 2076 3413 ne
2102 3346 2256 3413 sint
2281 3346 2528 3431 divisi,
2560 3345 2686 3413 sed
2716 3364 2938 3417 unam
2969 3344 3457 3429 episcopalem

468 3469 792 3517 mensam
855 3456 1210 3536 perpetuo
1270 3453 1755 3534 constituant3
1808 3454 1873 3520 si
1925 3472 2100 3521 vero
2150 3453 2433 3521 reditus
2486 3453 2708 3521 divisi
2758 3454 2912 3522 sint
2963 3472 3052 3521 ac
3101 3453 3456 3537 separati,

465 3556 733 3626 divisio
761 3557 894 3626 fiat
920 3558 1115 3627 inter
1142 3559 1476 3644 singulas
1504 3561 1848 3629 ecclesias
1875 3560 2340 3629 cathedrales
2374 3579 2512 3645 pro
2547 3561 2835 3629 ratione
2862 3560 3244 3628 fructuum
3277 3577 3462 3645 quos

471 3663 549 3731 in
600 3666 917 3754 singulis
967 3667 1424 3736 dioecesibus
1473 3668 1890 3753 Episcopus
1943 3669 2359 3753 perceperit
2408 3687 2496 3736 ac
2559 3667 2915 3752 temporis
2980 3686 3124 3752 quo
3176 3667 3450 3736 eisdem

470 3772 884 3855 praefuerit
915 3775 966 3839 ⁴.

643 3880 676 3963 ξ
723 3880 789 3947 3.
840 3880 1253 3966 Episcopus
1308 3883 1757 3968 obligatione
1799 3887 2098 3952 tenetur
2142 3883 2544 3952 inventarii
2590 3901 2969 3952 sacrorum
3026 3881 3456 3949 utensilium

466 3988 897 4055 authentica
938 3990 1181 4057 forma
1225 3990 1686 4066 conficiendi,
1734 3992 1813 4057 in
1859 4010 2004 4077 quo
2047 4010 2185 4077 pro
2228 3992 2335 4060 rei
2378 3991 2695 4059 veritate
2741 3990 3036 4074 quando
3090 3987 3462 4073 acquisita

467 4096 643 4170 sint,
675 4098 1067 4181 exprimat,
1106 4099 1601 4184 distincteque
1629 4099 2000 4168 describat
2033 4100 2098 4167 si
2133 4118 2277 4184 qua
2308 4118 2454 4167 non
2486 4118 2573 4167 ex
2603 4098 2952 4166 ecclesiae
2982 4096 3344 4165 reditibus
3372 4111 3461 4162 ac

646 4374 669 4410 ¹
706 4375 899 4427 Iullus
926 4374 1041 4437 111,
1072 4377 1234 4427 motu
1261 4387 1451 4437 propr.
1487 4391 1516 4425 α
1547 4375 1694 4426 Cum
1720 4375 1874 4426 siout
1903 4376 2072 4427 nobie
2103 4391 2153 4437 n,
2181 4375 2247 4427 26
2281 4376 2403 4427 lun.
2434 4375 2583 4435 1550,
2615 4374 2641 4436 1
2670 4374 2721 4436 2;
2749 4375 3026 4428 Urbanus
3052 4373 3224 4440 VIIIq,
3261 4375 3448 4424 const.

454 4457 495 4514 ἀ
534 4466 797 4525 Aequum
835 4469 924 4516 est
955 4480 1004 4527 n,
1037 4466 1102 4518 19
1134 4467 1236 4517 lul.
1268 4466 1416 4527 16423
1447 4465 1804 4518 Benedictus
1840 4465 1992 4524 XIV,
2024 4467 2209 4518 const.
2250 4480 2281 4516 α
2314 4463 2482 4515 Inter
2512 4465 2732 4516 arduae
2764 4478 2815 4526 ι,
2849 4463 2915 4515 22
2943 4475 3069 4524 apr.
3106 4463 3255 4524 1749,
3291 4462 3320 4524 1
3348 4462 3456 4523 1-9;

465 4556 608 4608 Pius
640 4556 735 4617 IX,
772 4557 888 4608 litt.
922 4568 1015 4617 ap.
1052 4572 1082 4607 ι
1118 4556 1306 4616 Quum
1338 4553 1488 4606 illud
1522 4571 1572 4618 ι,
1608 4557 1641 4608 1
1671 4556 1795 4608 lun.
1837 4555 1987 4616 1847,
2020 4568 2078 4607 n.
2113 4557 2188 4617 1⁰,
2222 4556 2298 4607 3⁰.

636 4650 660 4685 2
709 4647 1069 4700 Benedictus
1121 4647 1272 4706 xlv,
1326 4650 1512 4699 const.
1559 4662 1590 4697 α
1632 4646 1802 4697 Inter
1842 4648 2065 4697 arduae
2107 4661 2157 4707 n,
2202 4645 2268 4697 22
2319 4658 2444 4707 apr.
2491 4645 2639 4706 1749,
2691 4644 2718 4706 ξ
2764 4646 2815 4707 9ς
2857 4644 3004 4697 Pius
3047 4643 3147 4705 lx,
3193 4643 3313 4695 litt.
3358 4653 3453 4702 ap.

464 4751 493 4787 α
530 4737 717 4797 Quum
751 4736 899 4786 illud
933 4753 981 4798 ιι,
1018 4740 1049 4788 1
1084 4738 1206 4789 iun.
1244 4737 1391 4799 1847,
1429 4750 1487 4789 n.
1528 4737 1601 4788 2⁰.

637 4830 662 4866 ³
708 4828 766 4881 S.
798 4829 941 4879 Plus
969 4830 1037 4890 V,
1065 4831 1249 4880 const.
1289 4843 1319 4877 «
1354 4828 1606 4879 Romani
1635 4827 1937 4888 Pontificio
1964 4842 2015 4888 ι,
2050 4828 2118 4880 30
2143 4840 2276 4889 aug.
2310 4827 2459 4889 1567,
2494 4827 2523 4889 1
2551 4830 2602 4889 13
2632 4828 2776 4880 Plus
2804 4827 2903 4890 IX,
2934 4828 3051 4880 utt.
3084 4838 3180 4887 ap.
3214 4841 3246 4877 α
3266 4826 3457 4886 Quum

466 4918 614 4969 mna
651 4933 698 4977 n,
735 4920 764 4968 1
802 4920 922 4969 iun.
960 4919 1107 4979 1847,
1146 4932 1204 4970 n.
1240 4919 1317 4980 3⁰;
1355 4918 1412 4971 S.
1446 4918 1512 4971 O.
1548 4920 1654 4980 Ep.
1686 4921 1747 4971 et
1778 4918 1943 4979 neg„
1986 4916 2450 4977 Batneos-coion„
2484 4918 2519 4970 6
2561 4930 2689 4979 apr.
2727 4918 2877 4981 16223
2913 4916 2972 4970 S.
3019 4917 3086 4969 O.
3135 4916 3227 4994 0.,
3261 4913 3454 4975 Fulm-

463 5011 685 5066 neten„
720 5009 784 5059 27
818 5012 991 5061 mart.
1028 5009 1175 5070 18583
1216 5008 1495 5067 Messon..
1539 5008 1605 5059 21
1636 5020 1761 5069 apr.
1801 5007 1950 5069 1858,
1996 5008 2074 5060 ad
2108 5007 2157 5058 2.

638 5104 665 5137 ⁴
712 5098 768 5150 S.
802 5100 943 5151 Plus
968 5101 1036 5159 V,
1062 5102 1249 5152 const.
1278 5116 1308 5151 ι
1336 5099 1587 5151 Romani
1613 5098 1916 5159 Pontificis
1945 5113 1995 5160 n,
2025 5099 2092 5152 30
2115 5111 2249 5161 aug.
2286 5099 2434 5160 1567,
2467 5100 2493 5162 1
2521 5101 2604 5162 11;
2636 5101 2783 5153 Plus
2817 5100 2916 5159 1x,
2946 5099 3066 5151 ntt.
3096 5109 3192 5159 ap.
3214 5095 3457 5157 «Quum

465 5189 615 5240 illud
649 5205 697 5250 n,
733 5192 765 5241 1
799 5189 919 5240 lun.
963 5189 1110 5250 1847,
1156 5203 1213 5241 n.
1248 5190 1405 5250 4⁰·60;
1440 5189 1498 5242 S.
1531 5190 1596 5243 Ο.
1630 5190 1718 5248 0.,
1764 5189 2063 5240 suessona
2098 5201 2203 5241 eeu
2242 5188 2540 5249 Caeam..
2579 5189 2645 5241 28
2678 5191 2826 5250 sept.
2864 5188 3014 5248 1709,
3050 5188 3116 5240 25
3149 5187 3269 5240 lan.
3306 5187 3457 5246 1710.

463 5280 541 5332 ad
572 5283 621 5341 13
650 5279 965 5328 Trivicana
994 5289 1098 5330 seu
1129 5279 1506 5340 Tricorioen„
1538 5280 1572 5333 8
1600 5280 1744 5340 lun..
1777 5281 1811 5334 6
1844 5281 1950 5333 1111.
1982 5280 2131 5341 1726,
2172 5280 2250 5332 ad
2279 5279 2385 5342 1-33
2416 5279 2769 5331 Acerras-um
2799 5290 2905 5329 σου
2944 5275 3353 5328 Hathcranen.
3395 5279 3457 5327 ct

468 5369 887 5427 Acheruntina,
923 5369 989 5422 18
1021 5370 1143 5421 dec.
1181 5370 1329 5432 1784,
1374 5372 1440 5425 15
1482 5372 1599 5422 lan.
1637 5371 1784 5432 17353
1821 5369 2068 5430 oar-peu.
2116 5374 2175 5422 et
2208 5367 2522 5429 Muttinem,
2559 5369 2625 5420 22
2662 5369 2780 5420 ian.
2817 5369 2968 5432 1820,
3007 5369 3087 5423 ad
3119 5368 3170 5431 23
3203 5366 3459 5426 Preces„

463 5460 528 5513 30
571 5472 703 5522 aug.
751 5459 898 5511 1845.
