3753 5871
410 289 528 350 m
1252 219 1264 256 l
1552 290 1750 342 006⁶oe
1795 289 1958 341 luri·
1997 289 2279 341 canonici

599 480 633 563 ξ
679 481 746 548 2.
798 481 882 549 Si
919 481 1209 549 solutus
1248 498 1296 548 a
1329 480 1524 548 votis
1570 480 1666 547 ad
1706 479 2081 548 saeculum
2122 478 2452 561 redierit,
2494 477 2809 562 antiqua
2845 474 3258 560 adscriptio
3306 494 3409 543 re·

421 586 739 657 viviscit.

1709 696 1888 763 CAN.
1939 695 2091 762 705.

599 822 831 890 Nulla
897 822 1405 891 tertiat-iorum
1468 821 1854 904 sodalitas,
1917 822 2077 891 sine
2136 822 2547 906 apostolico
2612 821 2933 905 indulto,
2997 821 3414 892 adscribere

423 935 670 1015 potest
709 931 998 999 sodales
1032 930 1229 998 alius
1267 931 1476 999 tertii
1513 930 1819 997 Ordinis
1866 929 1946 997 in
1994 930 2245 998 eodem
2287 935 2767 1015 remanentes3
2808 930 3126 1017 singulis
3164 934 3412 999 tamen

424 1039 802 1107 sodalibus
837 1040 1013 1107 licet
1051 1040 1251 1109 iusta
1283 1039 1375 1106 de
1408 1056 1635 1106 causa
1668 1039 1992 1107 transire
2026 1039 2178 1107 sive
2218 1039 2313 1106 ab
2347 1039 2498 1106 alio
2539 1036 2635 1107 ad
2670 1039 2902 1106 alium
2939 1040 3243 1108 tertium
3281 1040 3410 1107 Or-

415 1145 696 1230 dinem,
744 1146 898 1214 sive
933 1147 1028 1214 ab
1067 1147 1217 1214 alia
1254 1147 1351 1214 ad
1387 1147 1614 1218 aliam
1652 1147 2124 1215 sodalitatem
2160 1147 2486 1216 eiusdem
2533 1147 2744 1216 tertii
2781 1147 3087 1216 Ordinis
3118 1144 3168 1211 ¹.

1714 1327 1892 1395 CAN.
1943 1326 2095 1393 706.

598 1450 931 1519 Publicis
956 1448 1570 1536 processionibus,
1598 1448 1986 1516 funeribus
2018 1447 2332 1532 aliisque
2363 1446 2883 1516 ecclesiasticis
2906 1445 3418 1516 functionibus

426 1559 750 1628 tertiarii
787 1563 1121 1643 possunt,
1155 1559 1279 1627 sed
1317 1576 1462 1626 non
1494 1562 1844 1625 tenentur
1882 1557 2371 1643 collegialiter
2403 1557 2780 1641 interesse;
2820 1560 2903 1626 at
2936 1557 3002 1624 si
3035 1555 3412 1625 intersint.

418 1685 591 1736 cum
625 1668 782 1735 suis
810 1666 1226 1753 insignibus
1260 1665 1398 1735 sub
1432 1684 1650 1736 cruce
1678 1666 1987 1751 propria
2011 1664 2363 1734 incedant
2394 1683 2684 1733 necesse
2714 1669 2852 1734 est.

1705 1940 1966 2007 CAPUT
2009 1937 2118 2007 11.

1072 2057 1184 2129 De
1236 2061 1981 2145 confrater-nitatibus
2024 2068 2098 2130 et
2142 2062 2289 2148 piis
2329 2061 2753 2130 unionibus.

1722 2256 1902 2325 CAN.
1944 2255 2097 2334 707.

608 2379 641 2462 ξ
689 2381 755 2445 1.
804 2379 1354 2447 Associationes
1397 2379 1724 2448 fidelium
1768 2399 1954 2465 quae
2003 2381 2098 2449 ad
2150 2381 2583 2450 exercitium
2622 2381 2943 2449 alicuius
2983 2380 3230 2465 operis
3270 2380 3415 2466 pie·

428 2488 611 2555 tatis
654 2491 791 2555 aut
823 2489 1168 2555 caritatis
1203 2494 1488 2557 erectae
1523 2495 1724 2565 sunt,
1767 2490 2060 2558 nomine
2092 2491 2403 2558 veniunt
2448 2490 2741 2574 piarum
2778 2487 3162 2568 unionum,-
3205 2506 3418 2574 quae,

428 2595 494 2662 si
525 2595 622 2663 ad
653 2595 948 2672 modum
991 2596 1323 2681 organici
1361 2597 1695 2681 corporis
1726 2598 1883 2665 sint
1914 2599 2393 2679 constitutae,
2431 2595 2781 2664 sodalitia
2821 2597 3165 2666 audiunt.

603 2703 639 2786 ξ
686 2703 753 2770 2.
807 2704 1177 2773 sodalitia·
1222 2723 1393 2772 vero
1444 2705 1523 2771 in
1573 2706 2106 2773 incrementum
2173 2725 2459 2792 quoque
2511 2706 2792 2790 publici
2842 2706 3095 2774 cultus
3143 2711 3414 2778 erecta.

420 2812 731 2896 speciali
761 2813 1054 2881 nomine
1086 2812 1741 2896 confraternitates
1770 2813 2253 2899 appellantur
2287 2814 2341 2884 ⁸.

1720 2994 1898 3061 CAN.
1943 2993 2096 3059 708.

604 3115 1283 3191 Confraternitates
1325 3117 1622 3184 nonnisi
1674 3135 1805 3201 per
1844 3118 2157 3186 formale
2200 3116 2593 3185 erectionis
2645 3117 3020 3185 decretum
3061 3116 3422 3185 constitui

430 3229 763 3309 possunt3
825 3243 960 3308 pro
1030 3225 1177 3308 piis
1232 3228 1478 3292 autem
1550 3225 1950 3293 unionibus
2011 3225 2281 3294 sufficit
2321 3226 2707 3294 Ordinarii
2765 3226 3231 3311 approbatio,
3277 3243 3421 3311 qua

425 3332 757 3415 obtenta,
792 3332 1021 3415 ipsae,
1058 3332 1234 3401 licet
1264 3333 1578 3401 morales
1617 3351 1973 3418 personae
2014 3352 2160 3402 non
2191 3335 2370 3418 sint,
2403 3352 2713 3419 capaces
2745 3339 2993 3403 tamen
3026 3338 3206 3404 sunt
3237 3334 3418 3402 obti-

429 3439 654 3507 nendi
688 3440 974 3524 gratias
1018 3440 1448 3525 spirituales
1482 3459 1566 3508 ac
1614 3442 2047 3526 praesertim
2086 3442 2592 3527 indulgentias
2635 3442 2686 3508 ³.

1728 3617 1905 3684 CAN.
1957 3616 2108 3684 709.

610 3737 643 3820 ξ
691 3738 757 3803 1.
808 3737 1244 3805 Confratres
1278 3742 1651 3822 nequeunt
1684 3740 1917 3805 sacris
1951 3739 2462 3807 functionibus
2495 3758 2792 3825 operam
2833 3744 3240 3825 praestare,
3278 3739 3424 3807 nisi

426 3845 1073 3913 confraternitatis
1111 3846 1443 3914 habitum
1477 3866 1600 3915 seu
1633 3847 1960 3932 insignia
1990 3848 2333 3917 deferant
2378 3847 2433 3915 ⁴.

613 3953 646 4036 ξ
694 3952 759 4018 2.
813 3954 1162 4023 Mulieres
1191 3956 1938 4023 confraternitatibus
1969 3956 2292 4024 adscribi
2322 3959 2619 4024 tantum
2659 3959 2972 4040 possunt
3002 3955 3098 4022 ad
3133 3954 3421 4023 lucran-

427 4062 566 4130 das
600 4062 1105 4147 indulgentias
1139 4068 1215 4131 et
1256 4064 1542 4150 gratias
1586 4064 2018 4148 spirituales
2051 4064 2556 4132 confratribus
2595 4082 3002 4132 concessas.

1732 4241 1910 4308 CAN.
1962 4239 2113 4308 710.

607 4363 904 4430 Titulus
938 4382 1065 4430 seu
1100 4380 1361 4429 nomen
1395 4362 2042 4430 confraternitatis
2074 4363 2189 4430 vel
2229 4362 2396 4447 piae
2438 4318 2734 4430 unionis
2765 4362 3199 4430 desumatur
3231 4361 3347 4429 vel
3378 4379 3426 4428 a

433 4471 573 4538 Dei
605 4471 1019 4554 attributis,
1055 4471 1171 4539 vel
1211 4490 1254 4538 a
1289 4470 1741 4539 christianae
1779 4472 2159 4555 religionis
2201 4471 2598 4557 mysteriis,
2634 4472 2749 4539 vel
2785 4490 2831 4538 a
2864 4471 3080 4539 festis
3124 4469 3424 4537 Domini

433 4585 512 4646 et
544 4579 821 4647 Beatae
845 4580 1182 4663 Virginis
1215 4580 1523 4661 Mariae,
1556 4581 1671 4647 vel
1703 4599 1750 4646 a
1783 4580 2106 4661 Sanctis,
2140 4581 2332 4647 vela
2356 4581 2479 4664 pio
2512 4599 2729 4664 opere
2762 4580 2999 4663 ipsius
3026 4573 3424 4647 sodalitii⁸.

622 4828 640 4862 ¹
679 4826 948 4879 Clemens
979 4826 1111 4886 XII,
1153 4829 1336 4879 const.
1375 4843 1405 4877 α
1439 4827 1526 4878 De
1565 4827 1761 4881 salute
1795 4843 1843 4888 ι»,
1879 4828 1943 4880 23
1983 4840 2114 4880 nov.
2149 4828 2296 4890 173ος
2329 4828 2387 4881 S.
2422 4828 2487 4880 C.
2527 4829 2599 4881 de
2633 4829 2966 4890 Religiosis,
3001 4828 3156 4880 decr.
3200 4829 3267 4881 30
3300 4829 3420 4879 iun.

435 4917 583 4977 1911;
616 4917 679 4967 20
712 4917 852 4967 man
871 4898 1042 4977 ’19η
1079 4916 1156 4968 aa
1192 4916 1241 4976 1,
1283 4917 1381 4977 1v;
1415 4915 1473 4968 s,
1510 4918 1575 4968 c.
1617 4917 1869 4977 nanum..
1916 4915 2206 4976 arcooen..
2242 4918 2309 4970 15
2342 4920 2518 4970 mart.
2564 4918 2713 4977 1852.
2751 4917 2830 4969 aa
2867 4920 2916 4979 4;
2959 4916 3148 4968 rems
3187 4915 3424 4968 oraim

438 5003 498 5057 S.
548 5004 869 5063 Francieci,
917 5006 982 5058 31
1032 5005 1150 5058 lan.
1202 5006 1347 5064 1893.
1396 5006 1473 5058 ad
1532 5006 1768 5066 v11-1x;
1819 5006 2057 5058 Ordinis
2116 5004 2412 5057 Minoo-um
2464 5006 2945 5067 capuccinorum,
2993 5006 3058 5058 21
3109 5008 3230 5059 lun.
3281 5005 3428 5066 189&

438 5095 716 5153 Ouneen„
748 5098 780 5146 1
811 5099 954 5156 sept.
999 5096 1144 5156 189&
1178 5093 1415 5145 Ordinis
1447 5095 1505 5145 S.
1545 5095 1869 5154 Benedicti,
1901 5097 1966 5148 15
1998 5098 2115 5147 lan.
2151 5095 2299 5154 1895,
2341 5096 2417 5148 ad
2453 5096 2569 5157 111,
2605 5096 2704 5148 1v.

617 5188 643 5223 2
682 5186 737 5236 S.
776 5185 840 5237 O.
881 5185 1134 5246 Indulg„
1178 5183 1618 5243 monasteriem,
1653 5186 1717 5236 27
1758 5197 1885 5245 apr.
1923 5184 2071 5245 1887,
2109 5185 2186 5237 ad
2229 5186 2296 5238 V.

617 5279 642 5312 ³
681 5275 737 5326 S.
775 5275 839 5328 C.
874 5275 1126 5335 Indulg„
1159 5272 1575 5332 Eugyon-wien„
1614 5275 1647 5325 3
1676 5275 1795 5326 dec.
1830 5274 1979 5334 1892,
2013 5275 2089 5327 ad
2122 5276 2171 5335 1,
2208 5274 2288 5327 11.

611 5368 637 5401 ⁴
681 5364 737 5415 S.
776 5363 848 5414 Β.
882 5365 968 5424 O„
1008 5362 1352 5420 nonomen„
1384 5363 1418 5413 9
1446 5362 1568 5415 dec.
1603 5363 1748 5415 1017.

611 5458 635 5490 ⁵
683 5453 739 5505 S.
772 5454 841 5504 R.
881 5455 967 5514 0..
998 5454 1151 5505 decr.
1185 5465 1288 5505 seu
1320 5452 1536 5504 declar.
1569 5454 1633 5504 15
1661 5453 1764 5505 lul.
1795 5454 1944 5514 1014,
1975 5465 2032 5505 n.
2074 5453 2261 5506 11·1v.
