3753 5871
486 390 599 450 292
1629 403 1825 454 Codes
1870 405 1902 455 1
1907 405 2033 456 uris
2072 405 2351 457 Oananici

516 492 3488 526 —————-——————————-—-—-———

1775 641 1953 709 CAN.
2004 643 2197 710 1017.

673 775 707 856 ξ
755 778 821 842 1.
875 777 1335 846 Matrimonii
1397 781 1790 863 promissio
1854 784 2007 851 sive
2086 783 2579 868 unilateralis,
2653 787 2806 855 sive
2872 788 3288 858 bilateralis
3357 810 3482 859 seu

501 888 967 970 sponsalitia,
1004 889 1226 956 irrita
1266 894 1379 958 est
1415 909 1551 975 pro
1590 898 1901 977 utroque
1939 894 2128 975 foro,
2177 895 2322 962 nisi
2358 896 2558 963 facta
2604 897 2835 965 fuerit
2871 917 3003 984 per
3038 900 3488 985 scripturam

503 997 1009 1083 subsignatam
1040 1019 1085 1067 a
1116 1001 1457 1084 partibus
1490 1008 1566 1070 et
1592 1004 1707 1071 vel
1737 1023 1781 1069 a
1816 1005 2139 1088 parocho
2166 1010 2299 1073 aut
2330 1005 2472 1073 loci
2512 1008 2937 1091 Ordinatio,
2969 1010 3087 1077 vel
3124 1028 3170 1077 a
3202 1011 3491 1078 duobus

501 1106 762 1174 saltem
804 1109 1119 1178 testibus
1156 1111 1205 1177 ¹.

678 1221 711 1305 ξ
758 1223 825 1290 2.
877 1223 960 1291 Si
1005 1228 1318 1310 utraque
1367 1225 1484 1293 vel
1525 1227 1891 1294 alterutra
1937 1246 2113 1312 pars
2156 1229 2473 1297 scribere
2517 1230 2799 1299 nesciat
2849 1231 2963 1299 vel
3009 1238 3347 1318 nequeat,
3395 1234 3490 1301 ad

500 1332 961 1401 validitatem
991 1334 1068 1402 id
1103 1336 1180 1402 in
1210 1335 1370 1419 ipsa
1407 1336 1776 1420 scriptura
1811 1337 2212 1406 adnotetur
2237 1344 2312 1407 et
2341 1339 2536 1407 alius
2565 1340 2781 1408 testis
2809 1341 3134 1409 addatur
3161 1343 3287 1428 qui
3320 1360 3489 1410 cum

498 1444 818 1527 parocho
846 1448 982 1512 aut
1010 1445 1154 1513 loci
1184 1444 1584 1515 Ordinatio
1610 1449 1727 1515 vel
1763 1448 2052 1516 duobus
2084 1450 2424 1533 testibus,
2462 1450 2555 1519 de
2586 1451 2853 1536 quibus
2886 1452 2963 1518 in
3000 1452 3035 1534 ξ
3070 1455 3137 1535 1,
3170 1453 3483 1538 scriptu·

506 1570 663 1620 ram
708 1554 1090 1635 subsignet
1125 1556 1175 1623 ².

674 1668 708 1750 5
754 1668 821 1735 3.
871 1670 975 1737 At
1022 1687 1110 1737 ex
1157 1669 1613 1737 matrimonii
1669 1671 2180 1755 promissione,
2229 1671 2408 1739 licet
2460 1672 2710 1740 valida
2756 1674 2856 1742 sit
2904 1692 3036 1742 nec
3085 1674 3240 1742 ulla
3288 1674 3488 1743 iusta.

496 1795 723 1845 causa
761 1780 854 1846 ab
893 1779 1144 1847 eadem
1182 1780 1553 1864 implenda
1594 1786 1917 1862 excuset,
1971 1800 2114 1850 non
2153 1782 2384 1850 datur
2428 1783 2626 1851 actio
2666 1783 2759 1851 ad
2802 1784 3190 1869 petendam
3234 1785 3485 1852 matri·

502 1889 730 1956 monii
771 1888 1357 1973 celebrationem3
1398 1890 1627 1958 datur
1667 1894 1916 1971 tamen
1967 1893 2062 1960 ad
2118 1893 2659 1976 reparationem
2713 1893 3176 1977 damnorum,
3233 1895 3299 1962 si
3342 1912 3489 1980 qua

491 1997 846 2066 debeatur
882 2000 935 2069 ⁸.

1757 2114 1934 2183 cm.
1983 2115 2178 2182 1018.

667 2255 1045 2324 Parochus
1083 2276 1172 2325 ne
1209 2257 1510 2326 omittat
1550 2256 1904 2343 populum
1948 2257 2353 2342 prudenter
2398 2255 2694 2326 erudire
2729 2257 2821 2326 de
2863 2257 3320 2325 matrimonii
3368 2275 3478 2325 sa·

490 2372 868 2435 eramento
917 2367 1219 2452 eiusque
1259 2367 1805 2452 impedimentis
1830 2364 1887 2467 ⁴.

1790 2650 2051 2718 Carm-
2091 2651 2155 2717 Ι.

487 2796 599 2864 Dc
647 2796 745 2864 iis
790 2813 977 2875 quae
1019 2792 1474 2861 matrimonii
1527 2791 2008 2862 celebrationi
2051 2793 2434 2875 praemitti
2479 2796 2746 2861 debent
2789 2798 2863 2860 et
2905 2794 3343 2877 pracsertim
3387 2797 3478 2861 dc

656 2909 1286 2997 publicationibus
1327 2908 2023 2978 matrimonialibus.

1749 3123 1928 3191 CAN.
1979 3121 2174 3190 1019.

660 3263 694 3345 ξ
742 3264 808 3328 1.
858 3264 1277 3347 Antequam
1322 3261 1875 3329 matrimonium
1924 3263 2361 3344 celebretur,
2416 3265 2759 3329 constare
2813 3262 3030 3330 debet
3073 3261 3262 3329 nihil
3317 3262 3478 3330 eius

481 3374 771 3442 validae
798 3391 885 3441 ac
916 3372 1168 3441 licitae
1195 3372 1675 3441 celebrationi
1712 3373 2091 3441 obsistere.

654 3487 688 3570 ξ
734 3488 801 3555 2.
853 3490 944 3555 Ιιι
973 3490 1305 3574 periculo
1329 3490 1614 3565 mortis.
1646 3490 1711 3557 si
1740 3490 1934 3558 aliae
1967 3489 2441 3574 probationes
2465 3490 2718 3557 haberi
2751 3495 3144 3574 nequeant,
3175 3488 3469 3572 sufficit,

481 3599 626 3666 nisi
660 3601 1043 3668 contraria
1079 3601 1331 3669 adsint
1371 3600 1673 3684 indicia,
1717 3600 2113 3669 affirmatio
2158 3600 2409 3668 iurata
2448 3601 3072 3683 contrahentium,
3117 3618 3194 3667 se
3231 3599 3467 3683 bapti·
3523 3631 3526 3632 f

478 3712 682 3778 zatos
713 3710 946 3779 fuisse
982 3718 1057 3780 et
1099 3712 1307 3779 nullo
1345 3711 1663 3780 detineri
1696 3710 2244 3795 impedimento.

477 3991 694 4051 encycl.
730 4006 761 4041 ι
791 3988 1087 4040 Arcanum
1115 4003 1165 4049 ι,
1204 3990 1270 4041 10
1298 3987 1448 4042 febr.
1481 3987 1628 4050 188ος
1654 3999 1745 4049 ep.
1776 3989 1996 4050 encycl.
2030 4003 2062 4039 ι
2099 3987 2440 4039 Immortalis
2475 3986 2586 4039 Ilei
2625 4001 2675 4047 ι,
2705 3989 2739 4038 1
2768 3999 2901 4039 nov.
2939 3987 3086 4049 18853
3129 4000 3218 4050 ep.
3242 3990 3462 4050 encycl.

480 4098 509 4132 ι
540 4083 704 4140 Quod
734 4081 988 4131 multum
1021 4096 1070 4142 s,
1102 4081 1168 4132 22
1194 4092 1329 4142 aug.
1369 4079 1518 4143 188ος
1551 4081 1669 4133 utt.
1713 4096 1745 4132 ι
1773 4079 1827 4132 11
1859 4081 2251 4132 divisamento
2281 4094 2330 4141 ι,
2364 4080 2399 4132 8
2429 4081 2578 4132 teht.
2621 4079 2769 4141 18033
2799 4080 3039 4132 allocut.
3076 4095 3107 4130 ι
3138 4078 3213 4130 In
3246 4079 3466 4130 litteris

477 4173 710 4224 Nostris
748 4189 796 4234 s,
835 4173 903 4225 18
936 4176 1111 4226 mart.
1160 4173 1307 4235 1895ς
1341 4185 1432 4234 ep.
1475 4187 1507 4223 ι
1544 4173 1732 4234 Quam
1769 4172 2044 4233 rellpiosa
2081 4188 2131 4233 s,
2179 4173 2245 4225 10
2283 4185 2417 4234 aug.
2468 4171 2615 4233 189&
2651 4173 2893 4224 allocut.
2934 4187 2965 4222 ι
2996 4168 3224 4231 afferre
3266 4172 3465 4221 iucun-

478 4267 645 4316 diora
674 4281 723 4327 s,
752 4265 818 4317 10
847 4265 971 4317 dec.
1001 4266 1148 4327 1⁰01;
1172 4277 1263 4326 ep.
1303 4280 1334 4315 ι
1365 4265 1521 4314 Dum
1556 4265 1745 4316 multa
1773 4280 1822 4325 s,
1851 4265 1918 4316 24
1944 4264 2067 4316 dec.
2101 4265 2247 4326 19023
2278 4264 2337 4318 S.
2370 4264 2435 4317 Ο.
2471 4264 2530 4317 Β.
2564 4264 2703 4325 off..
2738 4264 2910 4316 lustr.
2959 4263 3061 4323 (ad
3093 4262 3292 4318 Praef.
3329 4264 3465 4315 Mla-

477 4359 623 4410 slon.
662 4358 1017 4410 Martinlcae
1046 4357 1207 4418 etc.),
1241 4357 1275 4408 0
1318 4358 1420 4409 iul.
1457 4357 1604 4419 1817;
1646 4357 1794 4416 (Vlc.
1829 4359 1939 4418 Ap.
1977 4357 2318 4418 Iamaicae),
2352 4357 2418 4408 12
2459 4357 2578 4408 lan.
2617 4356 2767 4418 1881,
2811 4356 2890 4409 ad
2922 4358 2974 4419 1;
3005 4356 3070 4407 24
3106 4360 3282 4409 mart.
3319 4356 3466 4417 190&

477 4450 535 4501 8.
573 4451 820 4510 poenit..
856 4450 1027 4503 instr.
1067 4448 1132 4502 10
1163 4450 1281 4501 lan.
1317 4448 1465 4509 1800,
1507 4461 1566 4500 ιι.
1604 4450 1655 4509 2,
1698 4449 1748 4501 0.

655 4544 677 4580 ¹
713 4542 779 4596 O.
814 4543 865 4604 3,
905 4543 971 4595 0.
1019 4543 1181 4602 XXX,
1220 4555 1274 4605 q.
1313 4543 1364 4605 ὗς
1401 4535 1757 4595 Benedictus
1793 4541 1945 4602 XIV,
1983 4553 2071 4602 ep.
2113 4556 2145 4592 ι
2181 4541 2481 4593 Postremo
2528 4553 2726 4594 mense
2767 4557 2817 4602 s,
2865 4541 2931 4594 28
2960 4542 3108 4593 febr.
3141 4541 3290 4602 1747,
3326 4542 3465 4603 3593

481 4635 541 4688 8.
578 4637 643 4688 O.
683 4635 756 4688 de
794 4635 1212 4696 sacramentis,
1258 4634 1522 4685 Romana
1558 4638 1619 4686 et
1654 4634 2044 4705 aliarum‚‚13
2081 4637 2257 4687 mart.
2306 4636 2454 4695 1910,
2493 4635 2571 4687 ad
2612 4635 2744 4696 vm
2782 4633 2842 4686 S.
2878 4634 2954 4686 G.
2980 4633 3069 4694 0.,
3108 4632 3267 4686 decr.
3308 4649 3339 4684 ι
3376 4631 3463 4682 Ne

477 4731 690 4779 temere
723 4743 772 4789 s,
818 4729 850 4778 2
882 4740 1015 4790 aug.
1052 4727 1200 4788 1907,
1236 4731 1353 4780 art.
1393 4728 1442 4789 1,
1480 4726 1561 4788 11:
1596 4725 1858 4776 Romana
1894 4729 1952 4776 et
1987 4725 2262 4784 aliarum,
2306 4726 2372 4778 28
2406 4729 2581 4779 mart.
2627 4726 2776 4788 1908,
2815 4726 2893 4779 ad
2927 4726 3063 4788 V11;
3100 4724 3366 4775 Romana
3402 4727 3460 4774 et

472 4821 746 4877 aliarum,
778 4820 844 4871 27
874 4820 978 4872 lul.
1016 4820 1165 4881 1008,
1198 4821 1276 4873 ad
1311 4821 1361 4879 1.
1405 4820 1487 4871 II.

654 4916 679 4951 ²
713 4913 771 4965 S.
801 4912 865 4964 G.
895 4913 984 4973 0.,
1012 4913 1167 4965 decr.
1199 4929 1230 4964 ι
1262 4912 1348 4962 Na
1377 4915 1593 4964 temero
1620 4928 1668 4975 s,
1695 4912 1729 4962 2
1752 4923 1888 4973 aug.
1924 4911 2073 4973 1907,
2104 4915 2220 4964 art.
2259 4911 2309 4973 Ι,
2341 4912 2422 4963 11.

650 5010 675 5044 ³
710 5008 773 5058 C.
804 5006 853 5066 2,
881 5007 964 5067 17,
996 5007 1062 5067 Χ,
1092 5008 1163 5057 de
1189 5005 1562 5066 sponsalibus
1597 5009 1655 5056 et
1686 5003 2103 5062 matrimoniis,
2142 5004 2244 5064 1v,
2272 5005 2322 5066 1;
2351 5004 2408 5056 S.
2440 5005 2504 5056 O.
2535 5004 2623 5064 C..
2661 5003 2920 5061 Lucien„
2949 5002 3016 5054 17
3041 5015 3174 5054 nov.
3206 5002 3356 5055 1731.

644 5103 672 5137 ⁴
708 5099 1025 5161 Gregorius
1048 5099 1199 5159 XVI,
1225 5111 1316 5161 ep.
1341 5100 1560 5160 encycl.
1589 5114 1620 5149 ι
1650 5098 1890 5149 Summo
1913 5098 2133 5157 iupiter
2155 5112 2205 5158 s,
2229 5096 2294 5148 27
2316 5097 2461 5149 mall
2491 5097 2637 5159 183ae
2666 5097 2783 5148 litt.
2817 5107 2910 5156 ap.
2941 5111 2972 5146 ι
2997 5096 3155 5157 Quas
3184 5099 3381 5148 vestro
3407 5109 3458 5152 ι,

466 5192 532 5244 30
562 5203 689 5253 apr.
722 5191 869 5253 18412
908 5190 1053 5243 Pius
1084 5191 1181 5251 1x,
1213 5203 1305 5252 ep.
1349 5206 1380 5241 ι
1414 5190 1620 5241 Verbis
1650 5189 1978 5250 exprimere
2011 5203 2061 5246 ι,
2095 5190 2160 5241 15
2191 5201 2324 5250 aug.
2362 5189 2510 5251 18593
2541 5189 2659 5240 Leo
2690 5188 2858 5248 XIII,
2898 5199 2990 5247 ep.
3027 5190 3246 5250 encycl.
3290 5202 3322 5238 ι
3351 5189 3458 5238 Ar·

468 5294 679 5333 canum
710 5298 759 5344 s,
794 5285 860 5336 10
890 5284 1039 5336 febr.
1074 5283 1221 5345 188ος
1263 5282 1321 5336 S.
1354 5284 1419 5336 O.
1454 5282 1513 5336 S.
1546 5283 1685 5343 off..
1721 5283 1893 5335 lustr.
1938 5282 2069 5342 (pro
2099 5283 2223 5335 Vlc.
2258 5285 2367 5343 Ap.
2412 5283 2490 5334 ad
2526 5281 2779 5341 Gallus),
2823 5281 2888 5332 20
2923 5282 3041 5333 lun.
3077 5281 3225 5342 1800,
3264 5280 3343 5333 ad
3376 5280 3458 5341 25:

470 5374 637 5426 lustr.
675 5374 777 5434 (ad
801 5376 1072 5437 Archlep.
1103 5374 1463 5436 corcyra),
1489 5375 1523 5427 3
1549 5374 1668 5427 lan.
1704 5375 1853 5437 1871,
1885 5388 1944 5426 ιι.
1981 5375 2030 5437 7;
2056 5375 2225 5427 instr.
2263 5374 2364 5432 (ad
2393 5375 2498 5433 Ep.
2531 5372 2590 5427 8.
2627 5374 2903 5434 Albertl),
2932 5375 2965 5426 9
2990 5373 3113 5425 dec.
3146 5373 3295 5433 1874,
3325 5385 3383 5424 ιι.
3407 5374 3458 5433 1;

477 5465 895 5527 (Pondlcher.),
932 5467 966 5520 3
1003 5469 1151 5519 febr.
1190 5466 1336 5528 18⁹2:
1371 5467 1543 5519 lustr.
1600 5467 1702 5527 (ad
1741 5469 1846 5528 Ep.
1886 5468 2217 5526 Albaniae),
2254 5467 2320 5519 15
2354 5467 2504 5518 tebr.
2552 5467 2701 5528 1901:
2742 5464 2959 5518 secret.
3018 5465 3244 5528 Status,
3273 5465 3446 5519 lustr.

464 5557 530 5606 27
560 5560 736 5610 mart.
774 5558 921 5610 1830.
