3753 5871
1197 247 1373 299 Liber
1405 247 1709 301 Secundus
1750 273 1772 286 -
1803 249 1895 300 De
1936 248 2211 302 Perennis
3123 250 3203 310 63

383 435 418 519 5
462 436 531 504 2.
580 437 1008 506 cardinalis
1040 437 1388 506 Decanus
1427 439 1704 523 gaudet
1744 438 2135 526 privilegio
2179 439 2575 508 ordinandi
2607 444 2686 509 et
2716 441 3198 510 consecrandi

215 549 517 618 electum
556 547 1018 634 Pontificem,
1062 550 1128 618 si
1161 551 1281 618 hic
1318 551 1788 620 ordinatione
1820 553 1939 621 vel
1971 552 2376 637 episcopali
2418 553 2972 640 consecratione
3007 553 3193 621 indi·

213 665 400 749 gent,
442 668 518 732 et
548 666 729 731 tuno
770 663 1004 747 pallio
1036 663 1302 748 utitur;
1335 664 1530 749 quod
1565 664 2062 750 privilegium,
2100 665 2403 733 absente
2437 663 2825 733 Cardinali
2869 665 3193 749 Decano,

214 775 558 860 competit
586 774 1045 849 Subdecano.
1076 794 1305 862 eoque
1334 777 1561 846 etiam
1589 777 1918 861 absente,
1957 777 2368 862 antiquiori
2401 776 2789 845 Gar-dinali
2829 777 3202 862 Episcopo

215 887 720 956 suburbicario
761 887 811 956 ¹.

382 995 417 1079 5
462 997 530 1066 3.
580 997 890 1066 Demum
918 997 1346 1067 cardinalis
1380 998 1999 1068 Proto-diaconus
2024 998 2258 1085 pallia
2292 1000 2889 1085 Archiepiscopis
2915 1007 2990 1069 et
3025 1000 3199 1086 Epi·

216 1108 453 1192 scopis
478 1107 867 1194 privilegio
902 1107 1328 1176 fruentibus
1354 1126 1699 1178 eorumve
1735 1109 2370 1194 procuratoribus,
2405 1109 2563 1178 vioe
2594 1108 2910 1182 Romani
2945 1109 3196 1178 Ponti·

213 1219 391 1304 ficis,
424 1220 761 1306 imponit3
790 1225 868 1290 et
897 1239 1160 1290 nomen
1193 1222 1366 1290 novi
1392 1222 1609 1290 electi
1646 1221 2038 1291 Pontificis
2069 1223 2346 1307 populo
2381 1222 2786 1290 annuntia-t
2826 1223 2879 1290 ².

1500 1426 1678 1495 cm.
1715 1426 1870 1493 240.

385 1585 420 1668 5
467 1588 533 1652 1.
582 1585 1008 1654 Cardinalis
1040 1584 1138 1654 ad
1165 1586 1408 1655 sedem
1443 1587 2033 1654 suburbicariam
2060 1590 2445 1672 promotus
2471 1590 2550 1654 et
2580 1588 2661 1654 in
2686 1587 3011 1655 eiusdem
3040 1605 3204 1672 pos·

214 1698 604 1767 sesmonem
643 1699 994 1767 canonice
1030 1700 1407 1766 immissus
1446 1706 1560 1769 est
1607 1717 1827 1766 verus
1866 1698 2282 1783 Episcopus
2326 1717 2504 1767 suae
2542 1698 2920 1782 dioecesis,
2973 1717 3208 1785 eaque

213 1814 577 1897 potestate
610 1812 691 1879 in
724 1830 884 1880 eam
927 1811 1184 1897 pollet,
1222 1830 1442 1897 quam
1479 1811 1829 1897 Episcopi
1868 1811 2380 1880 residentiales
2423 1812 2504 1878 in
2539 1812 2844 1896 propria
2887 1812 3201 1880 dioecesi

210 1921 544 1990 obtinent
573 1920 628 1990 ³.

386 2040 420 2123 5
467 2039 535 2106 2.
584 2039 834 2108 ceteri
865 2039 1306 2109 cardinales
1335 2040 1415 2107 in
1452 2039 1610 2107 suis
1640 2039 1892 2108 titulis
1929 2040 2047 2108 vel
2081 2039 2469 2123 diaconiis,
2509 2045 2898 2124 postquam
2941 2058 3173 2108 eorun

208 2154 372 2224 dem
403 2154 835 2221 canonicam
869 2152 1403 2238 possessionem
1432 2151 1791 2238 ceperint,
1836 2152 2085 2221 omnia
2118 2157 2432 2237 possunt
2476 2171 2661 2237 quae
2698 2152 3023 2219 locorum
3069 2152 3199 2219 Or-

210 2265 488 2335 dinarii
525 2266 605 2333 in
646 2267 803 2333 suis
850 2266 1204 2347 ecclesiis,
1245 2265 1571 2350 exceptis
1622 2264 1884 2332 ordine
1924 2265 2367 2333 iudiciorum
2408 2268 2485 2332 et
2526 2265 2855 2349 qualibet
2906 2265 3201 2333 iurisdi-

208 2381 454 2449 ctione
498 2380 578 2447 in
613 2379 889 2460 fideles,
937 2379 1065 2447 sed
1101 2378 1307 2446 salva
1346 2381 1716 2463 potestate
1749 2378 1830 2444 in
1868 2377 1967 2445 iis
2013 2395 2200 2463 quae
2235 2378 2331 2445 ad
2369 2376 2870 2462 disciplinam,
2914 2396 3200 2445 morum

206 2494 759 2566 cor-rectionem,
796 2492 1180 2561 servitium
1216 2491 1566 2560 ecclesiae
1600 2491 1982 2576 pertinent
2012 2491 2065 2557 ⁴.

387 2611 515 2692 53.
544 2610 732 2677 cum
762 2609 1036 2677 throno
1056 2613 1130 2678 et
1158 2608 1598 2677 baldachino
1629 2607 2059 2676 cardinalis
2085 2607 2370 2676 ordinis
2398 2607 2926 2694 presbyteralis
2962 2611 3206 2692 potest

210 2725 291 2791 in
339 2741 475 2791 suo
531 2722 760 2792 titulo
805 2721 1265 2807 pontificalia
1315 2739 1666 2806 peragere
1723 2725 1800 2790 et
1844 2719 2273 2788 cardinalis
2322 2719 2608 2788 ordinis
2653 2720 3065 2787 diaconalis
3124 2719 3203 2786 in

210 2851 348 2903 sua
381 2835 728 2904 diaconia
757 2833 1291 2920 pontificaliter
1323 2833 1696 2914 assistere,
1741 2835 1819 2900 et
1862 2849 2079 2899 nemo
2108 2831 2306 2898 alius
2342 2831 2613 2899 ibidem
2650 2831 2726 2898 id
2764 2835 3008 2915 potest
3045 2831 3208 2899 sine

208 2949 639 3018 cardinalis
674 2966 1003 3030 assensu3
1031 2948 1112 3015 in
1141 2946 1314 3014 aliis
1343 2965 1519 3015 vero
1556 2945 1780 3014 Urbis
1809 2945 2140 3013 eeclesiis
2177 2943 2615 3011 cardinales
2647 2945 2916 3012 throno
2945 2950 3021 3013 et
3053 2945 3200 3012 bal·

208 3063 532 3132 dachino
564 3063 678 3131 uti
711 3065 1085 3147 nequeunt
1124 3060 1283 3128 sine
1313 3058 1620 3127 licentia
1652 3057 1970 3126 Romani
2001 3055 2390 3123 Pontificis
2432 3054 2486 3121 ⁸.

1510 3247 1688 3315 cm.
1725 3246 1880 3314 241.

392 3411 580 3480 Sede
603 3411 1037 3497 Apostolica
1068 3414 1404 3492 vacante,
1443 3409 1752 3478 Sacrum
1787 3405 2302 3477 cardinalium
2330 3404 2740 3490 collegium
2769 3409 2845 3473 et
2874 3403 3208 3472 Romana

210 3525 451 3594 Ouria
481 3543 628 3593 non
659 3524 885 3592 aliam
926 3523 1201 3592 habent
1232 3527 1699 3607 potestatem,
1737 3538 1958 3606 quam
1997 3537 2183 3605 quae
2212 3517 2569 3586 definitur
2601 3518 2681 3585 in
2720 3523 2957 3586 const.
2997 3516 3117 3583 Pii
3151 3516 3208 3582 X

216 3637 550 3706 Vacante
578 3635 766 3706 Sede
800 3635 1264 3722 apostolica,
1290 3635 1380 3704 25
1408 3636 1585 3705 Dec.
1624 3634 1797 3703 1904
1846 3633 1900 3700 ⁸.

215 3953 593 4017 ‚mmm
627 3954 778 4007 febr.
812 3952 1371 4016 loesszlnnoeentlns
1406 3952 1757 4014 X11,oonst.
1794 3965 1825 4002 ι
1860 3948 1938 4001 Ut
1973 3949 2255 4000 iudicium
2291 3947 2579 4009 mlboct.
2621 3944 3209 4007 1oe3.11‚8;Bene·

215 4048 420 4101 diem·
440 4047 593 4108 XIV,
617 4058 711 4108 ep.
745 4061 776 4098 ι
809 4046 1095 4108 Amas»,
1121 4048 1187 4098 11
1211 4048 1327 4098 oct.
1358 4044 1507 4106 1757,
1537 4056 1596 4097 ιι.
1622 4043 1836 4106 mm
1862 4043 2008 4095 Plus
2034 4042 2132 4104 IX,
2168 4042 2285 4095 litt.
2317 4052 2412 4101 ap.
2447 4055 2480 4090 ι
2504 4039 2866 4100 Multiplices
2899 4052 2950 4097 ι,
2978 4036 3042 4087 m
3072 4047 3205 4087 nov.

214 4141 372 4201 ιω,
401 4152 459 4192 ιι.
492 4139 592 4202 IV:
627 4139 772 4191 Plus
799 4139 867 4199 x,
899 4141 1062 4191 motu
1099 4148 1294 4199 propr.
1327 4152 1359 4187 οι
1390 4135 1550 4187 om
1578 4134 1896 4196 pectoralis
1928 4148 1981 4196 ι,
2012 4133 2076 4185 24
2106 4134 2250 4185 maii
2278 4132 2426 4194 1⁹⁰5:
2454 4133 2640 4184 const.
2684 4145 2717 4180 ι
2754 4127 3124 4189 Apostolioae
3156 4142 3206 4187 ι,

216 4234 289 4286 15
318 4243 448 4293 apr.
484 4233 632 4291 1910,
674 4243 734 4283 ιι.
778 4230 944 4293 ΧΙῙΙς
975 4229 1037 4283 S.
1075 4230 1140 4282 c.
1178 4229 1456 4289 conciat..
1495 4228 1562 4280 25
1594 4239 1721 4288 apr.
1752 4226 1903 4288 1917,
1941 4226 2020 4278 ad
2055 4225 2156 4286 1v;
2201 4224 2261 4278 S.
2293 4225 2358 4277 c.
2401 4223 2655 4285 Indulg„
2700 4221 2873 4274 Urbis
2918 4225 2977 4272 et
3016 4218 3211 4277 Orbis,

213 4326 287 4379 Β
307 4337 444 4387 aug.
471 4325 618 4387 19033
651 4324 709 4377 S.
742 4324 813 4375 R.
845 4323 934 4385 0.,
962 4323 1249 4380 Romana,
1276 4323 1343 4374 15
1373 4325 1521 4382 sept.
1550 4320 1696 4382 im&
1722 4318 2136 4379 Neapolitana,
2163 4318 2226 4368 14
2256 4317 2360 4368 lul.
2394 4316 2540 4378 1887:
2570 4314 2627 4367 S.
2661 4315 2726 4367 c.
2759 4312 3208 4370 caeremonial„

214 4419 378 4469 decr.
412 4417 480 4470 30
510 4417 653 4468 mall
694 4416 842 4476 1902,
883 4416 964 4468 ad
998 4416 1081 4476 11.
1114 4414 1164 4477 ὃς
1195 4413 1636 4467 caeremoniale
1673 4412 2032 4472 Episcopum,
2070 4411 2108 4461 l.
2147 4409 2196 4470 1,
2232 4419 2282 4460 e.
2331 4408 2432 4469 1v‚
2471 4420 2528 4458 ιι.
2561 4407 2612 4467 2,
2643 4406 2693 4459 3.

390 4511 413 4547 ¹
450 4508 720 4562 clemens
750 4508 884 4569 ΧΠ,
925 4510 1111 4560 const.
1147 4524 1176 4558 ι
1209 4505 1516 4557 Pastor-ale
1552 4505 1805 4565 officium
1845 4518 1896 4563 r,
1932 4504 1998 4555 10
2033 4504 2150 4554 lan.
2181 4501 2331 4563 1731,
2369 4501 2395 4561 5
2433 4500 2483 4562 ὃς
2518 4500 2660 4551 Plus
2691 4498 2758 4559 X,
2794 4499 2979 4549 const.
3025 4509 3056 4546 ι
3102 4494 3209 4545 Va-

211 4606 393 4653 mate
424 4603 574 4652 sede
605 4600 942 4661 apostolico
980 4614 1030 4661 ι,
1064 4600 1130 4651 25
1160 4599 1283 4652 dec.
1325 4599 1473 4659 1904,
1507 4610 1565 4650 ιι.
1599 4599 1683 4649 90.
2577 4626 2616 4663 .

383 4697 411 4735 ²
452 4696 596 4747 Plus
620 4696 687 4755 Χ,
717 4697 902 4746 const.
941 4709 973 4744 οι
1011 4693 1270 4744 Vacante
1299 4693 1448 4742 Sede
1476 4688 1813 4750 Aponouoo
1842 4703 1896 4749 ι,
1928 4688 1994 4739 25
2019 4688 2142 4741 dec.
2176 4688 2322 4747 1904.
2353 4699 2411 4737 n.
2451 4686 2534 4737 89.

385 4792 411 4828 ⁸
457 4789 681 4840 Paulus
713 4787 814 4848 lv,
854 4789 1040 4838 const.
1074 4801 1106 4836 οι
1137 4785 1284 4837 cum
1316 4782 1679 4836 venerabiles
1720 4797 1769 4843 »,
1803 4781 1869 4832 22
1901 4793 2034 4843 aug.
2068 4781 2215 4840 1555,
2252 4780 2278 4840 ς
2314 4780 2364 4841 1;
2397 4778 2542 4829 Plus
2571 4778 2637 4838 Χ,
2671 4778 2857 4828 const.
2903 4788 2934 4825 ι
2973 4773 3215 4833 Aposto-

212 4886 373 4934 ηοω
404 4897 456 4942 ι,
486 4883 553 4933 15
588 4891 714 4940 apr.
745 4880 894 4940 1910,
934 4891 992 4931 ιι.
1028 4879 1076 4930 1.

384 4979 415 5015 ⁴
455 4973 522 5028 c.
553 4975 638 5035 11,
669 4973 736 5034 X,
771 4975 841 5024 de
872 4972 1212 5022 maior-uate
1252 4974 1311 5022 et
1344 4968 1697 5026 obedientia,
1735 4969 1785 5024 1.
1816 4967 1899 5029 333
1939 4966 2056 5017 Leo
2090 4966 2134 5017 Χ
2177 4964 2265 5023 (in
2295 4964 2468 5017 conc.
2507 4963 2858 5014 Lateranen.
2898 4961 2992 5020 V).
3027 4961 3211 5010 const.

213 5088 248 5122 ι
278 5071 588 5130 supernae
609 5065 1013 5127 dispositionis
1035 5081 1085 5125 n.
1106 5064 1141 5117 5
1166 5063 1479 5121 ma111514,
1505 5062 1531 5123 5
1559 5063 1640 5123 193
1666 5061 1873 5114 sixtus
1896 5061 1965 5120 V,
1990 5061 2176 5111 const.
2203 5071 2234 5108 ι
2264 5055 2561 5115 Relioiosa
2585 5069 2634 5109 ».
2661 5054 2728 5106 13
2756 5065 2881 5114 apr.
2909 5051 3039 5104 1587
3071 5051 3097 5111 ἱ
3128 5050 3210 5101 12.

384 5166 412 5203 ⁸
457 5162 515 5212 8.
549 5160 619 5211 R.
652 5158 740 5219 0.,
775 5158 1061 5213 Romam
1089 5157 1155 5208 15
1189 5159 1336 5216 sept.
1366 5154 1513 5216 16083
1539 5156 1572 5205 4
1605 5153 1729 5206 dec.
1760 5153 1908 5205 1903.

390 5262 417 5298 ⁸
454 5255 599 5306 Pius
628 5253 695 5312 Χ,
725 5255 910 5304 const.
952 5267 984 5300 ι
1023 5249 1293 5309 sapienti
1322 5247 1565 5300 consino
1596 5264 1646 5308 n.
1678 5247 1746 5300 29
1779 5248 1900 5297 iun.
1934 5242 2080 5297 1908.
