3753 5871
1309 307 1487 358 Liber
1516 304 1753 359 Tertiae
1787 333 1807 345 ·
1843 307 1933 357 De
1972 307 2170 359 Rebus
3150 300 3259 362 241

269 515 444 582 pore
484 502 877 582 nequeant,
919 502 1362 566 moneantur
1406 496 1684 579 fideles,
1724 484 1856 581 per
1897 496 2245 564 tabellam
2286 495 2366 563 in
2403 495 2567 563 loco
2603 496 2893 580 patenti
2931 501 3007 564 et
3046 495 3261 564 obvio

267 604 612 689 positam,
642 605 914 673 Missas
947 604 1238 673 oblatas
1261 604 1712 673 celebratum
1742 605 1838 671 iri
1855 605 1983 672 'vel
2011 603 2307 687 ibidem,
2338 622 2507 671 cum
2541 603 2915 672 commode
2952 604 3254 689 poterit,

264 712 383 779 vel
421 710 607 778 alibi
642 712 693 780 ¹.

1567 786 1745 855 CAN.
1789 786 1945 854 837.

439 897 587 977 Qui
624 895 895 964 Missas
924 914 1058 981 per
1083 895 1273 963 alios
1298 895 1777 963 celebrandas
1808 895 2054 971 babet,
2094 913 2221 962 eas
2252 895 2793 980 quamprimum
2824 894 3254 979 distribuat,

264 1002 480 1072 firmo
510 1003 973 1088 praescripto
1008 1021 1174 1071 can.
1217 1004 1369 1087 8413
1400 1003 1527 1071 sed
1560 1006 1852 1086 tempus
1886 1002 2297 1087 legitimum
2342 1020 2478 1087 pro
2511 1002 2908 1071 earundem
2942 1003 3257 1071 celebra-

263 1111 468 1178 tione
500 1110 771 1195 incipit
806 1128 856 1177 a
883 1108 1006 1178 die
1036 1128 1182 1195 quo
1210 1110 1550 1178 sacerdos
1578 1109 2089 1177 celebraturus
2119 1110 2409 1177 easdem
2446 1110 2829 1195 receperit,
2867 1111 3016 1178 nisi
3054 1108 3261 1178 aliud

261 1221 555 1285 constet
584 1218 637 1285 ².

1556 1296 1735 1364 CAN.
1775 1296 1930 1363 838.

436 1405 586 1485 Qui
628 1404 904 1472 babent
945 1403 1344 1471 Missarum
1390 1420 1773 1471 numerum
1815 1404 1909 1472 de
1953 1403 2220 1490 quibus
2264 1404 2408 1472 sibi
2455 1404 2679 1472 liceat
2730 1404 2961 1473 libere
3014 1403 3254 1489 dispo·

263 1529 463 1593 nere,
521 1516 835 1596 possunt
878 1529 1005 1578 eas
1048 1511 1376 1579 tribuere
1422 1512 1930 1579 sacerdotibus
1975 1512 2117 1580 sibi
2171 1512 2521 1597 acceptis,
2582 1512 2977 1580 dummodo
3032 1512 3258 1597 probe

262 1619 408 1686 sibi
443 1623 735 1687 constet
767 1637 892 1686 eos
923 1637 1082 1687 esse
1114 1619 1315 1687 omni
1347 1620 1775 1705 exceptione
1810 1620 2127 1688 maiores
2161 1620 2278 1688 vel
2321 1621 2748 1688 testimonio
2792 1620 3078 1705 proprii
3123 1621 3254 1688 Or·

259 1724 543 1793 dinarii
573 1725 1122 1795 commendatos
1147 1733 1199 1800 ⁸.
1562 1802 1716 1870 CAN
1782 1801 1914 1870 839

436 1909 585 1989 Qui
633 1910 906 1977 Missas
959 1928 1008 1977 a
1061 1907 1434 1977 fidelibus·
1459 1913 1795 1995 receptas
1838 1915 1976 1978 aut
2023 1927 2317 1996 quoquo
2361 1910 2579 1979 modo
2623 1930 2803 1980 suae
2850 1911 3023 1981 fidei
3063 1930 3253 1981 com·

262 2018 530 2085 missas·
560 2018 734 2084 aliis
761 2018 1241 2086 celebrandas
1274 2016 1751 2102 tradiderint,
1787 2019 2240 2102 obligatione
2281 2021 2633 2100 tenentur
2665 2038 2897 2106 usque
2930 2020 3106 2088 dum
3141 2038 3255 2089 ac·

258 2130 604 2210 ceptatae
652 2125 747 2193 ab
807 2126 1080 2194 eisdem
1129 2126 1606 2212 obligationis
1652 2130 1732 2195 et
1783 2128 2061 2212 recepti
2110 2128 2467 2213 stipendii
2514 2128 2767 2197 testim'
2769 2128 3022 2196 onium
3050 2129 3254 2208 ,obti-

452 2231 472 2249 .
597 2232 627 2267 4
2686 2240 2691 2255 .

260 2242 567 2300 mmmm
632 2281 650 2299 ⁸
1555 2312 1733 2380 CAN.
1785 2312 1939 2379 840.

445 2418 480 2501 5
526 2421 594 2484 1.
644 2417 790 2499 Qui
831 2419 1231 2486 Missarum
1275 2420 1507 2504 stipes
1556 2421 1939 2489 manuales
1988 2422 2083 2488 ad
2134 2421 2324 2489 alios
2363 2423 2841 2507 transmittit,
2885 2423 3116 2495 debet-
3143 2442 3256 2492 ac·

257 2532 519 2611 ceptas
557 2527 843 2610 integre
882 2529 1418 2611 transmittere,
1462 2529 1609 2596 nisi
1656 2534 1792 2597 aut
1828 2529 2123 2597 oblator
2162 2548 2504 2613 expresse
2542 2530 2934 2615 permittat
2972 2532 3259 2617 aliquid

261 2635 610 2717 retinere,
657 2639 793 2703 aut
835 2640 1039 2703 certo
1091 2640 1382 2704 constet
1435 2655 1810 2704 excessum
1868 2655 2098 2722 supra
2146 2640 2397 2705 taxam
2442 2636 2949 2707 dioecesanam
2996 2640 3255 2708 datum

257 2741 496 2809 fuisse
530 2741 815 2809 intuitu
853 2760 1211 2827 personae
1235 2743 1291 2812 ⁸.

441 2850 476 2933 5
523 2850 590 2916 2.
641 2850 734 2916 In
779 2849 1032 2917 Missis
1078 2851 1175 2919 ad
1230 2851 1472 2919 instar
1526 2851 2012 2934 manualium,
2073 2851 2219 2919 nisi
2264 2852 2509 2920 obstet
2552 2870 2756 2921 mens
2803 2853 3256 2939 fundatoris,

259 2958 591 3045 legitime
623 2959 990 3027 retinetur
1019 2978 1359 3027 excessus
1389 2965 1467 3029 et
1503 2961 1691 3028 satis
1721 2967 1834 3028 est
1868 2960 2245 3029 remittere
2276 2960 2506 3028 solam
2544 2961 3075 3050 eleemosynam
3107 2979 3255 3029 ma-

259 3067 559 3135 nualem
597 3067 952 3136 dioecesis
997 3067 1076 3135 in
1126 3086 1271 3151 qua
1319 3067 1551 3134 Missa
1590 3068 2034 3152 celebratur,
2075 3069 2142 3135 si
2180 3068 2480 3153 pinguis
2519 3068 2977 3156 eleemosyna
3015 3069 3255 3138 locum

257 3193 399 3260 pro
434 3178 652 3260 parte
683 3178 935 3243 teneat
974 3175 1174 3244 dotis
1207 3174 1540 3244 beneficii
1574 3179 1709 3244 aut
1740 3194 2012 3244 causae
2044 3176 2213 3261 piae
2241 3175 2291 3241 ⁸.

1570 3329 1748 3397 CAN.
1796 3329 1952 3395 841.

440 3437 475 3520 §
522 3440 589 3504 1.
639 3438 911 3505 Omnes
943 3442 1020 3506 et
1051 3436 1328 3520 singuli
1357 3437 2005 3505 administratores
2035 3454 2430 3504 causarum
2464 3435 2759 3520 piarum
2799 3439 2935 3503 aut
2969 3450 3260 3519 quoquo

257 3546 481 3614 modo
516 3546 611 3612 ad
648 3544 1047 3612 Missarum
1082 3563 1308 3613 onera
1343 3544 1719 3629 implenda
1763 3545 2098 3631 obligati,
2147 3545 2299 3612 sive
2344 3541 2826 3611 ecclesiastici
2866 3539 3018 3609 sive
3052 3541 3255 3623 laici,

255 3655 400 3722 sub
437 3653 719 3721 exitum
748 3652 1148 3721 cuiuslibet
1177 3653 1382 3735 anni,
1419 3653 1816 3720 Missarum
1847 3671 2076 3721 onera
2107 3652 2373 3737 quibus
2414 3652 2739 3719 nondum
2769 3651 3002 3720 fuerit
3043 3649 3253 3718 satis·

255 3763 573 3843 tactum,
614 3762 771 3829 suis
806 3760 1230 3830 ordinariis
1267 3761 1576 3829 tradant
1611 3760 2013 3829 secundum
2059 3761 2356 3829 modum
2380 3760 2475 3828 ab
2504 3760 2622 3827 his
2644 3758 3139 3828 definiendum
3173 3758 3222 3825 '.

447 3953 469 3989 ¹
509 3951 569 4004 Β.
604 3952 670 4004 Ο.
706 3951 795 4013 O..
840 3950 1257 4009 Mediolanum,
1292 3949 1327 4003 8
1361 3953 1537 4004 mart.
1584 3950 1730 4003 1650.

443 4046 472 4083 ²
514 4040 572 4094 S.
604 4042 670 4094 G.
706 4042 794 4101 C..
829 4041 986 4093 decr.
1020 4055 1052 4092 ι
1087 4040 1163 4092 Ut
1196 4040 1397 4091 actito
1427 4055 1477 4102 ι,
1518 4041 1585 4092 11
1614 4040 1761 4091 mail
1800 4041 1951 4100 1904,
1983 4052 2043 4092 ιι.
2078 4041 2128 4101 4;
2157 4039 2223 4092 27
2262 4040 2412 4092 febr.
2448 4040 2598 4100 lolli,
2630 4040 2710 4092 ad
2751 4041 2801 4092 7.

443 4134 469 4171 ⁸
513 4130 571 4183 Β.
607 4130 674 4183 O.
710 4130 798 4191 G..
829 4131 989 4183 decr.
1017 4145 1049 4182 ι
1079 4129 1363 4190 Vicilanu
1397 4145 1446 4191 ι,
1473 4129 1539 4182 25
1564 4129 1709 4181 mall
1734 4129 1882 4191 18933
1914 4129 2069 4181 decr.
2102 4143 2134 4180 ι
2169 4128 2246 4180 Ut
2274 4129 2474 4181 debita
2502 4143 2551 4190 ι,
2581 4129 2646 4181 11
2673 4130 2816 4181 mail
2849 4129 2998 4190 1904,
3030 4140 3088 4180 ιι.
3120 4128 3172 4190 5,
3203 4129 3254 4180 7.

444 4225 474 4260 ¹
509 4220 568 4272 Β.
603 4219 669 4271 G.
701 4220 789 4281 C..
827 4219 984 4272 decr.
1021 4233 1053 4270 ι
1092 4217 1171 4270 Ut
1205 4218 1404 4292 debita
1440 4232 1490 4279 ι,
1525 4218 1590 4270 11
1624 4218 1767 4269 mail
1811 4218 1961 4278 1904,
1999 4230 2057 4269 ιι.
2104 4216 2156 4269 o.

440 4314 470 4350 ὅ
506 4310 886 4363 Innocentius
907 4309 1042 4370 xn,
1067 4311 1253 4361 const.
1288 4322 1320 4359 ι
1343 4306 1547 4368 Nuper
1568 4322 1617 4369 ι,
1651 4307 1717 4360 23
1740 4307 1863 4359 dec.
1900 4307 2049 4367 1097,
2080 4307 2106 4368 5
2140 4306 2191 4368 o,
2226 4307 2310 4368 15,
2336 4307 2416 4359 ad
2442 4308 2525 4369 10,
2555 4308 2583 4369 5
2608 4308 2691 4369 3ος
2721 4306 3076 4359 Benedictus
3100 4307 3251 4366 xlv.

259 4414 355 4463 ep.
393 4400 615 4462 encycl.
650 4414 682 4451 ι
717 4398 952 4460 Quanta
983 4407 1127 4447 cura
1160 4410 1210 4457 ι,
1243 4397 1311 4449 30
1341 4397 1463 4449 iun.
1506 4396 1656 4456 1741,
1689 4396 1721 4457 5
1763 4397 1814 4455 1,
1849 4395 1901 4457 ὃς
1931 4407 2022 4456 ep.
2069 4412 2102 4447 α
2133 4396 2249 4447 Pro
2284 4395 2503 4446 eximia
2545 4409 2595 4457 ι,
2628 4395 2695 4448 ao
2727 4396 2849 4446 iun.
2886 4395 3033 4455 1741ς
3065 4396 3251 4446 const.

261 4507 294 4542 α
327 4491 498 4551 Quod
527 4488 800 4548 coneneie
839 4502 889 4548 ι,
922 4487 988 4540 20
1014 4499 1149 4548 aug.
1188 4485 1338 4546 174&
1368 4486 1512 4536 Plus
1551 4485 1650 4546 IX,
1683 4487 1870 4537 const.
1914 4500 1946 4535 ι
1978 4485 2349 4545 apostoncae
2382 4483 2553 4537 sedis
2586 4499 2636 4546 ι,
2669 4485 2736 4536 12
2767 4487 2882 4536 oet.
2917 4483 3065 4543 1809,
3103 4485 3130 4543 5
3168 4483 3252 4543 ΙΙ,

260 4593 321 4631 ιι.
354 4580 441 4641 12
474 4577 534 4631 Β.
571 4576 636 4630 O.
675 4576 735 4630 S.
770 4576 910 4638 011„
944 4575 1100 4628 decr.
1133 4574 1198 4626 24
1229 4577 1376 4635 sept.
1410 4574 1558 4635 1605,
1591 4585 1754 4635 prop.
1790 4576 1841 4640 9,
1883 4573 2103 4637 damn.;
2133 4575 2199 4626 13
2239 4574 2358 4625 lan.
2393 4573 2540 4635 1892,
2580 4574 2663 4626 ad
2693 4572 2835 4636 «ινδ.
2872 4572 2936 4626 O.
2969 4571 3056 4633 G..
3098 4570 3256 4623 decr.

259 4670 329 4721 21
363 4669 488 4719 lun.
525 4667 671 4728 162oe
711 4666 998 4723 Romana,
1033 4664 1100 4717 21
1131 4664 1282 4716 febr.
1327 4662 1476 4722 1688:
1508 4663 1665 4715 decr.
1711 4663 1776 4716 23
1810 4676 1944 4716 nov.
1991 4663 2141 4724 1697,
2176 4663 2255 4716 ad
2291 4664 2373 4726 10;
2406 4663 2473 4717 20
2505 4676 2638 4725 aug.
2676 4662 2823 4724 1800;
2859 4661 3015 4713 decr.
3051 4660 3117 4713 25
3151 4662 3254 4713 lul.
3348 4693 3353 4696 -

260 4757 415 4818 1874,
446 4756 526 4808 ad
548 4755 598 4818 7;
622 4756 777 4808 decr.
807 4769 839 4806 ι
867 4753 1154 4814 Vioilanu
1178 4767 1229 4813 n,
1255 4752 1321 4805 25
1351 4752 1495 4804 maii
1523 4752 1671 4813 1893,
1705 4753 1785 4804 ad
1810 4753 1860 4815 0;
1893 4752 1959 4805 21
1982 4765 2114 4805 nov.
2151 4752 2298 4814 189&
2329 4752 2485 4804 decr.
2523 4767 2555 4802 ι
2589 4750 2665 4804 Ut
2698 4751 2899 4803 debita
2934 4765 2984 4810 ι,
3015 4751 3082 4801 11
3111 4749 3254 4801 mail

260 4847 416 4907 1904,
453 4858 513 4897 ιι.
550 4846 602 4904 9,
636 4845 719 4906 11;
762 4845 829 4896 19
864 4843 988 4895 dec.
1024 4843 1173 4902 1904,
1218 4841 1301 4894 ad
1335 4842 1387 4904 35
1430 4840 1680 4901 Bredas,
1718 4842 1784 4894 25
1828 4843 1978 4895 febr.
2017 4842 2166 4902 19αῖ,
2205 4840 2283 4893 ad
2320 4842 2370 4903 2
2408 4841 2466 4895 S.
2509 4842 2575 4894 C.
2613 4840 2689 4893 de
2722 4841 2893 4900 Prop.
2931 4838 3096 4899 Fide,
3134 4839 3254 4891 litt.

259 4936 487 4996 encycl.
533 4933 636 4993 (ad
667 4933 771 4994 np,
808 4932 1084 4993 orient.),
1114 4931 1182 4984 20
1207 4932 1332 4983 ian.
1366 4931 1513 4994 1893;
1544 4931 1603 4985 S.
1647 4932 1898 4992 PoenIt„
1930 4930 1965 4983 0
2003 4942 2130 4992 apr.
2165 4930 2312 4992 1742;
2345 4930 2417 4981 22
2446 4942 2580 4992 aug.
2611 4929 2760 4989 1820,
2796 4927 2875 4980 ad
2914 4928 2965 4980 3.

448 5028 475 5064 ⁶
511 5023 892 5075 Innocentius
921 5022 1054 5082 ΧΠ,
1089 5023 1273 5074 const.
1318 5036 1351 5071 α
1386 5020 1586 5081 Nuper
1616 5035 1666 5083 ι,
1706 5021 1775 5073 23
1806 5021 1931 5073 dec.
1977 5021 2125 5082 1997,
2164 5020 2192 5081 5
2236 5020 2318 5080 15,
2355 5019 2433 5071 ad
2464 5019 2516 5080 7,
2551 5018 2603 5079 8,
2643 5019 2669 5080 5
2704 5017 2788 5080 9ος
2823 5016 2882 5069 S.
2918 5015 2983 5069 O.
3020 5015 3109 5077 0.,
3150 5015 3259 5066 Ro·

264 5125 468 5172 mna,
495 5113 529 5165 7
559 5114 704 5164 maii
734 5112 884 5172 1672,
913 5111 979 5163 21
1008 5112 1156 5163 febr.
1189 5110 1337 5173 168&
1362 5109 1519 5163 decr.
1560 5110 1625 5163 m
1654 5123 1786 5163 nov.
1827 5110 1977 5171 1097,
2010 5109 2088 5161 ad
2124 5109 2177 5170 7,
2212 5108 2262 5170 83
2291 5107 2617 5166 nemeen„
2650 5106 2716 5159 28
2754 5107 2926 5167 tebr„
2961 5106 3026 5157 28
3056 5109 3257 5167 mart..

262 5205 332 5255 22
365 5216 503 5264 aug.
542 5202 690 5265 1874ς
733 5201 1084 5258 Ηααοσίοπ..
1122 5199 1188 5251 21
1222 5200 1342 5252 ian.
1390 5200 1540 5263 1898:
1575 5199 1731 5252 decr.
1781 5214 1813 5251 ι
1855 5198 1934 5250 Ut
1981 5197 2182 5250 debita
2218 5210 2268 5259 ι,
2308 5198 2373 5248 11
2412 5196 2557 5248 mall
2593 5196 2743 5258 1904,
2785 5207 2844 5246 ιι.
2880 5195 2963 5257 15ς
2998 5195 3257 5255 Ventos„

263 5294 333 5345 23
366 5293 516 5344 febr.
550 5291 698 5353 1907,
733 5291 812 5343 ad
840 5291 890 5353 2:
923 5290 982 5343 Β.
1018 5289 1266 5350 poenit„
1299 5289 1365 5340 22
1402 5301 1537 5352 aug.
1573 5288 1720 5350 mm,
1763 5289 1842 5341 ad
1874 5288 1926 5338 2.

446 5384 472 5421 ⁷
514 5381 573 5433 8.
607 5383 673 5434 C.
707 5380 796 5442 0.,
838 5380 992 5432 decr.
1028 5395 1060 5430 ι
1093 5377 1379 5439 Vioilanu
1415 5390 1469 5442 ι,
1502 5379 1568 5432 25
1605 5378 1750 5430 mali
1782 5378 1932 5440 1893:
1969 5376 2126 5429 decr.
2163 5391 2193 5428 ι
2230 5374 2307 5427 Ut
2342 5374 2541 5428 debita
2575 5391 2623 5436 ιι,
2661 5375 2726 5427 11
2757 5375 2900 5427 mail
2936 5374 3083 5433 1904,
3119 5386 3177 5424 ιι.
3211 5373 3260 5434 4;

263 5472 333 5524 18
360 5472 486 5525 dee.
516 5471 666 5532 1904,
698 5469 777 5522 ad
803 5469 837 5521 4

400 5610 600 5663 voden
631 5608 793 5662 lum
828 5607 1126 5660 onmia.
3076 5600 3130 5644 ¹⁰
