3753 5871
1160 370 1336 423 Liber
1373 371 1633 432 osorius
1668 396 1687 407 ·
1721 371 1809 421 De
1843 370 2221 422 Processimus
3073 366 3182 423 565

369 555 404 636 ξ
450 554 517 620 2.
568 554 1146 640 'transumptum
1199 574 1373 624 vero
1422 557 1805 625 clauditur
1857 562 1933 625 et
1983 557 2420 640 obsignatur
2485 554 2734 640 sigillo
2795 553 3179 622 Ordinarii
3316 584 3323 589 ·

184 665 415 747 atque
475 664 612 730 bac
658 663 750 731 de
799 683 878 731 re
926 665 1266 732 notarius
1312 665 1889 733 instrumentum
1941 665 2022 732 in
2069 664 2354 749 duplici
2401 663 2805 747 exemplari
2852 662 3175 744 conficit,

176 770 504 838 alterum
549 771 857 839 Romam
903 774 1587 850 transmittendum,
1637 775 1957 842 alterum
2011 774 2090 840 in
2136 773 2439 841 archivo
2481 772 2753 840 Curiae
2797 789 3173 838 asservan-

176 880 361 946 dum
399 878 449 948 ¹.

877 1150 1044 1213 An‘r.
1090 1150 1203 1213 111.
1249 1185 1320 1197 —
1367 1152 1464 1213 De
1493 1170 1819 1231 processu
1857 1170 2065 1232 super
2104 1170 2244 1213 non
2284 1152 2491 1213 cultu.

1472 1342 1651 1408 CAN.
1687 1340 1884 1407 2057.

369 1465 728 1532 Tribunal
765 1469 1062 1551 praeter
1106 1468 1333 1533 testes
1370 1465 1714 1533 inductos
1752 1484 1802 1533 a·
1840 1466 2326 1550 postulaturo,
2364 1467 2552 1535 duos
2589 1468 2777 1534 alios
2816 1487 2902 1534 ex
2952 1467 3188 1535 officio

184 1572 501 1643 inducat
541 1592 932 1658 omnesque
970 1575 1380 1660 interroget
1419 1593 1593 1641 num
1650 1574 1880 1643 Servo
1920 1576 2059 1643 Dei
2098 1576 2360 1643 cultus
2402 1576 2742 1660 publicus
2782 1576 3015 1644 fuerit
3058 1594 3183 1642 un·

188 1702 415 1769 quam
443 1684 873 1767 praestitus.

1484 1811 1659 1879 CAN.
1690 1810 1888 1877 2058.

370 1935 729 2003 Tribunal
759 1935 980 2004 adeat
1011 1940 1395 2020 praeterea
1420 1943 1496 2004 et
1521 1937 1920 2020 diligenter
1945 1937 2302 2022 inspiciat
2326 1936 2746 2021 sepulcrum
2777 1936 2989 2005 Servi
3013 1933 3180 2019 Dei,

183 2043 612 2111 cubiculum
651 2043 731 2111 in
772 2061 918 2127 quo
955 2044 1323 2112 habitavit
1357 2044 1473 2112 vel
1520 2045 1730 2128 obiit,
1771 2049 1847 2114 et
1895 2045 1959 2112 si
1999 2063 2141 2130 qua
2182 2045 2336 2112 sint
2371 2044 2522 2112 alia
2562 2045 2727 2112 loca
2775 2045 2900 2112 ubi
2936 2044 3189 2112 cultus

191 2155 411 2241 signa
443 2154 699 2222 adesse
733 2153 996 2222 merito
1026 2154 1193 2238 quis
1221 2152 1586 2237 suspicari
1616 2154 1878 2238 possit.

1479 2336 1657 2403 CAN,
1687 2336 1884 2403 2059.

365 2480 448 2549 Si
484 2480 565 2546 in
605 2498 991 2565 processus
1029 2480 1345 2552 decursu
1385 2498 1534 2548 non
1574 2482 1766 2549 levia
1806 2481 2224 2549 habeantur
2270 2480 2553 2548 indicia
2596 2480 2850 2549 cultus
2896 2435 3184 2547 interea

189 2589 424 2657 Servo
454 2587 595 2655 Dei
622 2587 993 2673 praestiti,
1026 2606 1298 2656 munus
1322 2593 1485 2657 esto
1507 2589 1956 2673 promotoris
1987 2589 2159 2658 fidei
2185 2590 2470 2657 instare
2498 2594 2585 2658 ut
2610 2590 2924 2658 ulterior
2947 2589 3184 2674 inqui-

192 2698 374 2766 sitio
410 2697 547 2765 bac
583 2698 674 2765 de
714 2717 793 2765 re
829 2702 1256 2783 peragatur.

1475 2826 1654 2893 cm.
1685 2825 1882 2893 2060.

369 2970 729 3039 Tribunal
759 2972 974 3041 debet
1006 2972 1378 3040 sententia
1401 2971 1710 3040 definire
1735 2978 1987 3040 utrum
2012 2972 2263 3039 cultus
2293 2970 2521 3039 Servo
2547 2972 2687 3039 Dei
2712 2970 2947 3039 fuerit
2979 2990 3182 3055 prae·

192 3081 451 3164 stitus,
494 3099 741 3149 necne.

479 3312 646 3378 ΛΒΤ.
688 3313 799 3377 IV.
849 3347 920 3361 -·
968 3315 1066 3377 Dc
1105 3317 1630 3377 troensmissione
1659 3333 2023 3395 processus
2062 3315 2474 3392 scriptorum
2519 3311 2717 3376 Servi
2758 3315 2902 3392 Dei,

362 3419 727 3491 processus
770 3413 1201 3490 informativi
1248 3413 1311 3474 ct
1358 3413 1437 3475 de
1484 3431 1626 3474 non
1673 3413 1859 3475 cultu
1907 3411 2000 3472 ad
2050 3409 2337 3474 Sacram
2385 3409 3004 3491 confirmationem.

1475 3583 1653 3650 om.
1691 3582 1888 3648 2061.

371 3708 818 3776 ordinarius
858 3708 1114 3776 statim
1165 3726 1253 3775 ac
1293 3708 1697 3792 expleverit
1747 3709 2354 3792 perquisitionem
2398 3711 2871 3800 scriptoqum,
2917 3730 3006 3778 ea
3048 3712 3184 3777 R-o·

189 3836 390 3883 mam
426 3835 578 3883 una
602 3835 769 3883 cum
799 3816 1290 3901 processiculo
1327 3815 1581 3884 mittat
1612 3815 2199 3900 diliyentiarum,
2230 3817 2423 3884 idest
2450 3836 2617 3884 cum
2656 3818 2978 3886 iuridica
3008 3819 3187 3887 rela-

189 3929 397 3997 tione
422 3926 979 4009 diligentiarum
1010 3926 1275 4009 quibus
1306 3927 1385 3993 in
1413 3925 1929 4011 perquirendis
1962 3926 2264 4010 scriptis
2293 3944 2472 3993 usus
2497 3929 2634 3994 est.

1488 4107 1666 4173 CAN.
1697 4104 1894 4171 2062.

366 4230 450 4299 Si
486 4235 657 4314 post
690 4231 1296 4316 perquisitionem
1336 4231 1781 4316 scriptorum
1832 4232 2041 4299 Servi
2082 4233 2221 4300 Dei
2264 4232 2417 4300 alia
2454 4232 2532 4299 in
2569 4232 2886 4300 decursu
2919 4249 3188 4298 causae

193 4339 694 4424 reperiantur,
736 4358 823 4406 ea
868 4339 1124 4408 statim
1164 4340 1258 4407 ad
1302 4340 1605 4407 Sacram
1655 4342 2316 4426 Congregationem
2367 4338 2946 4416 transmittenda
2983 4342 3185 4416 sunt,

192 4465 328 4514 nec
364 4448 460 4515 ad
499 4446 856 4514 ulteriora
895 4448 1192 4530 procedi
1237 4451 1506 4532 potest,
1558 4449 1700 4514 nisi
1750 4449 1961 4533 prius
2009 4449 2244 4516 revisa
2284 4449 2593 4515 fuerint.

1484 4630 1660 4696 CAN.
1693 4628 1888 4695 2063.

369 4771 402 4851 ξ
451 4774 515 4837 1.
567 4771 1147 4856 Tra-nsumptum
1219 4791 1606 4857 processus
1675 4758 2137 4839 informativi
2210 4770 2657 4838 ordinarius
2737 4769 3189 4853 postulatori

192 4878 453 4947 tradat
485 4880 581 4947 ad
626 4880 928 4947 Sacram
964 4880 1624 4966 congregationem
1663 4880 2346 4948 transmittendum.

373 4988 407 5069 ξ
455 4987 521 5054 2.
572 4990 740 5058 Una
784 5007 948 5056 cum
998 4993 1469 5074 transumpto
1523 4992 1779 5058 mittat
1827 5008 2113 5073 quoque
2157 4988 2452 5056 litteras
2499 4993 2656 5054 tum
2712 4986 3041 5054 iudicum
3091 4987 3185 5054 ad

195 5095 502 5164 Sacram
535 5097 1195 5182 congregationem
1229 5101 1388 5167 tum
1421 5098 1866 5184 promotoris
1902 5097 2070 5164 fidei
2102 5096 2198 5162 ad
2232 5096 2737 5162 Promotorem
2781 5095 2952 5164 fidei
2982 5115 3187 5181 gene·

195 5203 454 5286 ralem,
500 5208 586 5272 ut
621 5205 851 5272 Sacra
884 5206 1377 5292 congregatio
1410 5206 1686 5274 certior
1722 5206 1853 5272 flat
1899 5208 2056 5271 tum
2091 5205 2181 5272 de
2217 5204 2359 5271 fide
2394 5204 2709 5271 testibus
2746 5204 3198 5289 praestanda

194 5321 358 5382 tum
390 5314 481 5382 de
513 5315 851 5382 omnibus
879 5317 1070 5383 actis
1110 5316 1434 5401 legitime
1472 5314 1858 5383 absolutis.

383 5542 402 5576 ¹
445 5541 502 5593 S.
537 5541 607 5592 R.
640 5542 727 5601 0.,
765 5541 878 5592 litt.
918 5543 1134 5601 encycl.
1172 5541 1236 5591 12
1269 5544 1442 5594 mart.
1479 5542 1624 5594 1631.
