<?xml version="1.0" encoding="UTF-8"?>
<!DOCTYPE html PUBLIC "-//W3C//DTD XHTML 1.0 Transitional//EN"
    "http://www.w3.org/TR/xhtml1/DTD/xhtml1-transitional.dtd">
<html xmlns="http://www.w3.org/1999/xhtml" xml:lang="en" lang="en">
 <head>
  <title>
</title>
<meta http-equiv="Content-Type" content="text/html;charset=utf-8" />
  <meta name='ocr-system' content='tesseract 3.04.00' />
  <meta name='ocr-capabilities' content='ocr_page ocr_carea ocr_par ocr_line ocrx_word'/>
</head>
<body>
  <div class='ocr_page' id='page_1' title='image "./codexiuriscanon00xgoog_0514.png"; bbox 0 0 3753 5871; ppageno 0'>
   <div class='ocr_carea' id='block_1_1' title="bbox 629 302 2493 363">
    <p class='ocr_par' dir='ltr' id='par_1_1' title="bbox 629 302 2493 363">
     <span class='ocr_line' id='line_1_1' title="bbox 629 302 2493 363; baseline -0.001 -1"><span class='ocrx_word' id='word_1_1' title='bbox 629 302 742 362; x_wconf 66' lang='lat'><strong>⁴62</strong></span> <span class='ocrx_word' id='word_1_2' title='bbox 1766 308 1964 362; x_wconf 66' lang='grc'><strong>00400</strong></span> <span class='ocrx_word' id='word_1_3' title='bbox 2008 308 2171 361; x_wconf 70' lang='lat' dir='ltr'><strong>teu-u</strong></span> <span class='ocrx_word' id='word_1_4' title='bbox 2209 310 2493 363; x_wconf 63' lang='lat' dir='ltr'><strong>Gom</strong></span> 
     </span>
    </p>
   </div>
   <div class='ocr_carea' id='block_1_2' title="bbox 629 487 3628 800">
    <p class='ocr_par' dir='ltr' id='par_1_2' title="bbox 629 487 3628 800">
     <span class='ocr_line' id='line_1_2' title="bbox 808 487 3628 588; baseline 0.007 -35"><span class='ocrx_word' id='word_1_5' title='bbox 808 487 845 571; x_wconf 72' lang='grc' dir='ltr'><strong>ξ</strong></span> <span class='ocrx_word' id='word_1_6' title='bbox 888 488 956 554; x_wconf 81' lang='lat'><strong>4.</strong></span> <span class='ocrx_word' id='word_1_7' title='bbox 1006 488 1218 558; x_wconf 83' lang='lat' dir='ltr'><strong>Inter</strong></span> <span class='ocrx_word' id='word_1_8' title='bbox 1254 490 1638 574; x_wconf 82' lang='lat' dir='ltr'><strong>religiosos</strong></span> <span class='ocrx_word' id='word_1_9' title='bbox 1671 498 2073 579; x_wconf 86' lang='lat' dir='ltr'><strong>exemptos,</strong></span> <span class='ocrx_word' id='word_1_10' title='bbox 2111 514 2252 581; x_wconf 85' lang='lat' dir='ltr'><strong>pro</strong></span> <span class='ocrx_word' id='word_1_11' title='bbox 2281 497 2622 566; x_wconf 85' lang='lat' dir='ltr'><strong>omnibus</strong></span> <span class='ocrx_word' id='word_1_12' title='bbox 2651 500 2901 568; x_wconf 83' lang='lat' dir='ltr'><strong>causis</strong></span> <span class='ocrx_word' id='word_1_13' title='bbox 2939 518 3189 569; x_wconf 87' lang='lat' dir='ltr'><strong>coram</strong></span> <span class='ocrx_word' id='word_1_14' title='bbox 3230 501 3628 588; x_wconf 81' lang='lat' dir='ltr'><strong>Super-iore</strong></span> 
     </span>
     <span class='ocr_line' id='line_1_3' title="bbox 632 593 3623 693; baseline 0.006 -33"><span class='ocrx_word' id='word_1_15' title='bbox 632 593 1072 677; x_wconf 82' lang='lat' dir='ltr'><strong>provinciali</strong></span> <span class='ocrx_word' id='word_1_16' title='bbox 1119 598 1311 665; x_wconf 89' lang='lat' dir='ltr'><strong>actis</strong></span> <span class='ocrx_word' id='word_1_17' title='bbox 1348 598 1677 666; x_wconf 82' lang='lat' dir='ltr'><strong>tribunal</strong></span> <span class='ocrx_word' id='word_1_18' title='bbox 1719 601 2083 671; x_wconf 88' lang='lat' dir='ltr'><strong>secundae</strong></span> <span class='ocrx_word' id='word_1_19' title='bbox 2122 604 2530 674; x_wconf 77' lang='lat' dir='ltr'><strong>instantiae</strong></span> <span class='ocrx_word' id='word_1_20' title='bbox 2575 611 2690 675; x_wconf 87' lang='lat' dir='ltr'><strong>est</strong></span> <span class='ocrx_word' id='word_1_21' title='bbox 2730 625 2953 692; x_wconf 84' lang='lat' dir='ltr'><strong>penes</strong></span> <span class='ocrx_word' id='word_1_22' title='bbox 2992 627 3433 693; x_wconf 82' lang='lat' dir='ltr'><strong>supremum</strong></span> <span class='ocrx_word' id='word_1_23' title='bbox 3488 611 3623 679; x_wconf 76' lang='lat' dir='ltr'><strong>Mo-</strong></span> 
     </span>
     <span class='ocr_line' id='line_1_4' title="bbox 629 698 3624 800; baseline 0.007 -34"><span class='ocrx_word' id='word_1_24' title='bbox 629 698 1066 787; x_wconf 80' lang='lat' dir='ltr'><strong>deratorem3</strong></span> <span class='ocrx_word' id='word_1_25' title='bbox 1102 721 1240 790; x_wconf 84' lang='lat' dir='ltr'><strong>pro</strong></span> <span class='ocrx_word' id='word_1_26' title='bbox 1267 706 1514 774; x_wconf 90' lang='lat' dir='ltr'><strong>causis</strong></span> <span class='ocrx_word' id='word_1_27' title='bbox 1551 707 1744 776; x_wconf 87' lang='lat' dir='ltr'><strong>actis</strong></span> <span class='ocrx_word' id='word_1_28' title='bbox 1771 726 2022 777; x_wconf 85' lang='lat' dir='ltr'><strong>coram</strong></span> <span class='ocrx_word' id='word_1_29' title='bbox 2057 712 2344 781; x_wconf 85' lang='lat' dir='ltr'><strong>Abbate</strong></span> <span class='ocrx_word' id='word_1_30' title='bbox 2374 713 2622 796; x_wconf 88' lang='lat' dir='ltr'><strong>locali,</strong></span> <span class='ocrx_word' id='word_1_31' title='bbox 2656 731 2879 799; x_wconf 85' lang='lat' dir='ltr'><strong>penes</strong></span> <span class='ocrx_word' id='word_1_32' title='bbox 2910 733 3340 800; x_wconf 84' lang='lat' dir='ltr'><strong>supremum</strong></span> <span class='ocrx_word' id='word_1_33' title='bbox 3391 718 3624 787; x_wconf 76' lang='lat' dir='ltr'><strong>Mode-</strong></span> 
     </span>
    </p>
   </div>
   <div class='ocr_carea' id='block_1_3' title="bbox 630 810 3625 1009">
    <p class='ocr_par' dir='ltr' id='par_1_3' title="bbox 630 810 3625 1009">
     <span class='ocr_line' id='line_1_5' title="bbox 632 810 3625 909; baseline 0.006 -34"><span class='ocrx_word' id='word_1_34' title='bbox 632 813 954 877; x_wconf 89' lang='lat' dir='ltr'><strong>ratorem</strong></span> <span class='ocrx_word' id='word_1_35' title='bbox 979 810 1592 898; x_wconf 76' lang='lat' dir='ltr'><strong>congregationis</strong></span> <span class='ocrx_word' id='word_1_36' title='bbox 1619 817 2090 903; x_wconf 80' lang='lat' dir='ltr'><strong>monasticae3</strong></span> <span class='ocrx_word' id='word_1_37' title='bbox 2112 838 2251 904; x_wconf 85' lang='lat' dir='ltr'><strong>pro</strong></span> <span class='ocrx_word' id='word_1_38' title='bbox 2267 822 2516 890; x_wconf 85' lang='lat' dir='ltr'><strong>causis</strong></span> <span class='ocrx_word' id='word_1_39' title='bbox 2534 841 2710 891; x_wconf 83' lang='lat' dir='ltr'><strong>vero</strong></span> <span class='ocrx_word' id='word_1_40' title='bbox 2730 823 2823 891; x_wconf 89' lang='lat' dir='ltr'><strong>de</strong></span> <span class='ocrx_word' id='word_1_41' title='bbox 2842 824 3110 909; x_wconf 87' lang='lat' dir='ltr'><strong>quibus</strong></span> <span class='ocrx_word' id='word_1_42' title='bbox 3137 825 3217 892; x_wconf 88' lang='lat' dir='ltr'><strong>in</strong></span> <span class='ocrx_word' id='word_1_43' title='bbox 3241 844 3422 893; x_wconf 87' lang='lat' dir='ltr'><strong>can.</strong></span> <span class='ocrx_word' id='word_1_44' title='bbox 3437 827 3625 908; x_wconf 75' lang='lat'>1579,</span> 
     </span>
     <span class='ocr_line' id='line_1_6' title="bbox 630 914 2801 1009; baseline 0.008 -28"><span class='ocrx_word' id='word_1_45' title='bbox 630 914 669 997; x_wconf 63' lang='grc' dir='ltr'><strong>ξ</strong></span> <span class='ocrx_word' id='word_1_46' title='bbox 714 914 784 998; x_wconf 87' lang='grc'><strong>3,</strong></span> <span class='ocrx_word' id='word_1_47' title='bbox 833 920 1169 984; x_wconf 85' lang='lat' dir='ltr'><strong>servetur</strong></span> <span class='ocrx_word' id='word_1_48' title='bbox 1211 921 1752 1006; x_wconf 84' lang='lat' dir='ltr'><strong>praescriptum</strong></span> <span class='ocrx_word' id='word_1_49' title='bbox 1795 922 1872 1006; x_wconf 60' lang='grc' dir='ltr'><strong>ξς</strong></span> <span class='ocrx_word' id='word_1_50' title='bbox 1913 926 1980 1007; x_wconf 93' lang='grc'><strong>1.</strong></span> <span class='ocrx_word' id='word_1_51' title='bbox 2021 925 2090 1009; x_wconf 89' lang='grc'><strong>2,</strong></span> <span class='ocrx_word' id='word_1_52' title='bbox 2128 926 2174 994; x_wconf 84' lang='grc'><strong>3</strong></span> <span class='ocrx_word' id='word_1_53' title='bbox 2214 927 2436 995; x_wconf 81' lang='lat' dir='ltr'><strong>huius</strong></span> <span class='ocrx_word' id='word_1_54' title='bbox 2467 929 2801 998; x_wconf 85' lang='lat' dir='ltr'><strong>canonis.</strong></span> 
     </span>
    </p>
   </div>
   <div class='ocr_carea' id='block_1_4' title="bbox 1899 1118 2322 1189">
    <p class='ocr_par' dir='ltr' id='par_1_4' title="bbox 1899 1118 2322 1189">
     <span class='ocr_line' id='line_1_7' title="bbox 1899 1118 2322 1189; baseline 0.005 -2"><span class='ocrx_word' id='word_1_55' title='bbox 1899 1118 2076 1187; x_wconf 77' lang='lat' dir='ltr'><strong>CAN·</strong></span> <span class='ocrx_word' id='word_1_56' title='bbox 2126 1120 2322 1189; x_wconf 84' lang='grc'><strong>1595.</strong></span> 
     </span>
    </p>
   </div>
   <div class='ocr_carea' id='block_1_5' title="bbox 807 1234 3630 1332">
    <p class='ocr_par' dir='ltr' id='par_1_5' title="bbox 807 1234 3630 1332">
     <span class='ocr_line' id='line_1_8' title="bbox 807 1234 3630 1332; baseline 0.006 -31"><span class='ocrx_word' id='word_1_57' title='bbox 807 1234 1166 1304; x_wconf 82' lang='lat' dir='ltr'><strong>Tribunal</strong></span> <span class='ocrx_word' id='word_1_58' title='bbox 1214 1238 1741 1323; x_wconf 73' lang='lat' dir='ltr'><strong>appellationis</strong></span> <span class='ocrx_word' id='word_1_59' title='bbox 1776 1240 2027 1310; x_wconf 91' lang='lat' dir='ltr'><strong>eodem</strong></span> <span class='ocrx_word' id='word_1_60' title='bbox 2072 1242 2288 1312; x_wconf 94' lang='lat' dir='ltr'><strong>modo</strong></span> <span class='ocrx_word' id='word_1_61' title='bbox 2325 1262 2468 1330; x_wconf 90' lang='lat' dir='ltr'><strong>quo</strong></span> <span class='ocrx_word' id='word_1_62' title='bbox 2515 1245 2849 1314; x_wconf 85' lang='lat' dir='ltr'><strong>tribunal</strong></span> <span class='ocrx_word' id='word_1_63' title='bbox 2889 1248 3174 1332; x_wconf 77' lang='lat' dir='ltr'><strong>primae</strong></span> <span class='ocrx_word' id='word_1_64' title='bbox 3213 1248 3630 1318; x_wconf 76' lang='lat' dir='ltr'><strong>instantiae</strong></span> 
     </span>
    </p>
   </div>
   <div class='ocr_carea' id='block_1_6' title="bbox 628 1343 3630 1523">
    <p class='ocr_par' dir='ltr' id='par_1_6' title="bbox 628 1343 3630 1523">
     <span class='ocr_line' id='line_1_9' title="bbox 630 1343 3630 1438; baseline 0.005 -29"><span class='ocrx_word' id='word_1_65' title='bbox 630 1343 989 1411; x_wconf 88' lang='lat' dir='ltr'><strong>constitui</strong></span> <span class='ocrx_word' id='word_1_66' title='bbox 1037 1343 1273 1427; x_wconf 81' lang='lat' dir='ltr'><strong>debet3</strong></span> <span class='ocrx_word' id='word_1_67' title='bbox 1334 1350 1411 1414; x_wconf 91' lang='lat' dir='ltr'><strong>et</strong></span> <span class='ocrx_word' id='word_1_68' title='bbox 1457 1346 1750 1415; x_wconf 90' lang='lat' dir='ltr'><strong>eaedem</strong></span> <span class='ocrx_word' id='word_1_69' title='bbox 1802 1348 2126 1434; x_wconf 80' lang='lat' dir='ltr'><strong>regulae,</strong></span> <span class='ocrx_word' id='word_1_70' title='bbox 2192 1350 2782 1422; x_wconf 81' lang='lat' dir='ltr'><strong>accommodatae</strong></span> <span class='ocrx_word' id='word_1_71' title='bbox 2832 1354 2931 1422; x_wconf 91' lang='lat' dir='ltr'><strong>ad</strong></span> <span class='ocrx_word' id='word_1_72' title='bbox 2986 1372 3164 1438; x_wconf 85' lang='lat' dir='ltr'><strong>rem,</strong></span> <span class='ocrx_word' id='word_1_73' title='bbox 3219 1354 3307 1422; x_wconf 89' lang='lat' dir='ltr'><strong>in</strong></span> <span class='ocrx_word' id='word_1_74' title='bbox 3357 1374 3630 1425; x_wconf 75' lang='lat' dir='ltr'><strong>causae</strong></span> 
     </span>
     <span class='ocr_line' id='line_1_10' title="bbox 628 1447 1765 1523; baseline 0.005 -6"><span class='ocrx_word' id='word_1_75' title='bbox 628 1447 1085 1519; x_wconf 76' lang='lat' dir='ltr'><strong>discussione</strong></span> <span class='ocrx_word' id='word_1_76' title='bbox 1124 1452 1528 1522; x_wconf 83' lang='lat' dir='ltr'><strong>servandae</strong></span> <span class='ocrx_word' id='word_1_77' title='bbox 1564 1457 1765 1523; x_wconf 88' lang='lat' dir='ltr'><strong>sunt.</strong></span> 
     </span>
    </p>
   </div>
   <div class='ocr_carea' id='block_1_7' title="bbox 1899 1615 2322 1685">
    <p class='ocr_par' dir='ltr' id='par_1_7' title="bbox 1899 1615 2322 1685">
     <span class='ocr_line' id='line_1_11' title="bbox 1899 1615 2322 1685; baseline 0.002 -1"><span class='ocrx_word' id='word_1_78' title='bbox 1899 1615 2078 1684; x_wconf 72' lang='lat' dir='ltr'>CAN.</span> <span class='ocrx_word' id='word_1_79' title='bbox 2128 1617 2322 1685; x_wconf 82' lang='grc'><strong>1596.</strong></span> 
     </span>
    </p>
   </div>
   <div class='ocr_carea' id='block_1_8' title="bbox 622 1732 3628 2015">
    <p class='ocr_par' dir='ltr' id='par_1_8' title="bbox 622 1732 3628 2015">
     <span class='ocr_line' id='line_1_12' title="bbox 806 1732 3628 1827; baseline 0.004 -26"><span class='ocrx_word' id='word_1_80' title='bbox 806 1732 890 1801; x_wconf 83' lang='lat' dir='ltr'><strong>Si</strong></span> <span class='ocrx_word' id='word_1_81' title='bbox 934 1733 1424 1826; x_wconf 81' lang='lat' dir='ltr'><strong>collegialiter</strong></span> <span class='ocrx_word' id='word_1_82' title='bbox 1466 1753 1694 1803; x_wconf 87' lang='lat' dir='ltr'><strong>causa</strong></span> <span class='ocrx_word' id='word_1_83' title='bbox 1753 1737 1833 1803; x_wconf 87' lang='lat' dir='ltr'><strong>in</strong></span> <span class='ocrx_word' id='word_1_84' title='bbox 1882 1738 2125 1822; x_wconf 84' lang='lat' dir='ltr'><strong>prima</strong></span> <span class='ocrx_word' id='word_1_85' title='bbox 2175 1740 2542 1809; x_wconf 87' lang='lat' dir='ltr'><strong>instantia</strong></span> <span class='ocrx_word' id='word_1_86' title='bbox 2587 1741 2888 1827; x_wconf 76' lang='lat' dir='ltr'><strong>cognita</strong></span> <span class='ocrx_word' id='word_1_87' title='bbox 2946 1743 3205 1826; x_wconf 74' lang='lat' dir='ltr'><strong>fuerit,</strong></span> <span class='ocrx_word' id='word_1_88' title='bbox 3259 1744 3508 1813; x_wconf 83' lang='lat' dir='ltr'><strong>etiam</strong></span> <span class='ocrx_word' id='word_1_89' title='bbox 3557 1747 3628 1812; x_wconf 87' lang='lat' dir='ltr'><strong>in</strong></span> 
     </span>
     <span class='ocr_line' id='line_1_13' title="bbox 622 1839 3628 2015; baseline 0.005 -107"><span class='ocrx_word' id='word_1_90' title='bbox 622 1839 866 2015; x_wconf 49' lang='grc' dir='ltr'><strong>ἓξὲξ</strong></span> <span class='ocrx_word' id='word_1_91' title='bbox 904 1840 1433 1925; x_wconf 77' lang='lat' dir='ltr'><strong>appellationis</strong></span> <span class='ocrx_word' id='word_1_92' title='bbox 1469 1842 1960 1929; x_wconf 62' lang='lat' dir='ltr'><strong>collegialitei·</strong></span> <span class='ocrx_word' id='word_1_93' title='bbox 2000 1864 2133 1914; x_wconf 91' lang='lat' dir='ltr'><strong>nec</strong></span> <span class='ocrx_word' id='word_1_94' title='bbox 2182 1864 2231 1914; x_wconf 88' lang='lat' dir='ltr'><strong>a</strong></span> <span class='ocrx_word' id='word_1_95' title='bbox 2271 1848 2555 1916; x_wconf 87' lang='lat' dir='ltr'><strong>minore</strong></span> <span class='ocrx_word' id='word_1_96' title='bbox 2594 1849 2923 1917; x_wconf 90' lang='lat' dir='ltr'><strong>iudicum</strong></span> <span class='ocrx_word' id='word_1_97' title='bbox 2976 1867 3288 1920; x_wconf 87' lang='lat' dir='ltr'><strong>numero</strong></span> <span class='ocrx_word' id='word_1_98' title='bbox 3330 1851 3628 1922; x_wconf 78' lang='lat' dir='ltr'><strong>definiri</strong></span> 
     </span>
    </p>
   </div>
   <div class='ocr_carea' id='block_1_9' title="bbox 1162 2183 3080 2412">
    <p class='ocr_par' dir='ltr' id='par_1_9' title="bbox 1162 2183 3080 2412">
     <span class='ocr_line' id='line_1_14' title="bbox 1883 2183 2339 2253; baseline 0 -1"><span class='ocrx_word' id='word_1_99' title='bbox 1883 2183 2144 2252; x_wconf 63' lang='lat' dir='ltr'><strong>carm·</strong></span> <span class='ocrx_word' id='word_1_100' title='bbox 2187 2184 2339 2253; x_wconf 90' lang='lat'>111.</span> 
     </span>
     <span class='ocr_line' id='line_1_15' title="bbox 1162 2322 3080 2412; baseline 0.004 -21"><span class='ocrx_word' id='word_1_101' title='bbox 1162 2322 1274 2393; x_wconf 78' lang='lat' dir='ltr'><strong>Do</strong></span> <span class='ocrx_word' id='word_1_102' title='bbox 1318 2323 1721 2394; x_wconf 67' lang='lat' dir='ltr'><strong>ordinariis</strong></span> <span class='ocrx_word' id='word_1_103' title='bbox 1766 2324 2240 2412; x_wconf 75' lang='lat' dir='ltr'><strong>Apostolicae</strong></span> <span class='ocrx_word' id='word_1_104' title='bbox 2283 2324 2499 2394; x_wconf 76' lang='lat' dir='ltr'><strong>Sedis</strong></span> <span class='ocrx_word' id='word_1_105' title='bbox 2557 2327 3080 2398; x_wconf 63' lang='lat' dir='ltr'><strong>tribunalibus.</strong></span> 
     </span>
    </p>
   </div>
   <div class='ocr_carea' id='block_1_10' title="bbox 1898 2523 2322 2593">
    <p class='ocr_par' dir='ltr' id='par_1_10' title="bbox 1898 2523 2322 2593">
     <span class='ocr_line' id='line_1_16' title="bbox 1898 2523 2322 2593; baseline -0.002 -1"><span class='ocrx_word' id='word_1_106' title='bbox 1898 2523 2076 2592; x_wconf 72' lang='lat' dir='ltr'><strong>cm.</strong></span> <span class='ocrx_word' id='word_1_107' title='bbox 2126 2524 2322 2593; x_wconf 86' lang='grc'><strong>1597.</strong></span> 
     </span>
    </p>
   </div>
   <div class='ocr_carea' id='block_1_11' title="bbox 622 2645 3629 2951">
    <p class='ocr_par' dir='ltr' id='par_1_11' title="bbox 622 2645 3629 2951">
     <span class='ocr_line' id='line_1_17' title="bbox 800 2645 3628 2732; baseline -0.001 -16"><span class='ocrx_word' id='word_1_108' title='bbox 800 2646 1180 2716; x_wconf 85' lang='lat' dir='ltr'><strong>Romanus</strong></span> <span class='ocrx_word' id='word_1_109' title='bbox 1203 2646 1553 2716; x_wconf 75' lang='lat' dir='ltr'><strong>Pontifex</strong></span> <span class='ocrx_word' id='word_1_110' title='bbox 1584 2666 1723 2732; x_wconf 85' lang='lat' dir='ltr'><strong>pro</strong></span> <span class='ocrx_word' id='word_1_111' title='bbox 1742 2650 1906 2716; x_wconf 91' lang='lat' dir='ltr'><strong>toto</strong></span> <span class='ocrx_word' id='word_1_112' title='bbox 1926 2647 2100 2716; x_wconf 85' lang='lat' dir='ltr'><strong>orbe</strong></span> <span class='ocrx_word' id='word_1_113' title='bbox 2122 2646 2492 2716; x_wconf 84' lang='lat' dir='ltr'><strong>catholico</strong></span> <span class='ocrx_word' id='word_1_114' title='bbox 2515 2647 2613 2715; x_wconf 91' lang='lat' dir='ltr'><strong>ad</strong></span> <span class='ocrx_word' id='word_1_115' title='bbox 2640 2664 2973 2715; x_wconf 86' lang='lat' dir='ltr'><strong>normam</strong></span> <span class='ocrx_word' id='word_1_116' title='bbox 3002 2663 3169 2715; x_wconf 87' lang='lat' dir='ltr'><strong>can.</strong></span> <span class='ocrx_word' id='word_1_117' title='bbox 3198 2645 3384 2715; x_wconf 80' lang='lat'>1569</span> <span class='ocrx_word' id='word_1_118' title='bbox 3410 2646 3628 2715; x_wconf 77' lang='lat' dir='ltr'><strong>iudex</strong></span> 
     </span>
     <span class='ocr_line' id='line_1_18' title="bbox 624 2753 3629 2841; baseline 0 -19"><span class='ocrx_word' id='word_1_119' title='bbox 624 2760 739 2822; x_wconf 89' lang='lat' dir='ltr'><strong>est</strong></span> <span class='ocrx_word' id='word_1_120' title='bbox 780 2772 1193 2839; x_wconf 87' lang='lat' dir='ltr'><strong>supremus,</strong></span> <span class='ocrx_word' id='word_1_121' title='bbox 1241 2756 1368 2840; x_wconf 85' lang='lat' dir='ltr'><strong>qui</strong></span> <span class='ocrx_word' id='word_1_122' title='bbox 1408 2757 1527 2823; x_wconf 83' lang='lat' dir='ltr'><strong>vel</strong></span> <span class='ocrx_word' id='word_1_123' title='bbox 1577 2755 1737 2840; x_wconf 87' lang='lat' dir='ltr'><strong>ipse</strong></span> <span class='ocrx_word' id='word_1_124' title='bbox 1779 2773 1914 2841; x_wconf 86' lang='lat' dir='ltr'><strong>per</strong></span> <span class='ocrx_word' id='word_1_125' title='bbox 1957 2773 2035 2823; x_wconf 88' lang='lat' dir='ltr'><strong>se</strong></span> <span class='ocrx_word' id='word_1_126' title='bbox 2087 2755 2207 2823; x_wconf 83' lang='lat' dir='ltr'><strong>ius</strong></span> <span class='ocrx_word' id='word_1_127' title='bbox 2248 2755 2459 2837; x_wconf 86' lang='lat' dir='ltr'><strong>dicit,</strong></span> <span class='ocrx_word' id='word_1_128' title='bbox 2512 2755 2632 2822; x_wconf 83' lang='lat' dir='ltr'><strong>vel</strong></span> <span class='ocrx_word' id='word_1_129' title='bbox 2672 2773 2805 2840; x_wconf 88' lang='lat' dir='ltr'><strong>per</strong></span> <span class='ocrx_word' id='word_1_130' title='bbox 2849 2753 3264 2824; x_wconf 84' lang='lat' dir='ltr'><strong>tribunalia</strong></span> <span class='ocrx_word' id='word_1_131' title='bbox 3305 2755 3415 2822; x_wconf 86' lang='lat' dir='ltr'><strong>ab</strong></span> <span class='ocrx_word' id='word_1_132' title='bbox 3473 2756 3629 2841; x_wconf 83' lang='lat' dir='ltr'><strong>ipso</strong></span> 
     </span>
     <span class='ocr_line' id='line_1_19' title="bbox 622 2861 2324 2951; baseline 0.001 -22"><span class='ocrx_word' id='word_1_133' title='bbox 622 2861 1059 2948; x_wconf 88' lang='lat' dir='ltr'><strong>constituta,</strong></span> <span class='ocrx_word' id='word_1_134' title='bbox 1095 2862 1210 2928; x_wconf 85' lang='lat' dir='ltr'><strong>vel</strong></span> <span class='ocrx_word' id='word_1_135' title='bbox 1244 2880 1377 2946; x_wconf 88' lang='lat' dir='ltr'><strong>per</strong></span> <span class='ocrx_word' id='word_1_136' title='bbox 1409 2862 1690 2931; x_wconf 84' lang='lat' dir='ltr'><strong>iudices</strong></span> <span class='ocrx_word' id='word_1_137' title='bbox 1731 2881 1776 2930; x_wconf 91' lang='lat' dir='ltr'><strong>a</strong></span> <span class='ocrx_word' id='word_1_138' title='bbox 1811 2881 1890 2931; x_wconf 90' lang='lat' dir='ltr'><strong>se</strong></span> <span class='ocrx_word' id='word_1_139' title='bbox 1926 2862 2324 2951; x_wconf 78' lang='lat' dir='ltr'><strong>delegatos.</strong></span> 
     </span>
    </p>
   </div>
   <div class='ocr_carea' id='block_1_12' title="bbox 1436 3107 2804 3174">
    <p class='ocr_par' dir='ltr' id='par_1_12' title="bbox 1436 3107 2804 3174">
     <span class='ocr_line' id='line_1_20' title="bbox 1436 3107 2804 3174; baseline -0.001 -1"><span class='ocrx_word' id='word_1_140' title='bbox 1436 3108 1603 3173; x_wconf 74' lang='lat' dir='ltr'><strong>Am.</strong></span> <span class='ocrx_word' id='word_1_141' title='bbox 1646 3108 1693 3172; x_wconf 90' lang='lat'><strong>1.</strong></span> <span class='ocrx_word' id='word_1_142' title='bbox 1737 3144 1812 3155; x_wconf 92' lang='lat'><em>-</em></span> <span class='ocrx_word' id='word_1_143' title='bbox 1857 3110 1958 3174; x_wconf 78' lang='lat' dir='ltr'><strong>Do</strong></span> <span class='ocrx_word' id='word_1_144' title='bbox 1996 3107 2215 3173; x_wconf 79' lang='lat' dir='ltr'><strong>Sacra</strong></span> <span class='ocrx_word' id='word_1_145' title='bbox 2252 3111 2570 3173; x_wconf 72' lang='lat' dir='ltr'><strong>Romana</strong></span> <span class='ocrx_word' id='word_1_146' title='bbox 2608 3110 2804 3173; x_wconf 71' lang='lat' dir='ltr'><strong>Rota.</strong></span> 
     </span>
    </p>
   </div>
   <div class='ocr_carea' id='block_1_13' title="bbox 1895 3279 2328 3348">
    <p class='ocr_par' dir='ltr' id='par_1_13' title="bbox 1895 3279 2328 3348">
     <span class='ocr_line' id='line_1_21' title="bbox 1895 3279 2328 3348; baseline 0 0"><span class='ocrx_word' id='word_1_147' title='bbox 1895 3279 2074 3348; x_wconf 77' lang='lat' dir='ltr'><strong>CAN·</strong></span> <span class='ocrx_word' id='word_1_148' title='bbox 2132 3280 2328 3348; x_wconf 88' lang='grc'><strong>1598.</strong></span> 
     </span>
    </p>
   </div>
   <div class='ocr_carea' id='block_1_14' title="bbox 615 3402 3624 4443">
    <p class='ocr_par' dir='ltr' id='par_1_14' title="bbox 618 3402 3624 3704">
     <span class='ocr_line' id='line_1_22' title="bbox 803 3402 3622 3489; baseline 0.001 -20"><span class='ocrx_word' id='word_1_149' title='bbox 803 3403 838 3486; x_wconf 67' lang='grc' dir='ltr'>ξ</span> <span class='ocrx_word' id='word_1_150' title='bbox 885 3404 952 3469; x_wconf 90' lang='grc'><strong>1.</strong></span> <span class='ocrx_word' id='word_1_151' title='bbox 1002 3402 1365 3471; x_wconf 82' lang='lat' dir='ltr'><strong>Tribunal·</strong></span> <span class='ocrx_word' id='word_1_152' title='bbox 1391 3403 1852 3472; x_wconf 83' lang='lat' dir='ltr'><strong>ordinarium</strong></span> <span class='ocrx_word' id='word_1_153' title='bbox 1889 3422 1936 3471; x_wconf 89' lang='lat' dir='ltr'><strong>a</strong></span> <span class='ocrx_word' id='word_1_154' title='bbox 1969 3404 2247 3472; x_wconf 80' lang='lat' dir='ltr'><strong>Sancta</strong></span> <span class='ocrx_word' id='word_1_155' title='bbox 2277 3403 2464 3472; x_wconf 85' lang='lat' dir='ltr'><strong>Sede</strong></span> <span class='ocrx_word' id='word_1_156' title='bbox 2487 3402 2978 3472; x_wconf 88' lang='lat' dir='ltr'><strong>constitutum</strong></span> <span class='ocrx_word' id='word_1_157' title='bbox 3009 3419 3148 3489; x_wconf 85' lang='lat' dir='ltr'><strong>pro</strong></span> <span class='ocrx_word' id='word_1_158' title='bbox 3179 3402 3622 3487; x_wconf 80' lang='lat' dir='ltr'><strong>appellatio</strong></span> 
     </span>
     <span class='ocr_line' id='line_1_23' title="bbox 623 3510 3624 3607; baseline 0.001 -30"><span class='ocrx_word' id='word_1_159' title='bbox 623 3511 841 3580; x_wconf 89' lang='lat' dir='ltr'><strong>nibus</strong></span> <span class='ocrx_word' id='word_1_160' title='bbox 883 3512 1326 3597; x_wconf 85' lang='lat' dir='ltr'><strong>recipiendis</strong></span> <span class='ocrx_word' id='word_1_161' title='bbox 1365 3516 1480 3581; x_wconf 91' lang='lat' dir='ltr'><strong>est</strong></span> <span class='ocrx_word' id='word_1_162' title='bbox 1524 3511 1754 3607; x_wconf 54' lang='lat' dir='ltr'><strong>Saena</strong></span> <span class='ocrx_word' id='word_1_163' title='bbox 1798 3512 1997 3581; x_wconf 83' lang='lat' dir='ltr'><strong>Rota</strong></span> <span class='ocrx_word' id='word_1_164' title='bbox 2036 3511 2396 3593; x_wconf 87' lang='lat' dir='ltr'><strong>Romana,</strong></span> <span class='ocrx_word' id='word_1_165' title='bbox 2455 3528 2643 3596; x_wconf 86' lang='lat' dir='ltr'><strong>quae</strong></span> <span class='ocrx_word' id='word_1_166' title='bbox 2684 3515 2801 3580; x_wconf 88' lang='lat' dir='ltr'><strong>est</strong></span> <span class='ocrx_word' id='word_1_167' title='bbox 2843 3510 3178 3578; x_wconf 86' lang='lat' dir='ltr'><strong>tribunal</strong></span> <span class='ocrx_word' id='word_1_168' title='bbox 3228 3511 3624 3597; x_wconf 80' lang='lat' dir='ltr'><strong>collegiale</strong></span> 
     </span>
     <span class='ocr_line' id='line_1_24' title="bbox 618 3618 3622 3704; baseline 0.001 -18"><span class='ocrx_word' id='word_1_169' title='bbox 618 3622 970 3687; x_wconf 81' lang='lat' dir='ltr'><strong>constans</strong></span> <span class='ocrx_word' id='word_1_170' title='bbox 996 3623 1201 3688; x_wconf 88' lang='lat' dir='ltr'><strong>certo</strong></span> <span class='ocrx_word' id='word_1_171' title='bbox 1238 3619 1685 3688; x_wconf 82' lang='lat' dir='ltr'><strong>Auditorum</strong></span> <span class='ocrx_word' id='word_1_172' title='bbox 1714 3637 2020 3689; x_wconf 87' lang='lat' dir='ltr'><strong>numero</strong></span> <span class='ocrx_word' id='word_1_173' title='bbox 2049 3620 2174 3688; x_wconf 90' lang='lat' dir='ltr'><strong>cui</strong></span> <span class='ocrx_word' id='word_1_174' title='bbox 2203 3618 2574 3704; x_wconf 83' lang='lat' dir='ltr'><strong>praesidet</strong></span> <span class='ocrx_word' id='word_1_175' title='bbox 2612 3619 2981 3702; x_wconf 86' lang='lat' dir='ltr'><strong>Decanus,</strong></span> <span class='ocrx_word' id='word_1_176' title='bbox 3015 3618 3143 3703; x_wconf 86' lang='lat' dir='ltr'><strong>qui</strong></span> <span class='ocrx_word' id='word_1_177' title='bbox 3181 3619 3490 3703; x_wconf 83' lang='lat' dir='ltr'><strong>primus</strong></span> <span class='ocrx_word' id='word_1_178' title='bbox 3518 3624 3622 3688; x_wconf 78' lang='lat' dir='ltr'><strong>est</strong></span> 
     </span>
    </p>

    <p class='ocr_par' dir='ltr' id='par_1_15' title="bbox 619 3725 3622 4133">
     <span class='ocr_line' id='line_1_25' title="bbox 1118 3725 1143 3761; baseline 0 0"><span class='ocrx_word' id='word_1_179' title='bbox 1118 3725 1143 3761; x_wconf 82' lang='lat'>1</span> 
     </span>
     <span class='ocr_line' id='line_1_26' title="bbox 619 3725 3622 3976; baseline 0.001 -77"><span class='ocrx_word' id='word_1_180' title='bbox 619 3725 831 3916; x_wconf 55' lang='lat' dir='ltr'>inte}</span> <span class='ocrx_word' id='word_1_181' title='bbox 857 3743 1075 3976; x_wconf 53' lang='grc' dir='ltr'>Ῑξῗῐῗ</span> <span class='ocrx_word' id='word_1_182' title='bbox 1094 3775 1512 3904; x_wconf 76' lang='lat' dir='ltr'><strong>sacerdotes</strong></span> <span class='ocrx_word' id='word_1_183' title='bbox 1542 3853 1701 3904; x_wconf 88' lang='lat' dir='ltr'><strong>esse</strong></span> <span class='ocrx_word' id='word_1_184' title='bbox 1724 3834 1996 3904; x_wconf 90' lang='lat' dir='ltr'><strong>debent</strong></span> <span class='ocrx_word' id='word_1_185' title='bbox 2027 3835 2287 3904; x_wconf 88' lang='lat' dir='ltr'><strong>laurea</strong></span> <span class='ocrx_word' id='word_1_186' title='bbox 2311 3834 2677 3904; x_wconf 84' lang='lat' dir='ltr'><strong>doctorali</strong></span> <span class='ocrx_word' id='word_1_187' title='bbox 2701 3835 2781 3903; x_wconf 89' lang='lat' dir='ltr'><strong>in</strong></span> <span class='ocrx_word' id='word_1_188' title='bbox 2809 3839 3125 3920; x_wconf 86' lang='lat' dir='ltr'><strong>utroque</strong></span> <span class='ocrx_word' id='word_1_189' title='bbox 3155 3834 3436 3903; x_wconf 72' lang='lat' dir='ltr'><strong>saltem</strong></span> <span class='ocrx_word' id='word_1_190' title='bbox 3466 3837 3622 3903; x_wconf 78' lang='lat' dir='ltr'><strong>iure</strong></span> 
     </span>
     <span class='ocr_line' id='line_1_27' title="bbox 620 3942 3047 4133; baseline -0.001 -14"><span class='ocrx_word' id='word_1_191' title='bbox 620 3942 947 4133; x_wconf 44' lang='lat' dir='ltr'><strong>praeglgl·</strong></span> <span class='ocrx_word' id='word_1_192' title='bbox 996 3988 1444 4119; x_wconf 47' lang='lat' dir='ltr'><strong>auditorum</strong></span> <span class='ocrx_word' id='word_1_193' title='bbox 1479 4051 1746 4120; x_wconf 88' lang='lat' dir='ltr'><strong>electio</strong></span> <span class='ocrx_word' id='word_1_194' title='bbox 1776 4049 2110 4121; x_wconf 84' lang='lat' dir='ltr'><strong>Romano</strong></span> <span class='ocrx_word' id='word_1_195' title='bbox 2146 4050 2494 4120; x_wconf 85' lang='lat' dir='ltr'><strong>Pontifici</strong></span> <span class='ocrx_word' id='word_1_196' title='bbox 2540 4054 2962 4120; x_wconf 84' lang='lat' dir='ltr'><strong>reservatur</strong></span> <span class='ocrx_word' id='word_1_197' title='bbox 2994 4048 3047 4116; x_wconf 84' lang='lat'><strong>⁸.</strong></span> 
     </span>
    </p>

    <p class='ocr_par' dir='ltr' id='par_1_16' title="bbox 615 4155 3618 4443">
     <span class='ocr_line' id='line_1_28' title="bbox 794 4155 3618 4245; baseline -0 -21"><span class='ocrx_word' id='word_1_198' title='bbox 794 4158 829 4241; x_wconf 69' lang='grc' dir='ltr'><strong>ξ</strong></span> <span class='ocrx_word' id='word_1_199' title='bbox 875 4160 942 4224; x_wconf 84' lang='grc'><strong>4.</strong></span> <span class='ocrx_word' id='word_1_200' title='bbox 996 4158 1227 4227; x_wconf 83' lang='lat' dir='ltr'><strong>Sacra</strong></span> <span class='ocrx_word' id='word_1_201' title='bbox 1265 4158 1463 4225; x_wconf 85' lang='lat' dir='ltr'><strong>Rota</strong></span> <span class='ocrx_word' id='word_1_202' title='bbox 1497 4158 1616 4226; x_wconf 90' lang='lat' dir='ltr'><strong>ius</strong></span> <span class='ocrx_word' id='word_1_203' title='bbox 1646 4158 1833 4227; x_wconf 87' lang='lat' dir='ltr'><strong>dicit</strong></span> <span class='ocrx_word' id='word_1_204' title='bbox 1869 4164 2006 4227; x_wconf 84' lang='lat' dir='ltr'><strong>a-ut</strong></span> <span class='ocrx_word' id='word_1_205' title='bbox 2037 4178 2170 4244; x_wconf 87' lang='lat' dir='ltr'><strong>per</strong></span> <span class='ocrx_word' id='word_1_206' title='bbox 2209 4159 2540 4245; x_wconf 82' lang='lat' dir='ltr'><strong>singulos</strong></span> <span class='ocrx_word' id='word_1_207' title='bbox 2570 4164 2834 4227; x_wconf 80' lang='lat' dir='ltr'><strong>tux-nos</strong></span> <span class='ocrx_word' id='word_1_208' title='bbox 2872 4156 3101 4225; x_wconf 89' lang='lat' dir='ltr'><strong>trium</strong></span> <span class='ocrx_word' id='word_1_209' title='bbox 3133 4155 3618 4231; x_wconf 83' lang='lat' dir='ltr'><strong>Auditorum.</strong></span> 
     </span>
     <span class='ocr_line' id='line_1_29' title="bbox 621 4263 3616 4353; baseline 0 -21"><span class='ocrx_word' id='word_1_210' title='bbox 621 4269 755 4333; x_wconf 92' lang='lat' dir='ltr'><strong>aut</strong></span> <span class='ocrx_word' id='word_1_211' title='bbox 793 4264 1218 4333; x_wconf 86' lang='lat' dir='ltr'><strong>videntibus</strong></span> <span class='ocrx_word' id='word_1_212' title='bbox 1254 4265 1618 4348; x_wconf 91' lang='lat' dir='ltr'><strong>omnibus,</strong></span> <span class='ocrx_word' id='word_1_213' title='bbox 1664 4266 1811 4333; x_wconf 89' lang='lat' dir='ltr'><strong>nisi</strong></span> <span class='ocrx_word' id='word_1_214' title='bbox 1849 4267 2072 4335; x_wconf 88' lang='lat' dir='ltr'><strong>aliter</strong></span> <span class='ocrx_word' id='word_1_215' title='bbox 2119 4287 2255 4353; x_wconf 88' lang='lat' dir='ltr'><strong>pro</strong></span> <span class='ocrx_word' id='word_1_216' title='bbox 2294 4267 2546 4352; x_wconf 87' lang='lat' dir='ltr'><strong>aliqua</strong></span> <span class='ocrx_word' id='word_1_217' title='bbox 2594 4283 2821 4333; x_wconf 84' lang='lat' dir='ltr'><strong>causa</strong></span> <span class='ocrx_word' id='word_1_218' title='bbox 2874 4265 3221 4334; x_wconf 82' lang='lat' dir='ltr'><strong>Summus</strong></span> <span class='ocrx_word' id='word_1_219' title='bbox 3261 4263 3616 4333; x_wconf 71' lang='lat' dir='ltr'><strong>Pontifex</strong></span> 
     </span>
     <span class='ocr_line' id='line_1_30' title="bbox 615 4371 1128 4443; baseline 0.01 -5"><span class='ocrx_word' id='word_1_220' title='bbox 615 4371 1032 4440; x_wconf 84' lang='lat' dir='ltr'><strong>constituat</strong></span> <span class='ocrx_word' id='word_1_221' title='bbox 1075 4374 1128 4443; x_wconf 82' lang='lat'><strong>⁴.</strong></span> 
     </span>
    </p>
   </div>
   <div class='ocr_carea' id='block_1_15' title="bbox 610 4515 3614 5031">
    <p class='ocr_par' dir='ltr' id='par_1_17' title="bbox 610 4515 3614 5031">
     <span class='ocr_line' id='line_1_31' title="bbox 1897 4515 2317 4584; baseline -0.005 0"><span class='ocrx_word' id='word_1_222' title='bbox 1897 4515 2073 4584; x_wconf 75' lang='lat' dir='ltr'>CAN.</span> <span class='ocrx_word' id='word_1_223' title='bbox 2120 4515 2317 4584; x_wconf 83' lang='lat'><strong>1599.</strong></span> 
     </span>
     <span class='ocr_line' id='line_1_32' title="bbox 795 4622 1827 4705; baseline 0 -16"><span class='ocrx_word' id='word_1_224' title='bbox 795 4623 829 4705; x_wconf 64' lang='grc' dir='ltr'><em>ἕ</em></span> <span class='ocrx_word' id='word_1_225' title='bbox 877 4623 943 4690; x_wconf 92' lang='grc'><strong>1.</strong></span> <span class='ocrx_word' id='word_1_226' title='bbox 997 4622 1228 4691; x_wconf 82' lang='lat' dir='ltr'><strong>Sacra</strong></span> <span class='ocrx_word' id='word_1_227' title='bbox 1265 4623 1461 4691; x_wconf 87' lang='lat' dir='ltr'><strong>Rota</strong></span> <span class='ocrx_word' id='word_1_228' title='bbox 1499 4622 1827 4692; x_wconf 88' lang='lat' dir='ltr'><strong>iudicat:</strong></span> 
     </span>
     <span class='ocr_line' id='line_1_33' title="bbox 877 4728 3614 4816; baseline 0.001 -20"><span class='ocrx_word' id='word_1_229' title='bbox 877 4732 975 4796; x_wconf 90' lang='lat'><strong>1.·</strong></span> <span class='ocrx_word' id='word_1_230' title='bbox 1018 4731 1111 4798; x_wconf 93' lang='lat' dir='ltr'><strong>In</strong></span> <span class='ocrx_word' id='word_1_231' title='bbox 1154 4731 1477 4799; x_wconf 87' lang='lat' dir='ltr'><strong>secunda</strong></span> <span class='ocrx_word' id='word_1_232' title='bbox 1517 4731 1884 4800; x_wconf 90' lang='lat' dir='ltr'><strong>instantia</strong></span> <span class='ocrx_word' id='word_1_233' title='bbox 1926 4749 2193 4800; x_wconf 89' lang='lat' dir='ltr'><strong>causas</strong></span> <span class='ocrx_word' id='word_1_234' title='bbox 2236 4749 2422 4816; x_wconf 89' lang='lat' dir='ltr'><strong>quae</strong></span> <span class='ocrx_word' id='word_1_235' title='bbox 2472 4750 2517 4799; x_wconf 98' lang='lat' dir='ltr'><strong>a</strong></span> <span class='ocrx_word' id='word_1_236' title='bbox 2561 4729 2989 4816; x_wconf 83' lang='lat' dir='ltr'><strong>quorumvis</strong></span> <span class='ocrx_word' id='word_1_237' title='bbox 3039 4728 3614 4799; x_wconf 80' lang='lat' dir='ltr'><strong>ordinariorum</strong></span> 
     </span>
     <span class='ocr_line' id='line_1_34' title="bbox 610 4836 3610 4925; baseline 0.001 -21"><span class='ocrx_word' id='word_1_238' title='bbox 610 4837 1121 4907; x_wconf 61' lang='lat' dir='ltr'><strong>‘tribunalibus</strong></span> <span class='ocrx_word' id='word_1_239' title='bbox 1172 4840 1252 4905; x_wconf 91' lang='lat' dir='ltr'><strong>in</strong></span> <span class='ocrx_word' id='word_1_240' title='bbox 1296 4840 1537 4924; x_wconf 85' lang='lat' dir='ltr'><strong>primo</strong></span> <span class='ocrx_word' id='word_1_241' title='bbox 1575 4839 1813 4925; x_wconf 78' lang='lat' dir='ltr'><strong>gradu</strong></span> <span class='ocrx_word' id='word_1_242' title='bbox 1853 4840 2308 4908; x_wconf 87' lang='lat' dir='ltr'><strong>diiudicatae</strong></span> <span class='ocrx_word' id='word_1_243' title='bbox 2351 4840 2636 4908; x_wconf 80' lang='lat' dir='ltr'><strong>fuerint</strong></span> <span class='ocrx_word' id='word_1_244' title='bbox 2678 4844 2754 4908; x_wconf 89' lang='lat' dir='ltr'><strong>et</strong></span> <span class='ocrx_word' id='word_1_245' title='bbox 2806 4838 2904 4906; x_wconf 90' lang='lat' dir='ltr'><strong>ad</strong></span> <span class='ocrx_word' id='word_1_246' title='bbox 2951 4837 3307 4907; x_wconf 82' lang='lat' dir='ltr'><strong>Sanctam</strong></span> <span class='ocrx_word' id='word_1_247' title='bbox 3354 4836 3610 4907; x_wconf 77' lang='lat' dir='ltr'><strong>sedem</strong></span> 
     </span>
     <span class='ocr_line' id='line_1_35' title="bbox 619 4943 2301 5031; baseline 0 -18"><span class='ocrx_word' id='word_1_248' title='bbox 619 4961 752 5027; x_wconf 88' lang='lat' dir='ltr'><strong>per</strong></span> <span class='ocrx_word' id='word_1_249' title='bbox 790 4943 1361 5029; x_wconf 79' lang='lat' dir='ltr'><strong>appellationem</strong></span> <span class='ocrx_word' id='word_1_250' title='bbox 1398 4946 1802 5031; x_wconf 80' lang='lat' dir='ltr'><strong>legitimam</strong></span> <span class='ocrx_word' id='word_1_251' title='bbox 1843 4947 2301 5030; x_wconf 78' lang='lat' dir='ltr'><strong>deferantur3</strong></span> 
     </span>
    </p>
   </div>
   <div class='ocr_carea' id='block_1_16' title="bbox 794 5190 3535 5529">
    <p class='ocr_par' dir='ltr' id='par_1_18' title="bbox 794 5190 3535 5529">
     <span class='ocr_line' id='line_1_36' title="bbox 802 5190 3535 5257; baseline -0.002 -10"><span class='ocrx_word' id='word_1_252' title='bbox 802 5194 821 5230; x_wconf 88' lang='lat'><em>¹</em></span> <span class='ocrx_word' id='word_1_253' title='bbox 859 5195 983 5247; x_wconf 82' lang='lat' dir='ltr'><strong>Lex</strong></span> <span class='ocrx_word' id='word_1_254' title='bbox 1009 5195 1244 5256; x_wconf 80' lang='lat' dir='ltr'><strong>propria</strong></span> <span class='ocrx_word' id='word_1_255' title='bbox 1277 5194 1335 5248; x_wconf 80' lang='lat' dir='ltr'><strong>S.</strong></span> <span class='ocrx_word' id='word_1_256' title='bbox 1365 5196 1436 5247; x_wconf 85' lang='lat' dir='ltr'><strong>R.</strong></span> <span class='ocrx_word' id='word_1_257' title='bbox 1475 5194 1666 5249; x_wconf 80' lang='lat' dir='ltr'><strong>Rotae</strong></span> <span class='ocrx_word' id='word_1_258' title='bbox 1692 5199 1758 5249; x_wconf 90' lang='lat' dir='ltr'><strong>et</strong></span> <span class='ocrx_word' id='word_1_259' title='bbox 1788 5192 2146 5257; x_wconf 69' lang='lat' dir='ltr'><strong>signaturae‘</strong></span> <span class='ocrx_word' id='word_1_260' title='bbox 2171 5196 2302 5256; x_wconf 78' lang='grc' dir='ltr'><strong>Δρ..</strong></span> <span class='ocrx_word' id='word_1_261' title='bbox 2331 5194 2398 5248; x_wconf 84' lang='grc'><strong>29</strong></span> <span class='ocrx_word' id='word_1_262' title='bbox 2423 5194 2547 5247; x_wconf 81' lang='lat' dir='ltr'><strong>lun.</strong></span> <span class='ocrx_word' id='word_1_263' title='bbox 2576 5193 2726 5254; x_wconf 66' lang='lat' dir='ltr'><strong>lom,</strong></span> <span class='ocrx_word' id='word_1_264' title='bbox 2762 5204 2894 5245; x_wconf 82' lang='lat' dir='ltr'><strong>can.</strong></span> <span class='ocrx_word' id='word_1_265' title='bbox 2926 5193 2977 5254; x_wconf 88' lang='lat'><strong>1,</strong></span> <span class='ocrx_word' id='word_1_266' title='bbox 3011 5191 3039 5253; x_wconf 63' lang='grc' dir='ltr'><strong>ί</strong></span> <span class='ocrx_word' id='word_1_267' title='bbox 3077 5192 3129 5252; x_wconf 91' lang='grc'><strong>1.</strong></span> <span class='ocrx_word' id='word_1_268' title='bbox 3158 5201 3296 5243; x_wconf 76' lang='lat' dir='ltr'><strong>can.</strong></span> <span class='ocrx_word' id='word_1_269' title='bbox 3331 5190 3386 5251; x_wconf 70' lang='lat'><strong>2,</strong></span> <span class='ocrx_word' id='word_1_270' title='bbox 3422 5192 3455 5254; x_wconf 63' lang='grc' dir='ltr'>ξ</span> <span class='ocrx_word' id='word_1_271' title='bbox 3485 5195 3535 5245; x_wconf 89' lang='grc'><strong>1.</strong></span> 
     </span>
     <span class='ocr_line' id='line_1_37' title="bbox 794 5279 3138 5347; baseline -0.002 -9"><span class='ocrx_word' id='word_1_272' title='bbox 794 5292 819 5326; x_wconf 81' lang='lat'>²</span> <span class='ocrx_word' id='word_1_273' title='bbox 860 5285 983 5338; x_wconf 80' lang='lat' dir='ltr'><strong>Lex</strong></span> <span class='ocrx_word' id='word_1_274' title='bbox 1011 5286 1248 5346; x_wconf 78' lang='lat' dir='ltr'><strong>propria</strong></span> <span class='ocrx_word' id='word_1_275' title='bbox 1283 5284 1340 5337; x_wconf 84' lang='lat' dir='ltr'><strong>S.</strong></span> <span class='ocrx_word' id='word_1_276' title='bbox 1374 5285 1444 5337; x_wconf 79' lang='grc' dir='ltr'><strong>Β.</strong></span> <span class='ocrx_word' id='word_1_277' title='bbox 1483 5285 1674 5338; x_wconf 80' lang='lat' dir='ltr'><strong>Rotae</strong></span> <span class='ocrx_word' id='word_1_278' title='bbox 1700 5289 1764 5339; x_wconf 88' lang='lat' dir='ltr'><strong>et</strong></span> <span class='ocrx_word' id='word_1_279' title='bbox 1794 5284 2149 5347; x_wconf 73' lang='lat' dir='ltr'><strong>signaturae</strong></span> <span class='ocrx_word' id='word_1_280' title='bbox 2184 5286 2316 5347; x_wconf 78' lang='lat' dir='ltr'><strong>Ap..</strong></span> <span class='ocrx_word' id='word_1_281' title='bbox 2344 5284 2411 5338; x_wconf 84' lang='grc'><strong>29</strong></span> <span class='ocrx_word' id='word_1_282' title='bbox 2440 5286 2562 5337; x_wconf 81' lang='lat' dir='ltr'><strong>lun.</strong></span> <span class='ocrx_word' id='word_1_283' title='bbox 2593 5283 2742 5345; x_wconf 82' lang='grc'><strong>1908.</strong></span> <span class='ocrx_word' id='word_1_284' title='bbox 2770 5294 2901 5336; x_wconf 74' lang='grc' dir='ltr'><strong>σιω.</strong></span> <span class='ocrx_word' id='word_1_285' title='bbox 2934 5284 2986 5343; x_wconf 87' lang='grc'><strong>1.</strong></span> <span class='ocrx_word' id='word_1_286' title='bbox 3022 5281 3050 5343; x_wconf 66' lang='grc'><strong>1</strong></span> <span class='ocrx_word' id='word_1_287' title='bbox 3087 5279 3138 5333; x_wconf 83' lang='grc'><strong>2.</strong></span> 
     </span>
     <span class='ocr_line' id='line_1_38' title="bbox 797 5372 3119 5438; baseline -0.002 -10"><span class='ocrx_word' id='word_1_288' title='bbox 797 5376 824 5413; x_wconf 78' lang='lat'><strong>³</strong></span> <span class='ocrx_word' id='word_1_289' title='bbox 860 5376 984 5428; x_wconf 75' lang='lat' dir='ltr'><strong>Lex</strong></span> <span class='ocrx_word' id='word_1_290' title='bbox 1010 5376 1247 5438; x_wconf 77' lang='lat' dir='ltr'><strong>propria</strong></span> <span class='ocrx_word' id='word_1_291' title='bbox 1276 5376 1336 5429; x_wconf 84' lang='lat' dir='ltr'><strong>S.</strong></span> <span class='ocrx_word' id='word_1_292' title='bbox 1370 5375 1440 5428; x_wconf 79' lang='grc' dir='ltr'><strong>Β.</strong></span> <span class='ocrx_word' id='word_1_293' title='bbox 1472 5375 1662 5429; x_wconf 80' lang='lat' dir='ltr'><strong>Rotae</strong></span> <span class='ocrx_word' id='word_1_294' title='bbox 1686 5379 1750 5429; x_wconf 88' lang='lat' dir='ltr'><strong>et</strong></span> <span class='ocrx_word' id='word_1_295' title='bbox 1779 5375 2136 5437; x_wconf 72' lang='lat' dir='ltr'><strong>signaturae</strong></span> <span class='ocrx_word' id='word_1_296' title='bbox 2162 5376 2293 5436; x_wconf 79' lang='lat' dir='ltr'><strong>Ap..</strong></span> <span class='ocrx_word' id='word_1_297' title='bbox 2324 5375 2389 5428; x_wconf 83' lang='grc'><strong>29</strong></span> <span class='ocrx_word' id='word_1_298' title='bbox 2420 5375 2541 5427; x_wconf 82' lang='lat' dir='ltr'><strong>iun.</strong></span> <span class='ocrx_word' id='word_1_299' title='bbox 2571 5373 2721 5435; x_wconf 83' lang='grc'><strong>1908.</strong></span> <span class='ocrx_word' id='word_1_300' title='bbox 2750 5383 2881 5425; x_wconf 84' lang='lat' dir='ltr'><strong>can.</strong></span> <span class='ocrx_word' id='word_1_301' title='bbox 2920 5374 2971 5433; x_wconf 86' lang='lat'><strong>1.</strong></span> <span class='ocrx_word' id='word_1_302' title='bbox 3010 5372 3038 5434; x_wconf 65' lang='grc' dir='ltr'><strong>ς</strong></span> <span class='ocrx_word' id='word_1_303' title='bbox 3066 5372 3119 5425; x_wconf 93' lang='grc'><strong>1.</strong></span> 
     </span>
     <span class='ocr_line' id='line_1_39' title="bbox 794 5462 3128 5529; baseline -0.003 -9"><span class='ocrx_word' id='word_1_304' title='bbox 794 5470 825 5507; x_wconf 72' lang='lat'>⁸</span> <span class='ocrx_word' id='word_1_305' title='bbox 861 5468 985 5520; x_wconf 75' lang='lat' dir='ltr'><strong>Lex</strong></span> <span class='ocrx_word' id='word_1_306' title='bbox 1019 5468 1256 5529; x_wconf 75' lang='lat' dir='ltr'><strong>propria</strong></span> <span class='ocrx_word' id='word_1_307' title='bbox 1289 5466 1329 5521; x_wconf 78' lang='lat' dir='ltr'>S</span> <span class='ocrx_word' id='word_1_308' title='bbox 1377 5467 1447 5519; x_wconf 82' lang='lat' dir='ltr'><strong>B.</strong></span> <span class='ocrx_word' id='word_1_309' title='bbox 1478 5466 1669 5520; x_wconf 78' lang='lat' dir='ltr'><strong>Rotae</strong></span> <span class='ocrx_word' id='word_1_310' title='bbox 1701 5470 1764 5520; x_wconf 92' lang='lat' dir='ltr'><strong>et</strong></span> <span class='ocrx_word' id='word_1_311' title='bbox 1800 5465 2157 5529; x_wconf 72' lang='lat' dir='ltr'><strong>signaturae</strong></span> <span class='ocrx_word' id='word_1_312' title='bbox 2183 5466 2314 5528; x_wconf 78' lang='lat' dir='ltr'><strong>Ap..</strong></span> <span class='ocrx_word' id='word_1_313' title='bbox 2343 5462 2410 5518; x_wconf 80' lang='grc'><strong>29</strong></span> <span class='ocrx_word' id='word_1_314' title='bbox 2441 5467 2562 5518; x_wconf 84' lang='lat' dir='ltr'><strong>lun.</strong></span> <span class='ocrx_word' id='word_1_315' title='bbox 2594 5463 2744 5526; x_wconf 83' lang='grc'><strong>1908.</strong></span> <span class='ocrx_word' id='word_1_316' title='bbox 2773 5474 2903 5515; x_wconf 82' lang='lat' dir='ltr'><strong>can.</strong></span> <span class='ocrx_word' id='word_1_317' title='bbox 2935 5464 2986 5524; x_wconf 86' lang='lat'><strong>1.</strong></span> <span class='ocrx_word' id='word_1_318' title='bbox 3018 5462 3046 5524; x_wconf 63' lang='grc' dir='ltr'><strong>ί</strong></span> <span class='ocrx_word' id='word_1_319' title='bbox 3075 5462 3128 5515; x_wconf 93' lang='grc'><strong>1.</strong></span> 
     </span>
    </p>
   </div>
  </div>
 </body>
</html>
