<?xml version="1.0" encoding="UTF-8"?>
<!DOCTYPE html PUBLIC "-//W3C//DTD XHTML 1.0 Transitional//EN"
    "http://www.w3.org/TR/xhtml1/DTD/xhtml1-transitional.dtd">
<html xmlns="http://www.w3.org/1999/xhtml" xml:lang="en" lang="en">
 <head>
  <title>
</title>
<meta http-equiv="Content-Type" content="text/html;charset=utf-8" />
  <meta name='ocr-system' content='tesseract 3.04.00' />
  <meta name='ocr-capabilities' content='ocr_page ocr_carea ocr_par ocr_line ocrx_word'/>
</head>
<body>
  <div class='ocr_page' id='page_1' title='image "./codexiuriscanon00xgoog_0499.png"; bbox 0 0 3753 5871; ppageno 0'>
   <div class='ocr_carea' id='block_1_1' title="bbox 1321 237 3238 298">
    <p class='ocr_par' dir='ltr' id='par_1_1' title="bbox 1321 237 3238 298">
     <span class='ocr_line' id='line_1_1' title="bbox 1321 237 3238 298; baseline -0.001 -8"><span class='ocrx_word' id='word_1_1' title='bbox 1321 239 1499 290; x_wconf 71' lang='lat' dir='ltr'><strong>Liber</strong></span> <span class='ocrx_word' id='word_1_2' title='bbox 1526 237 1763 288; x_wconf 65' lang='lat' dir='ltr'><strong>Tertius</strong></span> <span class='ocrx_word' id='word_1_3' title='bbox 1791 264 1811 275; x_wconf 92' lang='lat'><strong>·</strong></span> <span class='ocrx_word' id='word_1_4' title='bbox 1839 238 1930 290; x_wconf 74' lang='lat' dir='ltr'><strong>De</strong></span> <span class='ocrx_word' id='word_1_5' title='bbox 1958 237 2155 288; x_wconf 64' lang='lat' dir='ltr'><strong>Rebus</strong></span> <span class='ocrx_word' id='word_1_6' title='bbox 3133 239 3238 298; x_wconf 67' lang='lat'><strong>447</strong></span> 
     </span>
    </p>
   </div>
   <div class='ocr_carea' id='block_1_2' title="bbox 1507 458 1932 526">
    <p class='ocr_par' dir='ltr' id='par_1_2' title="bbox 1507 458 1932 526">
     <span class='ocr_line' id='line_1_2' title="bbox 1507 458 1932 526; baseline -0.005 0"><span class='ocrx_word' id='word_1_7' title='bbox 1507 458 1685 526; x_wconf 70' lang='lat' dir='ltr'><strong>om.</strong></span> <span class='ocrx_word' id='word_1_8' title='bbox 1735 458 1932 524; x_wconf 85' lang='lat'>1535.</span> 
     </span>
    </p>
   </div>
   <div class='ocr_carea' id='block_1_3' title="bbox 235 581 3240 1186">
    <p class='ocr_par' dir='ltr' id='par_1_3' title="bbox 235 581 3240 1095">
     <span class='ocr_line' id='line_1_3' title="bbox 423 581 3238 652; baseline 0.001 -5"><span class='ocrx_word' id='word_1_9' title='bbox 423 581 757 650; x_wconf 85' lang='lat' dir='ltr'><strong>Praelati</strong></span> <span class='ocrx_word' id='word_1_10' title='bbox 787 586 866 650; x_wconf 90' lang='lat' dir='ltr'><strong>et</strong></span> <span class='ocrx_word' id='word_1_11' title='bbox 904 586 1225 649; x_wconf 83' lang='lat' dir='ltr'><strong>rectores</strong></span> <span class='ocrx_word' id='word_1_12' title='bbox 1255 581 1347 650; x_wconf 92' lang='lat' dir='ltr'><strong>de</strong></span> <span class='ocrx_word' id='word_1_13' title='bbox 1378 582 1591 649; x_wconf 90' lang='lat' dir='ltr'><strong>bonis</strong></span> <span class='ocrx_word' id='word_1_14' title='bbox 1625 581 2021 650; x_wconf 79' lang='lat' dir='ltr'>mobilibus</span> <span class='ocrx_word' id='word_1_15' title='bbox 2051 600 2354 649; x_wconf 85' lang='lat' dir='ltr'><strong>suarum</strong></span> <span class='ocrx_word' id='word_1_16' title='bbox 2387 581 3238 652; x_wconf 79' lang='lat' dir='ltr'><strong>ecclesiarum-donatio-</strong></span> 
     </span>
     <span class='ocr_line' id='line_1_4' title="bbox 239 689 3240 776; baseline 0.001 -23"><span class='ocrx_word' id='word_1_17' title='bbox 239 706 402 774; x_wconf 86' lang='lat' dir='ltr'><strong>nes,</strong></span> <span class='ocrx_word' id='word_1_18' title='bbox 448 694 965 774; x_wconf 79' lang='lat' dir='ltr'><strong>praeterquam</strong></span> <span class='ocrx_word' id='word_1_19' title='bbox 1002 706 1273 773; x_wconf 82' lang='lat' dir='ltr'><strong>parvas</strong></span> <span class='ocrx_word' id='word_1_20' title='bbox 1315 694 1391 757; x_wconf 93' lang='lat' dir='ltr'><strong>et</strong></span> <span class='ocrx_word' id='word_1_21' title='bbox 1427 689 1753 757; x_wconf 86' lang='lat' dir='ltr'><strong>modicas</strong></span> <span class='ocrx_word' id='word_1_22' title='bbox 1788 690 2190 757; x_wconf 89' lang='lat' dir='ltr'><strong>secundum</strong></span> <span class='ocrx_word' id='word_1_23' title='bbox 2226 690 2632 776; x_wconf 82' lang='lat' dir='ltr'><strong>legitimam</strong></span> <span class='ocrx_word' id='word_1_24' title='bbox 2669 691 2814 758; x_wconf 91' lang='lat' dir='ltr'><strong>loci</strong></span> <span class='ocrx_word' id='word_1_25' title='bbox 2849 695 3240 759; x_wconf 76' lang='lat' dir='ltr'><strong>consuetu-</strong></span> 
     </span>
     <span class='ocr_line' id='line_1_5' title="bbox 235 796 3238 882; baseline 0 -18"><span class='ocrx_word' id='word_1_26' title='bbox 235 796 517 879; x_wconf 84' lang='lat' dir='ltr'><strong>dinem,</strong></span> <span class='ocrx_word' id='word_1_27' title='bbox 562 796 809 865; x_wconf 82' lang='lat' dir='ltr'><strong>facere</strong></span> <span class='ocrx_word' id='word_1_28' title='bbox 849 815 940 865; x_wconf 91' lang='lat' dir='ltr'><strong>ne</strong></span> <span class='ocrx_word' id='word_1_29' title='bbox 980 802 1484 882; x_wconf 89' lang='lat' dir='ltr'><strong>praesumant,</strong></span> <span class='ocrx_word' id='word_1_30' title='bbox 1534 798 1678 864; x_wconf 92' lang='lat' dir='ltr'><strong>nisi</strong></span> <span class='ocrx_word' id='word_1_31' title='bbox 1720 798 1923 865; x_wconf 84' lang='lat' dir='ltr'><strong>iusta</strong></span> <span class='ocrx_word' id='word_1_32' title='bbox 1974 799 2510 866; x_wconf 82' lang='lat' dir='ltr'><strong>interveniente</strong></span> <span class='ocrx_word' id='word_1_33' title='bbox 2552 816 2781 866; x_wconf 88' lang='lat' dir='ltr'><strong>causa</strong></span> <span class='ocrx_word' id='word_1_34' title='bbox 2821 817 3238 867; x_wconf 81' lang='lat' dir='ltr'><strong>remunera-</strong></span> 
     </span>
     <span class='ocr_line' id='line_1_6' title="bbox 237 904 3239 990; baseline 0.001 -19"><span class='ocrx_word' id='word_1_35' title='bbox 237 904 475 971; x_wconf 79' lang='lat' dir='ltr'><strong>tionis</strong></span> <span class='ocrx_word' id='word_1_36' title='bbox 498 909 636 971; x_wconf 85' lang='lat' dir='ltr'><strong>aut</strong></span> <span class='ocrx_word' id='word_1_37' title='bbox 662 904 968 987; x_wconf 89' lang='lat' dir='ltr'><strong>pietatis</strong></span> <span class='ocrx_word' id='word_1_38' title='bbox 995 909 1132 973; x_wconf 83' lang='lat' dir='ltr'><strong>aut</strong></span> <span class='ocrx_word' id='word_1_39' title='bbox 1162 905 1614 973; x_wconf 76' lang='lat' dir='ltr'><strong>christianae</strong></span> <span class='ocrx_word' id='word_1_40' title='bbox 1640 905 2006 990; x_wconf 85' lang='lat' dir='ltr'><strong>caritatis3</strong></span> <span class='ocrx_word' id='word_1_41' title='bbox 2043 924 2252 973; x_wconf 84' lang='lat' dir='ltr'><strong>secus</strong></span> <span class='ocrx_word' id='word_1_42' title='bbox 2277 906 2584 975; x_wconf 90' lang='lat' dir='ltr'><strong>donatio</strong></span> <span class='ocrx_word' id='word_1_43' title='bbox 2617 926 2667 973; x_wconf 84' lang='lat' dir='ltr'><strong>a</strong></span> <span class='ocrx_word' id='word_1_44' title='bbox 2694 907 3239 975; x_wconf 90' lang='lat' dir='ltr'><strong>successoribus</strong></span> 
     </span>
     <span class='ocr_line' id='line_1_7' title="bbox 238 1010 979 1095; baseline 0.001 -18"><span class='ocrx_word' id='word_1_45' title='bbox 238 1011 576 1078; x_wconf 80' lang='lat' dir='ltr'><strong>revocari</strong></span> <span class='ocrx_word' id='word_1_46' title='bbox 614 1010 895 1095; x_wconf 89' lang='lat' dir='ltr'><strong>poterit</strong></span> <span class='ocrx_word' id='word_1_47' title='bbox 930 1010 979 1078; x_wconf 89' lang='lat'><strong>¹.</strong></span> 
     </span>
    </p>

    <p class='ocr_par' dir='ltr' id='par_1_4' title="bbox 1530 1118 1956 1186">
     <span class='ocr_line' id='line_1_8' title="bbox 1530 1118 1956 1186; baseline 0 0"><span class='ocrx_word' id='word_1_48' title='bbox 1530 1118 1707 1186; x_wconf 72' lang='lat' dir='ltr'><strong>CAN·</strong></span> <span class='ocrx_word' id='word_1_49' title='bbox 1758 1118 1956 1186; x_wconf 83' lang='grc'><strong>1536.</strong></span> 
     </span>
    </p>
   </div>
   <div class='ocr_carea' id='block_1_4' title="bbox 236 1240 3239 1433">
    <p class='ocr_par' dir='ltr' id='par_1_5' title="bbox 236 1240 3239 1433">
     <span class='ocr_line' id='line_1_9' title="bbox 426 1240 3239 1327; baseline 0.001 -21"><span class='ocrx_word' id='word_1_50' title='bbox 426 1240 460 1324; x_wconf 65' lang='lat' dir='ltr'>g</span> <span class='ocrx_word' id='word_1_51' title='bbox 507 1242 573 1307; x_wconf 85' lang='lat'><strong>1.</strong></span> <span class='ocrx_word' id='word_1_52' title='bbox 624 1242 792 1308; x_wconf 85' lang='lat' dir='ltr'><strong>Nisi</strong></span> <span class='ocrx_word' id='word_1_53' title='bbox 846 1242 1305 1309; x_wconf 90' lang='lat' dir='ltr'><strong>contrarium</strong></span> <span class='ocrx_word' id='word_1_54' title='bbox 1364 1243 1743 1326; x_wconf 80' lang='lat' dir='ltr'>probetur,</span> <span class='ocrx_word' id='word_1_55' title='bbox 1801 1242 2416 1327; x_wconf 86' lang='lat' dir='ltr'><strong>praesumendum</strong></span> <span class='ocrx_word' id='word_1_56' title='bbox 2478 1261 2564 1310; x_wconf 83' lang='lat' dir='ltr'><strong>ea</strong></span> <span class='ocrx_word' id='word_1_57' title='bbox 2624 1261 2809 1327; x_wconf 88' lang='lat' dir='ltr'><strong>quae</strong></span> <span class='ocrx_word' id='word_1_58' title='bbox 2861 1243 3239 1311; x_wconf 83' lang='lat' dir='ltr'><strong>donantur</strong></span> 
     </span>
     <span class='ocr_line' id='line_1_10' title="bbox 236 1348 3011 1433; baseline 0.001 -17"><span class='ocrx_word' id='word_1_59' title='bbox 236 1350 657 1416; x_wconf 84' lang='lat' dir='ltr'><strong>rectoribus</strong></span> <span class='ocrx_word' id='word_1_60' title='bbox 687 1349 1187 1431; x_wconf 87' lang='lat' dir='ltr'><strong>ecclesiarum,</strong></span> <span class='ocrx_word' id='word_1_61' title='bbox 1230 1350 1456 1417; x_wconf 87' lang='lat' dir='ltr'><strong>etiam</strong></span> <span class='ocrx_word' id='word_1_62' title='bbox 1489 1350 2026 1433; x_wconf 86' lang='lat' dir='ltr'><strong>religiosorum,</strong></span> <span class='ocrx_word' id='word_1_63' title='bbox 2069 1369 2226 1418; x_wconf 85' lang='lat' dir='ltr'><strong>esse</strong></span> <span class='ocrx_word' id='word_1_64' title='bbox 2258 1350 2607 1419; x_wconf 87' lang='lat' dir='ltr'><strong>ecclesiae</strong></span> <span class='ocrx_word' id='word_1_65' title='bbox 2646 1351 2923 1419; x_wconf 90' lang='lat' dir='ltr'><strong>donata</strong></span> <span class='ocrx_word' id='word_1_66' title='bbox 2956 1348 3011 1418; x_wconf 80' lang='lat'><strong>².</strong></span> 
     </span>
    </p>
   </div>
   <div class='ocr_carea' id='block_1_5' title="bbox 239 1456 3239 1649">
    <p class='ocr_par' dir='ltr' id='par_1_6' title="bbox 239 1456 3239 1649">
     <span class='ocr_line' id='line_1_11' title="bbox 428 1456 3239 1545; baseline 0.002 -23"><span class='ocrx_word' id='word_1_67' title='bbox 428 1457 462 1538; x_wconf 67' lang='grc' dir='ltr'><strong>ξ</strong></span> <span class='ocrx_word' id='word_1_68' title='bbox 508 1456 576 1523; x_wconf 88' lang='grc'><strong>2.</strong></span> <span class='ocrx_word' id='word_1_69' title='bbox 627 1458 952 1526; x_wconf 88' lang='lat' dir='ltr'><strong>Donatio</strong></span> <span class='ocrx_word' id='word_1_70' title='bbox 988 1460 1192 1525; x_wconf 77' lang='lat' dir='ltr'><strong>sacta</strong></span> <span class='ocrx_word' id='word_1_71' title='bbox 1222 1458 1596 1541; x_wconf 87' lang='lat' dir='ltr'><strong>ecclesiae,</strong></span> <span class='ocrx_word' id='word_1_72' title='bbox 1636 1459 1730 1525; x_wconf 91' lang='lat' dir='ltr'><strong>ab</strong></span> <span class='ocrx_word' id='word_1_73' title='bbox 1761 1459 1922 1526; x_wconf 93' lang='lat' dir='ltr'><strong>eius</strong></span> <span class='ocrx_word' id='word_1_74' title='bbox 1953 1464 2235 1527; x_wconf 92' lang='lat' dir='ltr'><strong>rectore</strong></span> <span class='ocrx_word' id='word_1_75' title='bbox 2269 1478 2397 1526; x_wconf 90' lang='lat' dir='ltr'><strong>seu</strong></span> <span class='ocrx_word' id='word_1_76' title='bbox 2432 1460 2827 1544; x_wconf 72' lang='lat' dir='ltr'><strong>superiore</strong></span> <span class='ocrx_word' id='word_1_77' title='bbox 2859 1459 3239 1545; x_wconf 87' lang='lat' dir='ltr'><strong>repudiari</strong></span> 
     </span>
     <span class='ocr_line' id='line_1_12' title="bbox 239 1564 1481 1649; baseline 0.003 -21"><span class='ocrx_word' id='word_1_78' title='bbox 239 1565 506 1649; x_wconf 89' lang='lat' dir='ltr'><strong>nequit</strong></span> <span class='ocrx_word' id='word_1_79' title='bbox 540 1566 700 1634; x_wconf 92' lang='lat' dir='ltr'><strong>sine</strong></span> <span class='ocrx_word' id='word_1_80' title='bbox 735 1564 1038 1632; x_wconf 90' lang='lat' dir='ltr'><strong>licentia</strong></span> <span class='ocrx_word' id='word_1_81' title='bbox 1073 1565 1481 1634; x_wconf 87' lang='lat' dir='ltr'><strong>Ordinarii.</strong></span> 
     </span>
    </p>
   </div>
   <div class='ocr_carea' id='block_1_6' title="bbox 233 1672 3242 1868">
    <p class='ocr_par' dir='ltr' id='par_1_7' title="bbox 233 1672 3242 1868">
     <span class='ocr_line' id='line_1_13' title="bbox 427 1672 3242 1761; baseline 0.001 -20"><span class='ocrx_word' id='word_1_82' title='bbox 427 1673 462 1756; x_wconf 67' lang='grc' dir='ltr'>ἓ</span> <span class='ocrx_word' id='word_1_83' title='bbox 507 1672 576 1741; x_wconf 86' lang='grc'><strong>3.</strong></span> <span class='ocrx_word' id='word_1_84' title='bbox 624 1673 1045 1759; x_wconf 86' lang='lat' dir='ltr'><strong>Repudiata</strong></span> <span class='ocrx_word' id='word_1_85' title='bbox 1076 1674 1461 1760; x_wconf 83' lang='lat' dir='ltr'><strong>illegitime</strong></span> <span class='ocrx_word' id='word_1_86' title='bbox 1491 1675 1914 1758; x_wconf 81' lang='lat' dir='ltr'><strong>donatione,</strong></span> <span class='ocrx_word' id='word_1_87' title='bbox 1952 1677 2043 1744; x_wconf 91' lang='lat' dir='ltr'><strong>ob</strong></span> <span class='ocrx_word' id='word_1_88' title='bbox 2073 1676 2346 1744; x_wconf 87' lang='lat' dir='ltr'><strong>damna</strong></span> <span class='ocrx_word' id='word_1_89' title='bbox 2380 1694 2565 1761; x_wconf 87' lang='lat' dir='ltr'><strong>quae</strong></span> <span class='ocrx_word' id='word_1_90' title='bbox 2603 1676 2776 1745; x_wconf 91' lang='lat' dir='ltr'><strong>inde</strong></span> <span class='ocrx_word' id='word_1_91' title='bbox 2808 1676 3242 1745; x_wconf 82' lang='lat' dir='ltr'><strong>obvenerint</strong></span> 
     </span>
     <span class='ocr_line' id='line_1_14' title="bbox 233 1780 2507 1868; baseline 0.001 -21"><span class='ocrx_word' id='word_1_92' title='bbox 233 1781 444 1848; x_wconf 78' lang='lat' dir='ltr'><strong>actio</strong></span> <span class='ocrx_word' id='word_1_93' title='bbox 486 1780 713 1848; x_wconf 92' lang='lat' dir='ltr'><strong>datur</strong></span> <span class='ocrx_word' id='word_1_94' title='bbox 757 1782 1255 1851; x_wconf 79' lang='lat' dir='ltr'><strong>restitutionis</strong></span> <span class='ocrx_word' id='word_1_95' title='bbox 1289 1784 1368 1850; x_wconf 93' lang='lat' dir='ltr'><strong>in</strong></span> <span class='ocrx_word' id='word_1_96' title='bbox 1412 1783 1783 1868; x_wconf 89' lang='lat' dir='ltr'><strong>integrum</strong></span> <span class='ocrx_word' id='word_1_97' title='bbox 1818 1783 1935 1851; x_wconf 82' lang='lat' dir='ltr'><strong>vel</strong></span> <span class='ocrx_word' id='word_1_98' title='bbox 1971 1782 2507 1851; x_wconf 81' lang='lat' dir='ltr'><strong>indemnitatis.</strong></span> 
     </span>
    </p>
   </div>
   <div class='ocr_carea' id='block_1_7' title="bbox 234 1889 3238 2085">
    <p class='ocr_par' dir='ltr' id='par_1_8' title="bbox 234 1889 3238 2085">
     <span class='ocr_line' id='line_1_15' title="bbox 425 1889 3238 1978; baseline 0.002 -24"><span class='ocrx_word' id='word_1_99' title='bbox 425 1889 459 1970; x_wconf 67' lang='grc' dir='ltr'><strong>ξ</strong></span> <span class='ocrx_word' id='word_1_100' title='bbox 505 1891 573 1954; x_wconf 84' lang='grc'><strong>4.</strong></span> <span class='ocrx_word' id='word_1_101' title='bbox 624 1890 951 1958; x_wconf 90' lang='lat' dir='ltr'><strong>Donatio</strong></span> <span class='ocrx_word' id='word_1_102' title='bbox 981 1891 1330 1959; x_wconf 85' lang='lat' dir='ltr'><strong>ecclesiae</strong></span> <span class='ocrx_word' id='word_1_103' title='bbox 1362 1892 1565 1959; x_wconf 81' lang='lat' dir='ltr'><strong>facta</strong></span> <span class='ocrx_word' id='word_1_104' title='bbox 1605 1897 1682 1960; x_wconf 93' lang='lat' dir='ltr'><strong>et</strong></span> <span class='ocrx_word' id='word_1_105' title='bbox 1714 1894 1807 1960; x_wconf 92' lang='lat' dir='ltr'><strong>ab</strong></span> <span class='ocrx_word' id='word_1_106' title='bbox 1838 1891 2088 1960; x_wconf 92' lang='lat' dir='ltr'><strong>eadem</strong></span> <span class='ocrx_word' id='word_1_107' title='bbox 2128 1893 2453 1977; x_wconf 86' lang='lat' dir='ltr'><strong>legitime</strong></span> <span class='ocrx_word' id='word_1_108' title='bbox 2484 1898 2895 1978; x_wconf 87' lang='lat' dir='ltr'><strong>acceptata,</strong></span> <span class='ocrx_word' id='word_1_109' title='bbox 2931 1897 3238 1978; x_wconf 90' lang='lat' dir='ltr'><strong>propter</strong></span> 
     </span>
     <span class='ocr_line' id='line_1_16' title="bbox 234 1996 2546 2085; baseline 0.002 -23"><span class='ocrx_word' id='word_1_110' title='bbox 234 1996 624 2080; x_wconf 83' lang='lat' dir='ltr'><strong>ingratum</strong></span> <span class='ocrx_word' id='word_1_111' title='bbox 664 1997 995 2065; x_wconf 87' lang='lat' dir='ltr'><strong>Praelati</strong></span> <span class='ocrx_word' id='word_1_112' title='bbox 1029 1999 1145 2066; x_wconf 78' lang='lat' dir='ltr'><strong>vel</strong></span> <span class='ocrx_word' id='word_1_113' title='bbox 1182 1999 1492 2067; x_wconf 86' lang='lat' dir='ltr'><strong>rectoris</strong></span> <span class='ocrx_word' id='word_1_114' title='bbox 1525 2000 1851 2066; x_wconf 84' lang='lat' dir='ltr'><strong>animum</strong></span> <span class='ocrx_word' id='word_1_115' title='bbox 1902 2001 2230 2068; x_wconf 86' lang='lat' dir='ltr'><strong>revocari</strong></span> <span class='ocrx_word' id='word_1_116' title='bbox 2268 2001 2546 2085; x_wconf 89' lang='lat' dir='ltr'><strong>nequit.</strong></span> 
     </span>
    </p>
   </div>
   <div class='ocr_carea' id='block_1_8' title="bbox 1512 2192 1936 2260">
    <p class='ocr_par' dir='ltr' id='par_1_9' title="bbox 1512 2192 1936 2260">
     <span class='ocr_line' id='line_1_17' title="bbox 1512 2192 1936 2260; baseline -0.005 0"><span class='ocrx_word' id='word_1_117' title='bbox 1512 2192 1689 2260; x_wconf 75' lang='lat' dir='ltr'>CAN.</span> <span class='ocrx_word' id='word_1_118' title='bbox 1741 2193 1936 2260; x_wconf 83' lang='grc'><strong>1537.</strong></span> 
     </span>
    </p>
   </div>
   <div class='ocr_carea' id='block_1_9' title="bbox 228 2335 3223 2528">
    <p class='ocr_par' dir='ltr' id='par_1_10' title="bbox 228 2335 3223 2528">
     <span class='ocr_line' id='line_1_18' title="bbox 420 2335 3223 2422; baseline 0 -20"><span class='ocrx_word' id='word_1_119' title='bbox 420 2336 569 2404; x_wconf 88' lang='lat' dir='ltr'><strong>Res</strong></span> <span class='ocrx_word' id='word_1_120' title='bbox 610 2354 865 2404; x_wconf 83' lang='lat' dir='ltr'><strong>sacrae</strong></span> <span class='ocrx_word' id='word_1_121' title='bbox 908 2355 999 2403; x_wconf 93' lang='lat' dir='ltr'><strong>ne</strong></span> <span class='ocrx_word' id='word_1_122' title='bbox 1039 2335 1595 2403; x_wconf 82' lang='lat' dir='ltr'><strong>commodentur</strong></span> <span class='ocrx_word' id='word_1_123' title='bbox 1636 2335 1733 2403; x_wconf 90' lang='lat' dir='ltr'><strong>ad</strong></span> <span class='ocrx_word' id='word_1_124' title='bbox 1785 2354 1999 2401; x_wconf 89' lang='lat' dir='ltr'><strong>usum</strong></span> <span class='ocrx_word' id='word_1_125' title='bbox 2046 2336 2173 2420; x_wconf 90' lang='lat' dir='ltr'><strong>qui</strong></span> <span class='ocrx_word' id='word_1_126' title='bbox 2216 2336 2615 2404; x_wconf 87' lang='lat' dir='ltr'><strong>earundem</strong></span> <span class='ocrx_word' id='word_1_127' title='bbox 2659 2340 2974 2405; x_wconf 85' lang='lat' dir='ltr'><strong>naturae</strong></span> <span class='ocrx_word' id='word_1_128' title='bbox 3018 2355 3223 2422; x_wconf 90' lang='lat' dir='ltr'><strong>repu-</strong></span> 
     </span>
     <span class='ocr_line' id='line_1_19' title="bbox 228 2441 505 2528; baseline -0.004 -19"><span class='ocrx_word' id='word_1_129' title='bbox 228 2447 419 2528; x_wconf 84' lang='lat' dir='ltr'><strong>gnet</strong></span> <span class='ocrx_word' id='word_1_130' title='bbox 451 2441 505 2508; x_wconf 81' lang='lat'><strong>³.</strong></span> 
     </span>
    </p>
   </div>
   <div class='ocr_carea' id='block_1_10' title="bbox 1526 2549 1949 2617">
    <p class='ocr_par' dir='ltr' id='par_1_11' title="bbox 1526 2549 1949 2617">
     <span class='ocr_line' id='line_1_20' title="bbox 1526 2549 1949 2617; baseline -0.005 0"><span class='ocrx_word' id='word_1_131' title='bbox 1526 2549 1702 2617; x_wconf 70' lang='lat' dir='ltr'><strong>CAN.</strong></span> <span class='ocrx_word' id='word_1_132' title='bbox 1752 2549 1949 2615; x_wconf 83' lang='lat'>1538.</span> 
     </span>
    </p>
   </div>
   <div class='ocr_carea' id='block_1_11' title="bbox 233 2670 3369 2972">
    <p class='ocr_par' dir='ltr' id='par_1_12' title="bbox 233 2670 3369 2972">
     <span class='ocr_line' id='line_1_21' title="bbox 421 2670 3236 2756; baseline 0.001 -20"><span class='ocrx_word' id='word_1_133' title='bbox 421 2670 456 2752; x_wconf 65' lang='grc' dir='ltr'><strong>ξ</strong></span> <span class='ocrx_word' id='word_1_134' title='bbox 504 2673 570 2737; x_wconf 81' lang='lat'><strong>1.</strong></span> <span class='ocrx_word' id='word_1_135' title='bbox 623 2670 704 2739; x_wconf 82' lang='lat' dir='ltr'><strong>Si</strong></span> <span class='ocrx_word' id='word_1_136' title='bbox 750 2671 1099 2738; x_wconf 88' lang='lat' dir='ltr'><strong>ecclesiae</strong></span> <span class='ocrx_word' id='word_1_137' title='bbox 1142 2671 1358 2752; x_wconf 85' lang='lat' dir='ltr'><strong>bona,</strong></span> <span class='ocrx_word' id='word_1_138' title='bbox 1408 2671 1742 2756; x_wconf 81' lang='lat' dir='ltr'><strong>legitima</strong></span> <span class='ocrx_word' id='word_1_139' title='bbox 1784 2671 2320 2739; x_wconf 81' lang='lat' dir='ltr'><strong>interveniente</strong></span> <span class='ocrx_word' id='word_1_140' title='bbox 2373 2688 2625 2752; x_wconf 90' lang='lat' dir='ltr'><strong>causa,</strong></span> <span class='ocrx_word' id='word_1_141' title='bbox 2675 2671 3236 2756; x_wconf 83' lang='lat' dir='ltr'><strong>oppignoranda</strong></span> 
     </span>
     <span class='ocr_line' id='line_1_22' title="bbox 233 2777 3369 2876; baseline 0 -32"><span class='ocrx_word' id='word_1_142' title='bbox 233 2779 360 2845; x_wconf 84' lang='lat' dir='ltr'><strong>vel</strong></span> <span class='ocrx_word' id='word_1_143' title='bbox 418 2777 868 2861; x_wconf 84' lang='lat' dir='ltr'><strong>hvpothecae</strong></span> <span class='ocrx_word' id='word_1_144' title='bbox 926 2780 1217 2876; x_wconf 87' lang='lat' dir='ltr'><strong>nomine</strong></span> <span class='ocrx_word' id='word_1_145' title='bbox 1262 2778 1657 2863; x_wconf 83' lang='lat' dir='ltr'><strong>obliganda</strong></span> <span class='ocrx_word' id='word_1_146' title='bbox 1704 2779 1883 2861; x_wconf 89' lang='lat' dir='ltr'><strong>sint,</strong></span> <span class='ocrx_word' id='word_1_147' title='bbox 1934 2779 2050 2846; x_wconf 84' lang='lat' dir='ltr'><strong>vel</strong></span> <span class='ocrx_word' id='word_1_148' title='bbox 2095 2785 2366 2863; x_wconf 84' lang='lat' dir='ltr'><strong>agatur</strong></span> <span class='ocrx_word' id='word_1_149' title='bbox 2412 2777 2504 2847; x_wconf 89' lang='lat' dir='ltr'><strong>de</strong></span> <span class='ocrx_word' id='word_1_150' title='bbox 2560 2798 2733 2846; x_wconf 88' lang='lat' dir='ltr'><strong>aere</strong></span> <span class='ocrx_word' id='word_1_151' title='bbox 2775 2779 3021 2846; x_wconf 91' lang='lat' dir='ltr'><strong>alieno</strong></span> <span class='ocrx_word' id='word_1_152' title='bbox 3066 2796 3230 2846; x_wconf 91' lang='lat' dir='ltr'><strong>con·</strong></span> <span class='ocrx_word' id='word_1_153' title='bbox 3361 2825 3369 2834; x_wconf 83' lang='lat'>.</span> 
     </span>
     <span class='ocr_line' id='line_1_23' title="bbox 235 2885 3237 2972; baseline 0.001 -19"><span class='ocrx_word' id='word_1_154' title='bbox 235 2885 632 2969; x_wconf 87' lang='lat' dir='ltr'><strong>trahendo,</strong></span> <span class='ocrx_word' id='word_1_155' title='bbox 677 2886 1052 2972; x_wconf 84' lang='lat' dir='ltr'><strong>legitimus</strong></span> <span class='ocrx_word' id='word_1_156' title='bbox 1103 2886 1483 2972; x_wconf 80' lang='lat' dir='ltr'><strong>Superior,</strong></span> <span class='ocrx_word' id='word_1_157' title='bbox 1527 2887 1654 2972; x_wconf 91' lang='lat' dir='ltr'><strong>qui</strong></span> <span class='ocrx_word' id='word_1_158' title='bbox 1691 2886 1787 2954; x_wconf 93' lang='lat' dir='ltr'><strong>ad</strong></span> <span class='ocrx_word' id='word_1_159' title='bbox 1829 2904 2161 2955; x_wconf 89' lang='lat' dir='ltr'><strong>normam</strong></span> <span class='ocrx_word' id='word_1_160' title='bbox 2204 2905 2368 2954; x_wconf 89' lang='lat' dir='ltr'><strong>can.</strong></span> <span class='ocrx_word' id='word_1_161' title='bbox 2416 2886 2589 2955; x_wconf 87' lang='lat'>1532</span> <span class='ocrx_word' id='word_1_162' title='bbox 2629 2887 3006 2956; x_wconf 84' lang='lat' dir='ltr'><strong>licentiam</strong></span> <span class='ocrx_word' id='word_1_163' title='bbox 3054 2886 3237 2956; x_wconf 88' lang='lat' dir='ltr'><strong>dare</strong></span> 
     </span>
    </p>
   </div>
   <div class='ocr_carea' id='block_1_12' title="bbox 229 2994 3229 3185">
    <p class='ocr_par' dir='ltr' id='par_1_13' title="bbox 229 2994 3229 3185">
     <span class='ocr_line' id='line_1_24' title="bbox 230 2994 3229 3078; baseline 0.001 -17"><span class='ocrx_word' id='word_1_164' title='bbox 230 2994 482 3076; x_wconf 89' lang='lat' dir='ltr'><strong>debet,</strong></span> <span class='ocrx_word' id='word_1_165' title='bbox 526 2994 777 3078; x_wconf 86' lang='lat' dir='ltr'><strong>exigat</strong></span> <span class='ocrx_word' id='word_1_166' title='bbox 813 3002 897 3063; x_wconf 85' lang='lat' dir='ltr'><strong>ut</strong></span> <span class='ocrx_word' id='word_1_167' title='bbox 938 2998 1160 3062; x_wconf 88' lang='lat' dir='ltr'><strong>antea</strong></span> <span class='ocrx_word' id='word_1_168' title='bbox 1198 3013 1473 3075; x_wconf 89' lang='lat' dir='ltr'><strong>omnes,</strong></span> <span class='ocrx_word' id='word_1_169' title='bbox 1517 3012 1825 3078; x_wconf 85' lang='lat' dir='ltr'><strong>quorum</strong></span> <span class='ocrx_word' id='word_1_170' title='bbox 1876 2995 2213 3077; x_wconf 90' lang='lat' dir='ltr'><strong>interest,</strong></span> <span class='ocrx_word' id='word_1_171' title='bbox 2267 2995 2698 3078; x_wconf 85' lang='lat' dir='ltr'><strong>audiantur,</strong></span> <span class='ocrx_word' id='word_1_172' title='bbox 2752 3001 2826 3063; x_wconf 90' lang='lat' dir='ltr'><strong>et</strong></span> <span class='ocrx_word' id='word_1_173' title='bbox 2864 2999 3076 3063; x_wconf 92' lang='lat' dir='ltr'><strong>curet</strong></span> <span class='ocrx_word' id='word_1_174' title='bbox 3119 3000 3229 3077; x_wconf 92' lang='lat' dir='ltr'><strong>ut,</strong></span> 
     </span>
     <span class='ocr_line' id='line_1_25' title="bbox 229 3098 2315 3185; baseline 0.001 -18"><span class='ocrx_word' id='word_1_175' title='bbox 229 3118 409 3167; x_wconf 89' lang='lat' dir='ltr'><strong>cum</strong></span> <span class='ocrx_word' id='word_1_176' title='bbox 449 3100 771 3184; x_wconf 89' lang='lat' dir='ltr'><strong>primum</strong></span> <span class='ocrx_word' id='word_1_177' title='bbox 807 3098 968 3169; x_wconf 85' lang='lat' dir='ltr'><strong>fieri</strong></span> <span class='ocrx_word' id='word_1_178' title='bbox 1006 3102 1307 3185; x_wconf 88' lang='lat' dir='ltr'><strong>poterit,</strong></span> <span class='ocrx_word' id='word_1_179' title='bbox 1346 3119 1473 3169; x_wconf 89' lang='lat' dir='ltr'><strong>aes</strong></span> <span class='ocrx_word' id='word_1_180' title='bbox 1516 3102 1839 3170; x_wconf 87' lang='lat' dir='ltr'><strong>alienum</strong></span> <span class='ocrx_word' id='word_1_181' title='bbox 1882 3102 2217 3170; x_wconf 82' lang='lat' dir='ltr'><strong>solvatur</strong></span> <span class='ocrx_word' id='word_1_182' title='bbox 2259 3100 2315 3169; x_wconf 81' lang='lat'><strong>⁴.</strong></span> 
     </span>
    </p>
   </div>
   <div class='ocr_carea' id='block_1_13' title="bbox 216 3209 3235 3402">
    <p class='ocr_par' dir='ltr' id='par_1_14' title="bbox 216 3209 3235 3402">
     <span class='ocr_line' id='line_1_26' title="bbox 216 3209 3235 3296; baseline 0.001 -22"><span class='ocrx_word' id='word_1_183' title='bbox 216 3278 223 3283; x_wconf 60' lang='grc'><strong>,</strong></span> <span class='ocrx_word' id='word_1_184' title='bbox 424 3209 459 3291; x_wconf 65' lang='grc' dir='ltr'><strong>ξ</strong></span> <span class='ocrx_word' id='word_1_185' title='bbox 506 3209 573 3275; x_wconf 88' lang='grc'><strong>2.</strong></span> <span class='ocrx_word' id='word_1_186' title='bbox 623 3210 787 3276; x_wconf 86' lang='lat' dir='ltr'><strong>Hac</strong></span> <span class='ocrx_word' id='word_1_187' title='bbox 834 3210 925 3278; x_wconf 93' lang='lat' dir='ltr'><strong>de</strong></span> <span class='ocrx_word' id='word_1_188' title='bbox 970 3227 1197 3277; x_wconf 87' lang='lat' dir='ltr'><strong>causa</strong></span> <span class='ocrx_word' id='word_1_189' title='bbox 1236 3229 1528 3278; x_wconf 77' lang='lat' dir='ltr'><strong>annuae</strong></span> <span class='ocrx_word' id='word_1_190' title='bbox 1567 3214 1776 3278; x_wconf 86' lang='lat' dir='ltr'><strong>ratae</strong></span> <span class='ocrx_word' id='word_1_191' title='bbox 1816 3211 1910 3278; x_wconf 83' lang='lat' dir='ltr'><strong>ab</strong></span> <span class='ocrx_word' id='word_1_192' title='bbox 1950 3211 2199 3279; x_wconf 92' lang='lat' dir='ltr'><strong>eodem</strong></span> <span class='ocrx_word' id='word_1_193' title='bbox 2243 3210 2647 3278; x_wconf 83' lang='lat' dir='ltr'><strong>Ordinario</strong></span> <span class='ocrx_word' id='word_1_194' title='bbox 2693 3210 3235 3296; x_wconf 87' lang='lat' dir='ltr'><strong>praefiniantur</strong></span> 
     </span>
     <span class='ocr_line' id='line_1_27' title="bbox 233 3317 2042 3402; baseline 0.002 -19"><span class='ocrx_word' id='word_1_195' title='bbox 233 3334 431 3400; x_wconf 85' lang='lat' dir='ltr'><strong>quae</strong></span> <span class='ocrx_word' id='word_1_196' title='bbox 470 3317 1005 3402; x_wconf 81' lang='lat' dir='ltr'><strong>exstinguendo</strong></span> <span class='ocrx_word' id='word_1_197' title='bbox 1045 3317 1295 3386; x_wconf 89' lang='lat' dir='ltr'><strong>debito</strong></span> <span class='ocrx_word' id='word_1_198' title='bbox 1334 3319 1488 3386; x_wconf 89' lang='lat' dir='ltr'><strong>sint</strong></span> <span class='ocrx_word' id='word_1_199' title='bbox 1536 3318 1955 3386; x_wconf 88' lang='lat' dir='ltr'><strong>destinatae</strong></span> <span class='ocrx_word' id='word_1_200' title='bbox 1987 3317 2042 3386; x_wconf 77' lang='lat'><strong>³.</strong></span> 
     </span>
    </p>
   </div>
   <div class='ocr_carea' id='block_1_14' title="bbox 1520 3492 1941 3561">
    <p class='ocr_par' dir='ltr' id='par_1_15' title="bbox 1520 3492 1941 3561">
     <span class='ocr_line' id='line_1_28' title="bbox 1520 3492 1941 3561; baseline -0.002 -1"><span class='ocrx_word' id='word_1_201' title='bbox 1520 3493 1695 3560; x_wconf 71' lang='lat' dir='ltr'><strong>CAN.</strong></span> <span class='ocrx_word' id='word_1_202' title='bbox 1746 3492 1941 3561; x_wconf 77' lang='lat'><strong>1539.</strong></span> 
     </span>
    </p>
   </div>
   <div class='ocr_carea' id='block_1_15' title="bbox 230 3615 3235 3809">
    <p class='ocr_par' dir='ltr' id='par_1_16' title="bbox 230 3615 3235 3809">
     <span class='ocr_line' id='line_1_29' title="bbox 419 3615 3235 3700; baseline 0.001 -19"><span class='ocrx_word' id='word_1_203' title='bbox 419 3615 454 3698; x_wconf 63' lang='grc' dir='ltr'><strong>ξ</strong></span> <span class='ocrx_word' id='word_1_204' title='bbox 501 3618 567 3681; x_wconf 93' lang='grc'><strong>1.</strong></span> <span class='ocrx_word' id='word_1_205' title='bbox 618 3617 710 3684; x_wconf 93' lang='lat' dir='ltr'><strong>In</strong></span> <span class='ocrx_word' id='word_1_206' title='bbox 758 3615 1182 3685; x_wconf 82' lang='lat' dir='ltr'><strong>venditione</strong></span> <span class='ocrx_word' id='word_1_207' title='bbox 1239 3621 1376 3684; x_wconf 83' lang='lat' dir='ltr'><strong>aut</strong></span> <span class='ocrx_word' id='word_1_208' title='bbox 1436 3616 1982 3700; x_wconf 84' lang='lat' dir='ltr'><strong>permutatione</strong></span> <span class='ocrx_word' id='word_1_209' title='bbox 2034 3634 2278 3684; x_wconf 86' lang='lat' dir='ltr'><strong>rerum</strong></span> <span class='ocrx_word' id='word_1_210' title='bbox 2334 3634 2713 3684; x_wconf 87' lang='lat' dir='ltr'><strong>sacrarum</strong></span> <span class='ocrx_word' id='word_1_211' title='bbox 2778 3617 2987 3683; x_wconf 92' lang='lat' dir='ltr'><strong>nulla</strong></span> <span class='ocrx_word' id='word_1_212' title='bbox 3039 3616 3235 3684; x_wconf 85' lang='lat' dir='ltr'><strong>ratio</strong></span> 
     </span>
     <span class='ocr_line' id='line_1_30' title="bbox 230 3722 2959 3809; baseline 0 -18"><span class='ocrx_word' id='word_1_213' title='bbox 230 3723 819 3791; x_wconf 85' lang='lat' dir='ltr'><strong>consecrationis</strong></span> <span class='ocrx_word' id='word_1_214' title='bbox 853 3724 971 3792; x_wconf 82' lang='lat' dir='ltr'><strong>vel</strong></span> <span class='ocrx_word' id='word_1_215' title='bbox 1005 3724 1537 3792; x_wconf 89' lang='lat' dir='ltr'><strong>benedictionis</strong></span> <span class='ocrx_word' id='word_1_216' title='bbox 1573 3724 1652 3791; x_wconf 91' lang='lat' dir='ltr'><strong>in</strong></span> <span class='ocrx_word' id='word_1_217' title='bbox 1689 3725 1916 3809; x_wconf 89' lang='lat' dir='ltr'><strong>pretii</strong></span> <span class='ocrx_word' id='word_1_218' title='bbox 1950 3725 2467 3792; x_wconf 81' lang='lat' dir='ltr'><strong>aestimatione</strong></span> <span class='ocrx_word' id='word_1_219' title='bbox 2504 3724 2864 3792; x_wconf 85' lang='lat' dir='ltr'><strong>habeatur</strong></span> <span class='ocrx_word' id='word_1_220' title='bbox 2905 3722 2959 3791; x_wconf 83' lang='lat'><strong>⁸.</strong></span> 
     </span>
    </p>
   </div>
   <div class='ocr_carea' id='block_1_16' title="bbox 228 3829 3230 4240">
    <p class='ocr_par' dir='ltr' id='par_1_17' title="bbox 228 3829 3230 4240">
     <span class='ocr_line' id='line_1_31' title="bbox 421 3829 3230 3915; baseline 0 -19"><span class='ocrx_word' id='word_1_221' title='bbox 421 3831 456 3913; x_wconf 70' lang='grc' dir='ltr'><strong>ξ</strong></span> <span class='ocrx_word' id='word_1_222' title='bbox 503 3830 569 3897; x_wconf 92' lang='grc'><strong>2.</strong></span> <span class='ocrx_word' id='word_1_223' title='bbox 648 3831 1315 3899; x_wconf 88' lang='lat' dir='ltr'><strong>Administratores</strong></span> <span class='ocrx_word' id='word_1_224' title='bbox 1353 3839 1665 3915; x_wconf 89' lang='lat' dir='ltr'><strong>possunt</strong></span> <span class='ocrx_word' id='word_1_225' title='bbox 1698 3829 1961 3897; x_wconf 74' lang='lat' dir='ltr'><strong>titulos</strong></span> <span class='ocrx_word' id='word_1_226' title='bbox 1999 3832 2094 3895; x_wconf 80' lang='lat' dir='ltr'><strong>ad</strong></span> <span class='ocrx_word' id='word_1_227' title='bbox 2134 3832 2472 3914; x_wconf 74' lang='lat' dir='ltr'><strong>latorem,</strong></span> <span class='ocrx_word' id='word_1_228' title='bbox 2506 3849 2687 3915; x_wconf 90' lang='lat' dir='ltr'><strong>quos</strong></span> <span class='ocrx_word' id='word_1_229' title='bbox 2718 3835 3013 3912; x_wconf 81' lang='lat' dir='ltr'><strong>vocant,</strong></span> <span class='ocrx_word' id='word_1_230' title='bbox 3045 3849 3230 3900; x_wconf 93' lang='lat' dir='ltr'><strong>com·</strong></span> 
     </span>
     <span class='ocr_line' id='line_1_32' title="bbox 233 3937 3224 4023; baseline 0.001 -18"><span class='ocrx_word' id='word_1_231' title='bbox 233 3943 535 4008; x_wconf 90' lang='lat' dir='ltr'><strong>mutare</strong></span> <span class='ocrx_word' id='word_1_232' title='bbox 570 3939 651 4006; x_wconf 93' lang='lat' dir='ltr'><strong>in</strong></span> <span class='ocrx_word' id='word_1_233' title='bbox 688 3937 878 4006; x_wconf 89' lang='lat' dir='ltr'><strong>aIios</strong></span> <span class='ocrx_word' id='word_1_234' title='bbox 927 3939 1191 4007; x_wconf 89' lang='lat' dir='ltr'><strong>titulos</strong></span> <span class='ocrx_word' id='word_1_235' title='bbox 1229 3939 1465 4023; x_wconf 75' lang='lat' dir='ltr'><strong>magis</strong></span> <span class='ocrx_word' id='word_1_236' title='bbox 1505 3944 1638 4006; x_wconf 90' lang='lat' dir='ltr'><strong>aut</strong></span> <span class='ocrx_word' id='word_1_237' title='bbox 1678 3938 1940 4006; x_wconf 89' lang='lat' dir='ltr'><strong>saltem</strong></span> <span class='ocrx_word' id='word_1_238' title='bbox 1992 3956 2224 4022; x_wconf 90' lang='lat' dir='ltr'><strong>aeque</strong></span> <span class='ocrx_word' id='word_1_239' title='bbox 2261 3942 2467 4006; x_wconf 87' lang='lat' dir='ltr'><strong>tutos</strong></span> <span class='ocrx_word' id='word_1_240' title='bbox 2508 3956 2597 4005; x_wconf 88' lang='lat' dir='ltr'><strong>ac</strong></span> <span class='ocrx_word' id='word_1_241' title='bbox 2636 3938 3064 4023; x_wconf 76' lang='lat' dir='ltr'><strong>frugiferos,</strong></span> <span class='ocrx_word' id='word_1_242' title='bbox 3111 3958 3224 4007; x_wconf 85' lang='lat' dir='ltr'><strong>ex·</strong></span> 
     </span>
     <span class='ocr_line' id='line_1_33' title="bbox 231 4046 3225 4132; baseline -0 -17"><span class='ocrx_word' id='word_1_243' title='bbox 231 4047 451 4115; x_wconf 90' lang='lat' dir='ltr'><strong>clusa</strong></span> <span class='ocrx_word' id='word_1_244' title='bbox 490 4046 817 4130; x_wconf 89' lang='lat' dir='ltr'><strong>qualibet</strong></span> <span class='ocrx_word' id='word_1_245' title='bbox 853 4046 1270 4113; x_wconf 90' lang='lat' dir='ltr'><strong>commercii</strong></span> <span class='ocrx_word' id='word_1_246' title='bbox 1317 4048 1432 4114; x_wconf 83' lang='lat' dir='ltr'><strong>vel</strong></span> <span class='ocrx_word' id='word_1_247' title='bbox 1475 4046 2002 4132; x_wconf 87' lang='lat' dir='ltr'><strong>negotiationis</strong></span> <span class='ocrx_word' id='word_1_248' title='bbox 2050 4046 2314 4130; x_wconf 86' lang='lat' dir='ltr'><strong>specie,</strong></span> <span class='ocrx_word' id='word_1_249' title='bbox 2359 4065 2446 4113; x_wconf 91' lang='lat' dir='ltr'><strong>ac</strong></span> <span class='ocrx_word' id='word_1_250' title='bbox 2484 4047 2575 4115; x_wconf 92' lang='lat' dir='ltr'><strong>de</strong></span> <span class='ocrx_word' id='word_1_251' title='bbox 2614 4065 2974 4115; x_wconf 90' lang='lat' dir='ltr'><strong>consensu</strong></span> <span class='ocrx_word' id='word_1_252' title='bbox 3016 4046 3225 4114; x_wconf 90' lang='lat' dir='ltr'><strong>Ordi-</strong></span> 
     </span>
     <span class='ocr_line' id='line_1_34' title="bbox 228 4154 3221 4240; baseline -0 -18"><span class='ocrx_word' id='word_1_253' title='bbox 228 4156 459 4235; x_wconf 89' lang='lat' dir='ltr'><strong>na-rii,</strong></span> <span class='ocrx_word' id='word_1_254' title='bbox 492 4155 906 4222; x_wconf 57' lang='lat' dir='ltr'><strong>dioecesani</strong></span> <span class='ocrx_word' id='word_1_255' title='bbox 945 4154 1258 4223; x_wconf 84' lang='lat' dir='ltr'><strong>Consilii</strong></span> <span class='ocrx_word' id='word_1_256' title='bbox 1289 4155 1964 4223; x_wconf 86' lang='lat' dir='ltr'><strong>administrationis</strong></span> <span class='ocrx_word' id='word_1_257' title='bbox 1996 4156 2456 4239; x_wconf 89' lang='lat' dir='ltr'><strong>aliorumque</strong></span> <span class='ocrx_word' id='word_1_258' title='bbox 2490 4174 2797 4240; x_wconf 90' lang='lat' dir='ltr'><strong>quorum</strong></span> <span class='ocrx_word' id='word_1_259' title='bbox 2832 4155 3138 4224; x_wconf 87' lang='lat' dir='ltr'><strong>intersit</strong></span> <span class='ocrx_word' id='word_1_260' title='bbox 3168 4154 3221 4221; x_wconf 75' lang='lat'><strong>&#39;.</strong></span> 
     </span>
    </p>
   </div>
   <div class='ocr_carea' id='block_1_17' title="bbox 235 4408 3226 4646">
    <p class='ocr_par' dir='ltr' id='par_1_18' title="bbox 235 4408 3226 4646">
     <span class='ocr_line' id='line_1_35' title="bbox 420 4408 3226 4474; baseline -0.002 -9"><span class='ocrx_word' id='word_1_261' title='bbox 420 4414 442 4449; x_wconf 83' lang='lat'>1</span> <span class='ocrx_word' id='word_1_262' title='bbox 479 4412 546 4465; x_wconf 87' lang='grc' dir='ltr'><strong>ο.</strong></span> <span class='ocrx_word' id='word_1_263' title='bbox 579 4409 631 4472; x_wconf 74' lang='grc' dir='ltr'><strong>τ.</strong></span> <span class='ocrx_word' id='word_1_264' title='bbox 663 4411 728 4464; x_wconf 86' lang='lat' dir='ltr'><strong>c.</strong></span> <span class='ocrx_word' id='word_1_265' title='bbox 761 4412 828 4474; x_wconf 86' lang='lat' dir='ltr'><strong>x,</strong></span> <span class='ocrx_word' id='word_1_266' title='bbox 868 4423 923 4472; x_wconf 79' lang='lat' dir='ltr'><strong>q.</strong></span> <span class='ocrx_word' id='word_1_267' title='bbox 956 4410 1004 4472; x_wconf 84' lang='lat'><strong>2;</strong></span> <span class='ocrx_word' id='word_1_268' title='bbox 1032 4421 1083 4461; x_wconf 79' lang='lat' dir='ltr'><strong>e.</strong></span> <span class='ocrx_word' id='word_1_269' title='bbox 1116 4409 1197 4470; x_wconf 54' lang='grc' dir='ltr'><strong>Β,</strong></span> <span class='ocrx_word' id='word_1_270' title='bbox 1230 4409 1313 4471; x_wconf 77' lang='lat'><strong>24,</strong></span> <span class='ocrx_word' id='word_1_271' title='bbox 1354 4408 1419 4461; x_wconf 87' lang='lat' dir='ltr'><strong>c.</strong></span> <span class='ocrx_word' id='word_1_272' title='bbox 1452 4409 1586 4469; x_wconf 83' lang='lat' dir='ltr'><strong>x11,</strong></span> <span class='ocrx_word' id='word_1_273' title='bbox 1619 4421 1673 4470; x_wconf 76' lang='lat' dir='ltr'><strong>q.</strong></span> <span class='ocrx_word' id='word_1_274' title='bbox 1706 4410 1757 4470; x_wconf 71' lang='lat'><strong>13</strong></span> <span class='ocrx_word' id='word_1_275' title='bbox 1785 4420 1834 4460; x_wconf 84' lang='lat' dir='ltr'><strong>e.</strong></span> <span class='ocrx_word' id='word_1_276' title='bbox 1867 4409 1952 4469; x_wconf 80' lang='lat'><strong>19,</strong></span> <span class='ocrx_word' id='word_1_277' title='bbox 1985 4409 2050 4461; x_wconf 89' lang='lat' dir='ltr'><strong>c.</strong></span> <span class='ocrx_word' id='word_1_278' title='bbox 2083 4409 2216 4469; x_wconf 85' lang='lat' dir='ltr'><strong>xn.</strong></span> <span class='ocrx_word' id='word_1_279' title='bbox 2250 4422 2307 4470; x_wconf 81' lang='lat' dir='ltr'><strong>q.</strong></span> <span class='ocrx_word' id='word_1_280' title='bbox 2339 4409 2387 4471; x_wconf 84' lang='lat'><strong>2;</strong></span> <span class='ocrx_word' id='word_1_281' title='bbox 2419 4420 2468 4460; x_wconf 87' lang='lat' dir='ltr'><strong>e.</strong></span> <span class='ocrx_word' id='word_1_282' title='bbox 2500 4408 2551 4471; x_wconf 83' lang='lat'><strong>2,</strong></span> <span class='ocrx_word' id='word_1_283' title='bbox 2582 4409 2634 4470; x_wconf 80' lang='grc' dir='ltr'><strong>τ,</strong></span> <span class='ocrx_word' id='word_1_284' title='bbox 2664 4410 2716 4470; x_wconf 77' lang='lat'><strong>9,</strong></span> <span class='ocrx_word' id='word_1_285' title='bbox 2746 4410 2813 4470; x_wconf 87' lang='lat' dir='ltr'><strong>x,</strong></span> <span class='ocrx_word' id='word_1_286' title='bbox 2850 4412 2921 4461; x_wconf 67' lang='lat' dir='ltr'><strong>aa</strong></span> <span class='ocrx_word' id='word_1_287' title='bbox 2965 4409 3226 4460; x_wconf 68' lang='lat' dir='ltr'><strong>donaue-</strong></span> 
     </span>
     <span class='ocr_line' id='line_1_36' title="bbox 235 4488 3223 4571; baseline -0 -17"><span class='ocrx_word' id='word_1_288' title='bbox 235 4504 436 4562; x_wconf 59' lang='lat' dir='ltr'><strong>swas,</strong></span> <span class='ocrx_word' id='word_1_289' title='bbox 478 4502 595 4563; x_wconf 90' lang='lat'><strong>111,</strong></span> <span class='ocrx_word' id='word_1_290' title='bbox 644 4502 726 4563; x_wconf 80' lang='lat'><strong>24;</strong></span> <span class='ocrx_word' id='word_1_291' title='bbox 763 4513 813 4553; x_wconf 79' lang='lat' dir='ltr'><strong>e.</strong></span> <span class='ocrx_word' id='word_1_292' title='bbox 854 4488 905 4571; x_wconf 60' lang='grc' dir='ltr'><strong>φ’,</strong></span> <span class='ocrx_word' id='word_1_293' title='bbox 944 4501 1011 4562; x_wconf 86' lang='lat' dir='ltr'><strong>x,</strong></span> <span class='ocrx_word' id='word_1_294' title='bbox 1063 4502 1135 4552; x_wconf 74' lang='lat' dir='ltr'><strong>ae</strong></span> <span class='ocrx_word' id='word_1_295' title='bbox 1187 4499 1557 4552; x_wconf 64' lang='lat' dir='ltr'><strong>testamentis</strong></span> <span class='ocrx_word' id='word_1_296' title='bbox 1593 4505 1662 4551; x_wconf 58' lang='lat' dir='ltr'><strong>et&lt;</strong></span> <span class='ocrx_word' id='word_1_297' title='bbox 1698 4499 1927 4551; x_wconf 62' lang='lat' dir='ltr'><strong>amma</strong></span> <span class='ocrx_word' id='word_1_298' title='bbox 1968 4499 2394 4558; x_wconf 66' lang='lat' dir='ltr'><strong>voluntatibus,</strong></span> <span class='ocrx_word' id='word_1_299' title='bbox 2438 4500 2554 4560; x_wconf 87' lang='lat'><strong>111,</strong></span> <span class='ocrx_word' id='word_1_300' title='bbox 2598 4499 2679 4561; x_wconf 64' lang='grc' dir='ltr'><strong>ως</strong></span> <span class='ocrx_word' id='word_1_301' title='bbox 2719 4499 2859 4561; x_wconf 70' lang='lat' dir='ltr'><strong>neg.</strong></span> <span class='ocrx_word' id='word_1_302' title='bbox 2903 4501 2987 4561; x_wconf 74' lang='grc' dir='ltr'><strong>το,</strong></span> <span class='ocrx_word' id='word_1_303' title='bbox 3029 4501 3101 4552; x_wconf 81' lang='lat' dir='ltr'><strong>R.</strong></span> <span class='ocrx_word' id='word_1_304' title='bbox 3144 4502 3223 4561; x_wconf 73' lang='lat' dir='ltr'><strong>J„</strong></span> 
     </span>
     <span class='ocr_line' id='line_1_37' title="bbox 236 4590 1227 4646; baseline -0.003 0"><span class='ocrx_word' id='word_1_305' title='bbox 236 4595 301 4646; x_wconf 79' lang='lat' dir='ltr'><strong>in</strong></span> <span class='ocrx_word' id='word_1_306' title='bbox 332 4593 460 4645; x_wconf 76' lang='lat' dir='ltr'>V10.</span> <span class='ocrx_word' id='word_1_307' title='bbox 478 4591 711 4644; x_wconf 75' lang='lat' dir='ltr'><strong>—vme</strong></span> <span class='ocrx_word' id='word_1_308' title='bbox 738 4592 919 4644; x_wconf 73' lang='lat' dir='ltr'><strong>eum</strong></span> <span class='ocrx_word' id='word_1_309' title='bbox 948 4603 1077 4643; x_wconf 75' lang='lat' dir='ltr'><strong>can.</strong></span> <span class='ocrx_word' id='word_1_310' title='bbox 1112 4590 1227 4643; x_wconf 75' lang='lat'><strong>537.</strong></span> 
     </span>
    </p>
   </div>
   <div class='ocr_carea' id='block_1_18' title="bbox 238 4678 3225 4839">
    <p class='ocr_par' dir='ltr' id='par_1_19' title="bbox 238 4678 3225 4839">
     <span class='ocr_line' id='line_1_38' title="bbox 422 4678 3225 4743; baseline -0.001 -8"><span class='ocrx_word' id='word_1_311' title='bbox 422 4685 450 4723; x_wconf 78' lang='lat'>⁸</span> <span class='ocrx_word' id='word_1_312' title='bbox 487 4683 554 4735; x_wconf 86' lang='grc' dir='ltr'><strong>Ο.</strong></span> <span class='ocrx_word' id='word_1_313' title='bbox 578 4683 630 4743; x_wconf 83' lang='grc'><strong>3,</strong></span> <span class='ocrx_word' id='word_1_314' title='bbox 663 4681 728 4734; x_wconf 87' lang='lat'><strong>0.</strong></span> <span class='ocrx_word' id='word_1_315' title='bbox 758 4678 890 4741; x_wconf 72' lang='grc' dir='ltr'><strong>ΧΠ,</strong></span> <span class='ocrx_word' id='word_1_316' title='bbox 917 4694 971 4742; x_wconf 86' lang='lat' dir='ltr'><strong>q.</strong></span> <span class='ocrx_word' id='word_1_317' title='bbox 1002 4682 1053 4742; x_wconf 68' lang='grc' dir='ltr'><strong>ὃς</strong></span> <span class='ocrx_word' id='word_1_318' title='bbox 1078 4693 1128 4733; x_wconf 89' lang='lat' dir='ltr'><strong>c.</strong></span> <span class='ocrx_word' id='word_1_319' title='bbox 1156 4681 1240 4741; x_wconf 87' lang='grc'><strong>15,</strong></span> <span class='ocrx_word' id='word_1_320' title='bbox 1270 4682 1337 4742; x_wconf 80' lang='lat' dir='ltr'><strong>X,</strong></span> <span class='ocrx_word' id='word_1_321' title='bbox 1366 4683 1437 4733; x_wconf 76' lang='lat' dir='ltr'><strong>de</strong></span> <span class='ocrx_word' id='word_1_322' title='bbox 1466 4680 1837 4732; x_wconf 67' lang='lat' dir='ltr'><strong>testamentis</strong></span> <span class='ocrx_word' id='word_1_323' title='bbox 1859 4685 1920 4732; x_wconf 77' lang='lat' dir='ltr'><strong>et</strong></span> <span class='ocrx_word' id='word_1_324' title='bbox 1947 4680 2174 4731; x_wconf 70' lang='lat' dir='ltr'><strong>ultimis</strong></span> <span class='ocrx_word' id='word_1_325' title='bbox 2199 4679 2625 4740; x_wconf 71' lang='lat' dir='ltr'><strong>voluntatibus,</strong></span> <span class='ocrx_word' id='word_1_326' title='bbox 2660 4680 2777 4741; x_wconf 90' lang='lat' dir='ltr'><strong>III,</strong></span> <span class='ocrx_word' id='word_1_327' title='bbox 2806 4681 2887 4742; x_wconf 82' lang='grc'><strong>26;</strong></span> <span class='ocrx_word' id='word_1_328' title='bbox 2920 4681 3037 4733; x_wconf 88' lang='lat' dir='ltr'><strong>Leo</strong></span> <span class='ocrx_word' id='word_1_329' title='bbox 3061 4680 3225 4742; x_wconf 85' lang='lat' dir='ltr'>x111‚</span> 
     </span>
     <span class='ocr_line' id='line_1_39' title="bbox 238 4769 1681 4839; baseline -0.005 -14"><span class='ocrx_word' id='word_1_330' title='bbox 238 4774 427 4825; x_wconf 88' lang='lat' dir='ltr'><strong>const.</strong></span> <span class='ocrx_word' id='word_1_331' title='bbox 464 4787 496 4823; x_wconf 70' lang='grc' dir='ltr'><strong>α</strong></span> <span class='ocrx_word' id='word_1_332' title='bbox 526 4769 1163 4839; x_wconf 51' lang='grc' dir='ltr'><strong>Βοωαηοεᾝοιιῆβοοο</strong></span> <span class='ocrx_word' id='word_1_333' title='bbox 1204 4784 1254 4829; x_wconf 71' lang='grc' dir='ltr'><strong>ι,</strong></span> <span class='ocrx_word' id='word_1_334' title='bbox 1286 4770 1321 4822; x_wconf 89' lang='grc'>8</span> <span class='ocrx_word' id='word_1_335' title='bbox 1358 4770 1504 4821; x_wconf 81' lang='lat' dir='ltr'><strong>maii</strong></span> <span class='ocrx_word' id='word_1_336' title='bbox 1535 4769 1681 4822; x_wconf 88' lang='grc'><strong>1881.</strong></span> 
     </span>
    </p>
   </div>
   <div class='ocr_carea' id='block_1_19' title="bbox 411 4859 1219 4923">
    <p class='ocr_par' dir='ltr' id='par_1_20' title="bbox 411 4859 1219 4923">
     <span class='ocr_line' id='line_1_40' title="bbox 411 4859 1219 4923; baseline -0.001 -11"><span class='ocrx_word' id='word_1_337' title='bbox 411 4867 438 4903; x_wconf 82' lang='lat'><strong>³</strong></span> <span class='ocrx_word' id='word_1_338' title='bbox 486 4863 626 4923; x_wconf 78' lang='lat' dir='ltr'><strong>Reg.</strong></span> <span class='ocrx_word' id='word_1_339' title='bbox 658 4861 741 4922; x_wconf 76' lang='lat'><strong>51,</strong></span> <span class='ocrx_word' id='word_1_340' title='bbox 776 4861 847 4912; x_wconf 70' lang='lat' dir='ltr'><strong>R.</strong></span> <span class='ocrx_word' id='word_1_341' title='bbox 879 4859 959 4921; x_wconf 66' lang='grc'><strong>3.,</strong></span> <span class='ocrx_word' id='word_1_342' title='bbox 992 4861 1056 4911; x_wconf 82' lang='lat' dir='ltr'><strong>in</strong></span> <span class='ocrx_word' id='word_1_343' title='bbox 1092 4860 1219 4912; x_wconf 79' lang='lat' dir='ltr'>V10.</span> 
     </span>
    </p>
   </div>
   <div class='ocr_carea' id='block_1_20' title="bbox 236 4949 3225 5103">
    <p class='ocr_par' dir='ltr' id='par_1_21' title="bbox 236 4949 3225 5103">
     <span class='ocr_line' id='line_1_41' title="bbox 414 4949 3225 5016; baseline -0.001 -12"><span class='ocrx_word' id='word_1_344' title='bbox 414 4958 443 4993; x_wconf 82' lang='lat'><strong>⁴</strong></span> <span class='ocrx_word' id='word_1_345' title='bbox 484 4953 550 5005; x_wconf 83' lang='grc' dir='ltr'><strong>Ο.</strong></span> <span class='ocrx_word' id='word_1_346' title='bbox 584 4955 634 5011; x_wconf 83' lang='lat'><strong>2,</strong></span> <span class='ocrx_word' id='word_1_347' title='bbox 666 4952 732 5011; x_wconf 83' lang='lat' dir='ltr'><strong>X,</strong></span> <span class='ocrx_word' id='word_1_348' title='bbox 761 4953 837 5003; x_wconf 69' lang='lat' dir='ltr'><strong>da</strong></span> <span class='ocrx_word' id='word_1_349' title='bbox 864 4949 1274 5008; x_wconf 69' lang='lat' dir='ltr'><strong>solutionibus,</strong></span> <span class='ocrx_word' id='word_1_350' title='bbox 1302 4950 1416 5011; x_wconf 85' lang='lat'><strong>111,</strong></span> <span class='ocrx_word' id='word_1_351' title='bbox 1446 4951 1527 5012; x_wconf 83' lang='lat'><strong>23;</strong></span> <span class='ocrx_word' id='word_1_352' title='bbox 1556 4950 1613 5003; x_wconf 83' lang='lat' dir='ltr'><strong>S.</strong></span> <span class='ocrx_word' id='word_1_353' title='bbox 1646 4951 1712 5003; x_wconf 86' lang='lat' dir='ltr'><strong>C.</strong></span> <span class='ocrx_word' id='word_1_354' title='bbox 1740 4951 1814 5003; x_wconf 83' lang='lat' dir='ltr'><strong>de</strong></span> <span class='ocrx_word' id='word_1_355' title='bbox 1838 4951 2011 5012; x_wconf 85' lang='lat' dir='ltr'><strong>Prop.</strong></span> <span class='ocrx_word' id='word_1_356' title='bbox 2041 4950 2204 5010; x_wconf 74' lang='lat' dir='ltr'><strong>mue,</strong></span> <span class='ocrx_word' id='word_1_357' title='bbox 2234 4950 2405 5002; x_wconf 81' lang='lat' dir='ltr'><strong>instr.</strong></span> <span class='ocrx_word' id='word_1_358' title='bbox 2445 4950 2544 5010; x_wconf 87' lang='lat' dir='ltr'><strong>(ad</strong></span> <span class='ocrx_word' id='word_1_359' title='bbox 2573 4950 2904 5003; x_wconf 83' lang='lat' dir='ltr'><strong>Patriarch.</strong></span> <span class='ocrx_word' id='word_1_360' title='bbox 2943 4952 3225 5016; x_wconf 58' lang='lat' dir='ltr'><strong>Amen),</strong></span> 
     </span>
     <span class='ocr_line' id='line_1_42' title="bbox 236 5042 790 5103; baseline -0.011 -6"><span class='ocrx_word' id='word_1_361' title='bbox 236 5044 303 5097; x_wconf 82' lang='grc'><strong>80</strong></span> <span class='ocrx_word' id='word_1_362' title='bbox 332 5045 437 5096; x_wconf 82' lang='lat' dir='ltr'><strong>iul.</strong></span> <span class='ocrx_word' id='word_1_363' title='bbox 469 5042 616 5103; x_wconf 87' lang='grc'><strong>1867,</strong></span> <span class='ocrx_word' id='word_1_364' title='bbox 649 5055 708 5094; x_wconf 89' lang='lat' dir='ltr'><strong>n.</strong></span> <span class='ocrx_word' id='word_1_365' title='bbox 739 5042 790 5092; x_wconf 82' lang='lat'><strong>4.</strong></span> 
     </span>
    </p>
   </div>
   <div class='ocr_carea' id='block_1_21' title="bbox 246 5130 3225 5284">
    <p class='ocr_par' dir='ltr' id='par_1_22' title="bbox 246 5130 3225 5284">
     <span class='ocr_line' id='line_1_43' title="bbox 417 5130 3225 5193; baseline -0.001 -7"><span class='ocrx_word' id='word_1_366' title='bbox 417 5136 445 5173; x_wconf 67' lang='grc' dir='ltr'><strong>ὅ</strong></span> <span class='ocrx_word' id='word_1_367' title='bbox 488 5133 545 5186; x_wconf 86' lang='lat' dir='ltr'><strong>S.</strong></span> <span class='ocrx_word' id='word_1_368' title='bbox 583 5133 648 5186; x_wconf 81' lang='grc' dir='ltr'><strong>Ο.</strong></span> <span class='ocrx_word' id='word_1_369' title='bbox 685 5132 773 5192; x_wconf 83' lang='grc'><strong>0.,</strong></span> <span class='ocrx_word' id='word_1_370' title='bbox 805 5132 1092 5188; x_wconf 75' lang='lat' dir='ltr'><strong>Romana,</strong></span> <span class='ocrx_word' id='word_1_371' title='bbox 1123 5132 1157 5183; x_wconf 83' lang='lat'><strong>5</strong></span> <span class='ocrx_word' id='word_1_372' title='bbox 1184 5143 1333 5193; x_wconf 65' lang='lat' dir='ltr'><strong>apr„</strong></span> <span class='ocrx_word' id='word_1_373' title='bbox 1372 5132 1438 5183; x_wconf 89' lang='grc'><strong>17</strong></span> <span class='ocrx_word' id='word_1_374' title='bbox 1469 5131 1611 5181; x_wconf 82' lang='lat' dir='ltr'><strong>maii</strong></span> <span class='ocrx_word' id='word_1_375' title='bbox 1644 5130 1791 5192; x_wconf 84' lang='lat'>1851;</span> <span class='ocrx_word' id='word_1_376' title='bbox 1832 5130 1891 5183; x_wconf 85' lang='lat' dir='ltr'><strong>S.</strong></span> <span class='ocrx_word' id='word_1_377' title='bbox 1925 5130 1989 5183; x_wconf 85' lang='lat'><strong>0.</strong></span> <span class='ocrx_word' id='word_1_378' title='bbox 2022 5131 2097 5184; x_wconf 84' lang='lat' dir='ltr'><strong>de</strong></span> <span class='ocrx_word' id='word_1_379' title='bbox 2129 5132 2299 5191; x_wconf 86' lang='lat' dir='ltr'><strong>Prop.</strong></span> <span class='ocrx_word' id='word_1_380' title='bbox 2335 5130 2498 5192; x_wconf 80' lang='lat' dir='ltr'><strong>Fide,</strong></span> <span class='ocrx_word' id='word_1_381' title='bbox 2537 5131 2706 5182; x_wconf 81' lang='lat' dir='ltr'><strong>instr.</strong></span> <span class='ocrx_word' id='word_1_382' title='bbox 2752 5130 2852 5189; x_wconf 84' lang='lat' dir='ltr'><strong>(ad</strong></span> <span class='ocrx_word' id='word_1_383' title='bbox 2895 5130 3225 5182; x_wconf 75' lang='lat' dir='ltr'><strong>patriarch.</strong></span> 
     </span>
     <span class='ocr_line' id='line_1_44' title="bbox 246 5220 1133 5284; baseline -0.007 -8"><span class='ocrx_word' id='word_1_384' title='bbox 246 5223 525 5284; x_wconf 59' lang='lat' dir='ltr'><strong>Amen),</strong></span> <span class='ocrx_word' id='word_1_385' title='bbox 558 5221 627 5275; x_wconf 81' lang='lat'><strong>8⁰</strong></span> <span class='ocrx_word' id='word_1_386' title='bbox 664 5223 768 5273; x_wconf 83' lang='lat' dir='ltr'><strong>iul.</strong></span> <span class='ocrx_word' id='word_1_387' title='bbox 802 5220 951 5281; x_wconf 81' lang='grc'><strong>1867,</strong></span> <span class='ocrx_word' id='word_1_388' title='bbox 991 5233 1049 5272; x_wconf 88' lang='lat' dir='ltr'><strong>n.</strong></span> <span class='ocrx_word' id='word_1_389' title='bbox 1083 5224 1133 5272; x_wconf 76' lang='lat'><strong>4.</strong></span> 
     </span>
    </p>
   </div>
   <div class='ocr_carea' id='block_1_22' title="bbox 417 5311 2131 5464">
    <p class='ocr_par' dir='ltr' id='par_1_23' title="bbox 417 5311 2131 5464">
     <span class='ocr_line' id='line_1_45' title="bbox 417 5311 1155 5365; baseline -0.001 0"><span class='ocrx_word' id='word_1_390' title='bbox 417 5318 442 5354; x_wconf 79' lang='lat'>⁸</span> <span class='ocrx_word' id='word_1_391' title='bbox 484 5312 632 5365; x_wconf 78' lang='lat' dir='ltr'><strong>Vide</strong></span> <span class='ocrx_word' id='word_1_392' title='bbox 667 5312 849 5364; x_wconf 77' lang='lat' dir='ltr'><strong>etiam</strong></span> <span class='ocrx_word' id='word_1_393' title='bbox 877 5322 1007 5362; x_wconf 84' lang='lat' dir='ltr'><strong>can.</strong></span> <span class='ocrx_word' id='word_1_394' title='bbox 1040 5311 1155 5364; x_wconf 85' lang='grc'><strong>730.</strong></span> 
     </span>
     <span class='ocr_line' id='line_1_46' title="bbox 418 5400 2131 5464; baseline -0.001 -8"><span class='ocrx_word' id='word_1_395' title='bbox 418 5408 445 5446; x_wconf 77' lang='lat'>⁷</span> <span class='ocrx_word' id='word_1_396' title='bbox 485 5403 544 5456; x_wconf 80' lang='grc' dir='ltr'><strong>Β.</strong></span> <span class='ocrx_word' id='word_1_397' title='bbox 576 5402 642 5455; x_wconf 84' lang='lat'><strong>0.</strong></span> <span class='ocrx_word' id='word_1_398' title='bbox 674 5402 763 5464; x_wconf 80' lang='lat' dir='ltr'><strong>O..</strong></span> <span class='ocrx_word' id='word_1_399' title='bbox 798 5401 1062 5453; x_wconf 70' lang='lat' dir='ltr'><strong>Romano</strong></span> <span class='ocrx_word' id='word_1_400' title='bbox 1094 5405 1154 5454; x_wconf 74' lang='lat' dir='ltr'><strong>ot</strong></span> <span class='ocrx_word' id='word_1_401' title='bbox 1183 5400 1458 5462; x_wconf 66' lang='lat' dir='ltr'><strong>diarum,</strong></span> <span class='ocrx_word' id='word_1_402' title='bbox 1498 5401 1564 5455; x_wconf 84' lang='grc'><strong>17</strong></span> <span class='ocrx_word' id='word_1_403' title='bbox 1594 5402 1743 5456; x_wconf 75' lang='lat' dir='ltr'><strong>tebr.</strong></span> <span class='ocrx_word' id='word_1_404' title='bbox 1786 5401 1936 5464; x_wconf 77' lang='grc'><strong>1906,</strong></span> <span class='ocrx_word' id='word_1_405' title='bbox 1972 5403 2051 5456; x_wconf 85' lang='lat' dir='ltr'><strong>ad</strong></span> <span class='ocrx_word' id='word_1_406' title='bbox 2080 5401 2131 5454; x_wconf 82' lang='lat'><strong>2.</strong></span> 
     </span>
    </p>
   </div>
  </div>
 </body>
</html>
