3753 5871
1610 0 1805 29 Um
1843 0 2004 28 lm
2054 0 2093 27 υ

483 168 653 231 fides
697 168 1031 231 habeatur
1082 182 1255 246 quae
1316 165 1490 245 ipsis
1550 163 2031 243 praesentibus
2077 162 2521 226 adhiberetur
2569 160 2632 223 si
2679 161 2914 224 forent
2960 159 3318 223 exhibitae
3366 162 3491 223 vel-

481 278 816 338 ostensae.
866 273 1059 336 Nulli
1091 290 1254 353 ergo
1289 272 1638 335 hominum
1676 272 1886 335 liceat
1919 273 2093 334 banc
2139 269 2463 349 paginam
2498 269 2795 331 Nostrae
2830 268 3335 347 permissionis,
3371 268 3473 331 di·

481 382 967 462 spensationis,
1013 380 1402 459 facultatis,
1451 378 1937 456 ordinationis,
1998 378 2280 456 decreti,
2340 376 2677 454 mandati,
2729 376 3138 454 voluntatis,
3187 375 3475 453 deroga·

479 489 694 552 tionis
718 489 1120 567 intringere,
1151 486 1257 551 vel
1286 488 1349 551 ei
1385 505 1561 551 ausu
1591 487 1958 551 temerario
1989 485 2356 549 contraire.
2395 485 2472 548 Si
2500 484 2659 563 quis
2692 487 2927 547 autem
2953 483 3082 547 hoc
3113 486 3477 546 attentare

482 595 1041 674 praesumpserit,
1088 594 1628 674 indignationem
1675 593 2186 672 omnipotentis
2220 592 2350 656 Dei
2384 608 2468 655 ac
2506 593 2880 655 Beatorum
2914 590 3109 655 Petri
3155 594 3230 653 et
3264 588 3475 653 Pauli

479 703 968 781 Apostolorum
996 703 1146 766 eius
1175 720 1246 765 se
1274 702 1542 765 noverit
1574 702 2037 764 incursurum.
2071 701 2329 764 Datum
2358 700 2616 763 Romae
2639 698 2829 778 apud
2857 698 2930 761 Β.
2970 698 3258 762 Petrum
3288 713 3474 760 anno

481 809 995 872 Incarnationis
1022 808 1421 871 Dominicae
1446 822 1929 870 mcccnxxm
1957 808 2068 872 die
2099 822 2273 868 xm
2308 807 2476 870 Maii
2502 793 2961 869 Pontificatus
2996 803 3240 867 Nostri
3269 804 3478 865 Anno

478 916 744 994 quinto.

1678 1056 1855 1119 LEO
1901 1056 2039 1119 PP.
2077 1056 2253 1118 XIII

1618 1416 2332 1505 INSTRUG'HO

480 1627 541 1694 A
585 1627 810 1698 Sacro
857 1624 1375 1695 Cardinalium
1421 1624 1719 1711 Gallonio
1761 1623 2209 1694 observanda
2252 1624 2553 1693 manto
2598 1620 2775 1692 Sede
2808 1623 3219 1709 Apostolioa
3261 1623 3494 1691 donee

657 1751 1255 1820 extraordinaria
1297 1750 1606 1818 ooo-diuo
1640 1749 1987 1835 perduret
2028 1749 2116 1816 in
2159 1767 2310 1836 qua
2364 1766 2560 1816 nunc
2601 1747 2774 1832 ipae
2813 1747 3170 1816 versatur.

668 1996 728 2055 1.
780 2027 799 2039 ·
836 1992 1145 2056 Vacante
1186 1987 1591 2071 Apostolica
1655 1989 1851 2069 Sede,
1923 1989 2210 2053 Sacrum
2265 1987 2741 2053 Oardinalium
2800 1988 3181 2069 Collegium
3238 1990 3484 2054 eodem

484 2102 685 2164 modo
719 2117 792 2164 se
824 2103 1023 2181 gerat
1048 2115 1185 2178 quo
1210 2116 1284 2163 se
1307 2098 1622 2163 exhibuit
1648 2099 1909 2178 eoipso
1939 2098 2052 2163 die
2076 2114 2235 2162 cum
2261 2098 2478 2161 Roma
2505 2101 2844 2178 occupata
2870 2101 2999 2161 est.
3034 2097 3485 2177 Quapropter

486 2211 552 2287 o)
595 2207 1003 2271 cardinales
1052 2207 1193 2270 sive
1241 2205 1675 2286 singillatim,
1728 2206 1871 2270 sive
1918 2206 2272 2269 collective
2308 2206 2396 2269 ab
2436 2205 2622 2269 omni
2663 2204 3281 2268 communicatione
3321 2222 3480 2268 cum

488 2315 731 2393 quavis
763 2312 953 2378 clvili
987 2314 1409 2377 auctoritate
1445 2313 1883 2377 abstineant:
1931 2312 1995 2393 b)
2036 2313 2310 2392 privato
2342 2329 2532 2377 more
2565 2330 2642 2377 se
2675 2313 2978 2377 vestiant
3012 2317 3087 2377 et
3119 2312 3479 2378 incedant.

488 2422 701 2485 veluti
739 2421 871 2485 huc
911 2438 1123 2499 usque
1159 2426 1246 2484 ab
1284 2421 1376 2484 iis
1405 2422 1751 2485 servatum
1779 2424 1927 2485 est:
1968 2424 2027 2498 ο)
2065 2437 2265 2484 sacra
2294 2436 2602 2499 munera,
2634 2437 2810 2499 quae
2838 2435 3072 2484 eorum
3105 2419 3484 2500 dIgnitatts

489 2533 678 2607 sunt,
724 2529 908 2593 haud
948 2526 1220 2608 publice
1258 2529 1528 2592 obeant.

671 2638 733 2699 2.
767 2672 785 2684 —
819 2637 1014 2700 Sacri
1048 2636 1309 2699 Palatii
1343 2636 1726 2714 Apostolici
1760 2637 2164 2700 Praefectus
2197 2635 2636 2699 Oardinalem
2668 2635 2739 2698 S.
2773 2636 2857 2697 R.
2889 2637 2971 2698 Ε.
3002 2635 3477 2699 camerarium

490 2747 876 2823 opportune
904 2749 1181 2807 moneat
1216 2746 1300 2805 ut
1327 2743 1476 2822 ipse
1506 2760 1580 2805 se
1607 2744 1699 2807 ad
1736 2744 2118 2807 Vaticanas
2144 2743 2368 2807 Aedes
2399 2742 2736 2807 conferat.

671 2851 733 2914 3.
782 2886 801 2898 ·
844 2849 1240 2914 OardinaIIs
1272 2849 1734 2928 Camerarius,
1768 2850 2009 2916 statim
2051 2867 2134 2913 ac
2174 2851 2261 2914 ab
2292 2851 2527 2914 eodem
2566 2850 2762 2914 Sacri
2795 2850 3056 2914 Palatii
3089 2850 3480 2929 Apomlici

491 2959 853 3024 Praefecto
890 2959 1214 3022 nuncium
1252 2958 1336 3023 de
1373 2959 1735 3022 Pontificis
1770 2959 1966 3022 obitu
2003 2959 2368 3039 acceperit,
2405 2976 2489 3023 eo
2521 2958 2750 3038 pergit
2788 2962 2872 3023 ut
2908 2958 3153 3021 summi
3201 2958 3483 3037 imperii

490 3072 652 3131 actu
686 3066 908 3145 ipsius
931 3064 1191 3130 Palatii
1219 3067 1712 3146 possessionem
1747 3068 2005 3146 capiat,
2040 3066 2352 3145 illudque
2381 3082 2729 3145 nunquam
2759 3065 3219 3145 derelinquat,
3247 3065 3484 3145 ibique

491 3189 726 3236 omnes
759 3172 960 3236 officii
995 3174 1103 3235 sui
1141 3175 1378 3253 partes
1411 3174 1706 3254 expleat.
2647 3160 2652 3165 ⁴

674 3282 736 3342 4.
789 3316 807 3327 ·
854 3278 1025 3342 Cum
1072 3281 1470 3346 cardinalis
1504 3281 1944 3345 Camerarius
1979 3282 2182 3345 unica
2227 3281 2612 3345 auctoritas
2649 3281 2747 3344 sit
2782 3283 2959 3359 quae
2998 3279 3306 3361 legitime
3344 3282 3480 3343 obi-

493 3394 642 3451 tum
686 3388 1048 3452 Pontificis
1087 3405 1490 3469 cognoscere
1531 3389 1774 3468 possit,
1819 3389 1904 3453 de
1946 3389 2138 3453 obitu
2203 3388 2359 3468 ipso
2422 3388 2891 3452 authenticam
2956 3388 3480 3451 attestationem

494 3495 829 3559 exarabit.
2455 3524 2460 3561 ι

677 3604 738 3666 5.
781 3639 800 3651 ·
840 3603 1085 3684 Sigilla
1120 3605 1404 3669 aedibus
1439 3604 1735 3685 privatis
1771 3604 2082 3667 defuncti
2116 3604 2479 3668 Pontificis
2515 3602 2714 3666 unIce
2750 3619 2797 3665 a
2840 3601 3201 3665 cardinali
3249 3602 3482 3665 Game-

497 3712 688 3774 rario
711 3716 1170 3792 apponentur,
1198 3713 1404 3792 idque
1433 3714 1525 3777 ad
1554 3713 1889 3777 servanda
1924 3714 2082 3777 iura
2105 3716 2253 3776 tum
2288 3710 2584 3776 Sanctae
2613 3710 2835 3789 Sedis,
2867 3726 3074 3789 quum
3105 3708 3482 3773 cuiuslibet

498 3817 753 3897 privati
785 3817 1101 3889 hominis.
1147 3820 1443 3894 Quaevis
1480 3818 1687 3882 huius
1720 3820 2069 3900 praecepti
2101 3812 2386 3883 violatio
2417 3818 2654 3883 haberi
2684 3816 2960 3882 debebit
2988 3821 3349 3895 tamquam
3382 3817 3485 3880 ris

495 3931 741 3991 contra
789 3926 861 3990 S.
906 3926 1191 4007 Collegii
1242 3928 1630 3992 libertatem
1669 3932 1739 3992 et
1781 3944 2112 3992 summam
2166 3926 2461 3990 Sanctae
2511 3926 2858 3989 Romanae
2898 3923 3253 3990 Ecclesiae
3295 3933 3482 4005 pote-

497 4038 748 4100 statem
778 4035 1004 4099 illata.

680 4144 740 4207 6.
839 4143 1030 4208 Idem
1059 4143 1452 4206 cardinalis
1489 4142 1928 4207 Camerarius
1958 4148 2244 4208 mortem
2283 4143 2642 4207 Pontificis
2679 4141 3041 4207 Oardinali
3070 4142 3367 4207 vicario
3397 4142 3484 4206 si-

495 4249 876 4330 gnificabit,
915 4256 998 4314 ut
1032 4251 1143 4315 hic
1178 4252 1261 4316 de
1294 4269 1371 4316 re
1403 4251 1742 4332 Populum
1778 4252 2159 4316 Romanum
2198 4250 2477 4316 edoceat
2516 4248 2790 4329 publico
2829 4249 3082 4328 edicto,
3132 4266 3271 4329 quo
3309 4250 3483 4329 ipse-

495 4362 637 4421 met
691 4358 1086 4423 cardinalis
1128 4359 1452 4424 vicarius
1495 4360 1896 4425 enunciabit
1951 4377 2093 4424 rem
2140 4360 2273 4423 sibi
2329 4377 2375 4422 a
2432 4358 2740 4440 legitima
2788 4357 3214 4422 auctoritate
3264 4358 3486 4420 tuine

495 4466 1087 4546 communicatam,
1123 4466 1387 4531 scilicet
1416 4485 1462 4530 a
1492 4467 1849 4533 Oardinall
1887 4468 1959 4531 Β.
1998 4469 2079 4531 R.
2122 4470 2204 4531 Ε.
2245 4465 2666 4546 Gamerarlo,
2702 4474 2774 4533 et
2815 4469 3003 4530 iusta
3045 4464 3381 4529 funebria
3412 4466 3482 4527 in

497 4571 802 4648 Basilica
842 4573 1185 4639 Vaticana
1217 4592 1364 4640 esse
1396 4575 1843 4655 persolvenda
1884 4593 1928 4639 a
1962 4574 2289 4655 Capitulo
2333 4575 2405 4639 S.
2454 4576 2671 4641 Petri.

678 4680 739 4744 7.
785 4715 805 4726 -
841 4680 1118 4744 Parlter
1150 4687 1534 4763 opportune
1569 4683 1764 4747 Sacri
1798 4682 2059 4748 Palatii
2094 4682 2479 4765 Apostolici
2517 4682 2922 4749 Praetectus
2955 4686 3241 4746 moneat
3289 4681 3480 4747 Sacri

496 4787 785 4867 collegii
812 4785 1248 4854 Cardinalem
1282 4789 1656 4871 Decanum,
1686 4794 1804 4872 qui
1830 4791 2132 4874 collegas
2156 4794 2247 4857 ad
2281 4794 2664 4858 Vaticanas
2689 4790 2913 4857 Aedes
2942 4786 3258 4856 advocet.

677 4896 739 4959 8.
775 4933 795 4944 ·
825 4895 1222 4961 cardinalis
1247 4898 1567 4963 Decantm
1591 4901 1667 4962 in
1697 4900 1822 4964 hoc
1853 4901 2325 4965 advocationis
2355 4900 2634 4979 nuncio,
2666 4898 2848 4978 quod
2883 4916 2968 4962 ex
3006 4898 3327 4964 Aedibus
3355 4902 3478 4963 Va·

494 5003 752 5068 ticanis
783 5021 1100 5084 expresse
1141 5006 1447 5085 dabitur,
1489 5008 1700 5071 Sacro
1744 5007 2051 5089 CollegIo
2086 5008 2506 5088 significabit
2550 5012 2632 5071 ut
2677 5007 3005 5071 accedant
3045 5009 3255 5072 iuxta
3296 5026 3478 5090 prae-

497 5111 757 5191 scripta
790 5112 1072 5176 articuli
1103 5114 1306 5195 primi
1339 5116 1583 5179 harum
1612 5118 2026 5196 regularum.

1294 5584 3615 5706 ³——
