<?xml version="1.0" encoding="UTF-8"?>
<!DOCTYPE html PUBLIC "-//W3C//DTD XHTML 1.0 Transitional//EN"
    "http://www.w3.org/TR/xhtml1/DTD/xhtml1-transitional.dtd">
<html xmlns="http://www.w3.org/1999/xhtml" xml:lang="en" lang="en">
 <head>
  <title>
</title>
<meta http-equiv="Content-Type" content="text/html;charset=utf-8" />
  <meta name='ocr-system' content='tesseract 3.04.00' />
  <meta name='ocr-capabilities' content='ocr_page ocr_carea ocr_par ocr_line ocrx_word'/>
</head>
<body>
  <div class='ocr_page' id='page_1' title='image "./codexiuriscanon00xgoog_0349.png"; bbox 0 0 3753 5871; ppageno 0'>
   <div class='ocr_carea' id='block_1_1' title="bbox 1397 298 3316 355">
    <p class='ocr_par' dir='ltr' id='par_1_1' title="bbox 1397 298 3316 355">
     <span class='ocr_line' id='line_1_1' title="bbox 1397 298 3316 355; baseline -0.004 -5"><span class='ocrx_word' id='word_1_1' title='bbox 1397 300 1572 350; x_wconf 76' lang='lat' dir='ltr'>Liber</span> <span class='ocrx_word' id='word_1_2' title='bbox 1599 298 1834 349; x_wconf 67' lang='lat' dir='ltr'>Tertius</span> <span class='ocrx_word' id='word_1_3' title='bbox 1864 324 1884 335; x_wconf 93' lang='lat'><strong>·</strong></span> <span class='ocrx_word' id='word_1_4' title='bbox 1913 300 2001 349; x_wconf 81' lang='lat' dir='ltr'>De</span> <span class='ocrx_word' id='word_1_5' title='bbox 2031 298 2227 348; x_wconf 71' lang='lat' dir='ltr'>Rebus</span> <span class='ocrx_word' id='word_1_6' title='bbox 3207 298 3316 355; x_wconf 70' lang='lat'>297</span> 
     </span>
    </p>
   </div>
   <div class='ocr_carea' id='block_1_2' title="bbox 1585 519 2016 592">
    <p class='ocr_par' dir='ltr' id='par_1_2' title="bbox 1585 519 2016 592">
     <span class='ocr_line' id='line_1_2' title="bbox 1585 519 2016 592; baseline -0.005 -5"><span class='ocrx_word' id='word_1_7' title='bbox 1585 519 1762 587; x_wconf 75' lang='lat' dir='ltr'>CAN.</span> <span class='ocrx_word' id='word_1_8' title='bbox 1822 519 2016 592; x_wconf 89' lang='grc'><strong>1038.</strong></span> 
     </span>
    </p>
   </div>
   <div class='ocr_carea' id='block_1_3' title="bbox 280 662 3317 1180">
    <p class='ocr_par' dir='ltr' id='par_1_3' title="bbox 317 662 3309 857">
     <span class='ocr_line' id='line_1_3' title="bbox 492 662 3309 748; baseline -0 -18"><span class='ocrx_word' id='word_1_9' title='bbox 492 664 526 747; x_wconf 64' lang='grc' dir='ltr'><strong><em>ξ</em></strong></span> <span class='ocrx_word' id='word_1_10' title='bbox 575 668 639 730; x_wconf 92' lang='grc'>1.</span> <span class='ocrx_word' id='word_1_11' title='bbox 693 664 1095 748; x_wconf 84' lang='lat' dir='ltr'>Supremae</span> <span class='ocrx_word' id='word_1_12' title='bbox 1135 669 1427 731; x_wconf 86' lang='lat' dir='ltr'>tantum</span> <span class='ocrx_word' id='word_1_13' title='bbox 1478 663 1954 730; x_wconf 79' lang='lat' dir='ltr'>auctoritatis</span> <span class='ocrx_word' id='word_1_14' title='bbox 1993 662 2532 729; x_wconf 84' lang='lat' dir='ltr'>ecclesiasticae</span> <span class='ocrx_word' id='word_1_15' title='bbox 2581 666 2696 729; x_wconf 88' lang='lat' dir='ltr'>est</span> <span class='ocrx_word' id='word_1_16' title='bbox 2729 662 3154 729; x_wconf 82' lang='lat' dir='ltr'>authentice</span> <span class='ocrx_word' id='word_1_17' title='bbox 3194 663 3309 729; x_wconf 91' lang='lat' dir='ltr'>de·</span> 
     </span>
     <span class='ocr_line' id='line_1_4' title="bbox 317 768 3202 857; baseline -0.001 -18"><span class='ocrx_word' id='word_1_18' title='bbox 317 773 607 840; x_wconf 84' lang='lat' dir='ltr'>clarare</span> <span class='ocrx_word' id='word_1_19' title='bbox 643 772 1108 857; x_wconf 84' lang='lat' dir='ltr'>quandonam</span> <span class='ocrx_word' id='word_1_20' title='bbox 1143 773 1262 838; x_wconf 88' lang='lat' dir='ltr'>ius</span> <span class='ocrx_word' id='word_1_21' title='bbox 1295 772 1626 837; x_wconf 88' lang='lat' dir='ltr'>divinum</span> <span class='ocrx_word' id='word_1_22' title='bbox 1672 771 2224 837; x_wconf 84' lang='lat' dir='ltr'>matrimonium</span> <span class='ocrx_word' id='word_1_23' title='bbox 2271 770 2626 855; x_wconf 89' lang='lat' dir='ltr'>impediat</span> <span class='ocrx_word' id='word_1_24' title='bbox 2661 770 2775 837; x_wconf 82' lang='lat' dir='ltr'>vel</span> <span class='ocrx_word' id='word_1_25' title='bbox 2812 769 3120 838; x_wconf 81' lang='lat' dir='ltr'>dirimat</span> <span class='ocrx_word' id='word_1_26' title='bbox 3151 768 3202 835; x_wconf 83' lang='lat'>¹.</span> 
     </span>
    </p>

    <p class='ocr_par' dir='ltr' id='par_1_4' title="bbox 280 877 3317 1180">
     <span class='ocr_line' id='line_1_5' title="bbox 499 877 3313 963; baseline -0.001 -17"><span class='ocrx_word' id='word_1_27' title='bbox 499 880 533 962; x_wconf 66' lang='grc' dir='ltr'><strong>ξ</strong></span> <span class='ocrx_word' id='word_1_28' title='bbox 580 880 646 946; x_wconf 91' lang='grc'>2.</span> <span class='ocrx_word' id='word_1_29' title='bbox 698 881 955 947; x_wconf 84' lang='lat' dir='ltr'>Eidem</span> <span class='ocrx_word' id='word_1_30' title='bbox 994 895 1379 963; x_wconf 80' lang='lat' dir='ltr'>supremae</span> <span class='ocrx_word' id='word_1_31' title='bbox 1411 879 1849 945; x_wconf 82' lang='lat' dir='ltr'>auctoritati</span> <span class='ocrx_word' id='word_1_32' title='bbox 1887 878 2252 962; x_wconf 77' lang='lat' dir='ltr'>privative</span> <span class='ocrx_word' id='word_1_33' title='bbox 2294 878 2413 944; x_wconf 88' lang='lat' dir='ltr'>ius</span> <span class='ocrx_word' id='word_1_34' title='bbox 2448 885 2559 945; x_wconf 86' lang='lat' dir='ltr'>est</span> <span class='ocrx_word' id='word_1_35' title='bbox 2604 877 2752 944; x_wconf 89' lang='lat' dir='ltr'>alia</span> <span class='ocrx_word' id='word_1_36' title='bbox 2793 878 3313 961; x_wconf 84' lang='lat' dir='ltr'>impedimenta</span> 
     </span>
     <span class='ocr_line' id='line_1_6' title="bbox 280 985 3317 1071; baseline -0.001 -18"><span class='ocrx_word' id='word_1_37' title='bbox 280 986 285 993; x_wconf 82' lang='grc'><strong>’</strong></span> <span class='ocrx_word' id='word_1_38' title='bbox 322 988 874 1056; x_wconf 85' lang='lat' dir='ltr'>matrimonium</span> <span class='ocrx_word' id='word_1_39' title='bbox 918 987 1393 1071; x_wconf 83' lang='lat' dir='ltr'>impedientia</span> <span class='ocrx_word' id='word_1_40' title='bbox 1425 986 1541 1053; x_wconf 83' lang='lat' dir='ltr'>vel</span> <span class='ocrx_word' id='word_1_41' title='bbox 1574 986 2007 1054; x_wconf 84' lang='lat' dir='ltr'>dirimentia</span> <span class='ocrx_word' id='word_1_42' title='bbox 2042 1004 2176 1070; x_wconf 90' lang='lat' dir='ltr'>pro</span> <span class='ocrx_word' id='word_1_43' title='bbox 2209 987 2608 1070; x_wconf 87' lang='lat' dir='ltr'>baptizatis</span> <span class='ocrx_word' id='word_1_44' title='bbox 2648 985 3149 1053; x_wconf 85' lang='lat' dir='ltr'>constituendi</span> <span class='ocrx_word' id='word_1_45' title='bbox 3186 1003 3317 1068; x_wconf 91' lang='lat' dir='ltr'>per</span> 
     </span>
     <span class='ocr_line' id='line_1_7' title="bbox 324 1080 2296 1180; baseline -0.001 -20"><span class='ocrx_word' id='word_1_46' title='bbox 324 1095 618 1162; x_wconf 91' lang='lat' dir='ltr'>modum</span> <span class='ocrx_word' id='word_1_47' title='bbox 652 1094 838 1180; x_wconf 84' lang='lat' dir='ltr'>legis</span> <span class='ocrx_word' id='word_1_48' title='bbox 873 1095 1026 1162; x_wconf 86' lang='lat' dir='ltr'>sive</span> <span class='ocrx_word' id='word_1_49' title='bbox 1060 1094 1502 1161; x_wconf 82' lang='lat' dir='ltr'>universalis</span> <span class='ocrx_word' id='word_1_50' title='bbox 1520 1080 1689 1161; x_wconf 73' lang='lat' dir='ltr'>&#39;sive</span> <span class='ocrx_word' id='word_1_51' title='bbox 1725 1094 2207 1177; x_wconf 82' lang='lat' dir='ltr'>particularis</span> <span class='ocrx_word' id='word_1_52' title='bbox 2243 1092 2296 1159; x_wconf 84' lang='lat'>².</span> 
     </span>
    </p>
   </div>
   <div class='ocr_carea' id='block_1_4' title="bbox 1597 1287 2019 1355">
    <p class='ocr_par' dir='ltr' id='par_1_5' title="bbox 1597 1287 2019 1355">
     <span class='ocr_line' id='line_1_8' title="bbox 1597 1287 2019 1355; baseline -0.005 0"><span class='ocrx_word' id='word_1_53' title='bbox 1597 1287 1773 1355; x_wconf 74' lang='lat' dir='ltr'>CAN.</span> <span class='ocrx_word' id='word_1_54' title='bbox 1823 1287 2019 1355; x_wconf 85' lang='lat'>1039.</span> 
     </span>
    </p>
   </div>
   <div class='ocr_carea' id='block_1_5' title="bbox 324 1428 3312 1621">
    <p class='ocr_par' dir='ltr' id='par_1_6' title="bbox 324 1428 3312 1621">
     <span class='ocr_line' id='line_1_9' title="bbox 500 1428 3311 1513; baseline -0.001 -16"><span class='ocrx_word' id='word_1_55' title='bbox 500 1430 534 1513; x_wconf 64' lang='grc' dir='ltr'><strong><em>ξ</em></strong></span> <span class='ocrx_word' id='word_1_56' title='bbox 582 1433 649 1497; x_wconf 93' lang='grc'>1.</span> <span class='ocrx_word' id='word_1_57' title='bbox 700 1431 1084 1499; x_wconf 79' lang='lat' dir='ltr'>Ordinarii</span> <span class='ocrx_word' id='word_1_58' title='bbox 1122 1432 1450 1498; x_wconf 86' lang='lat' dir='ltr'>locorum</span> <span class='ocrx_word' id='word_1_59' title='bbox 1497 1431 1837 1499; x_wconf 90' lang='lat' dir='ltr'>omnibus</span> <span class='ocrx_word' id='word_1_60' title='bbox 1875 1431 1956 1496; x_wconf 85' lang='lat' dir='ltr'>in</span> <span class='ocrx_word' id='word_1_61' title='bbox 2003 1448 2136 1497; x_wconf 92' lang='lat' dir='ltr'>suo</span> <span class='ocrx_word' id='word_1_62' title='bbox 2173 1429 2557 1497; x_wconf 89' lang='lat' dir='ltr'>territorio</span> <span class='ocrx_word' id='word_1_63' title='bbox 2590 1434 2761 1497; x_wconf 88' lang='lat' dir='ltr'>actu</span> <span class='ocrx_word' id='word_1_64' title='bbox 2801 1428 3311 1511; x_wconf 84' lang='lat' dir='ltr'>commoranti·</span> 
     </span>
     <span class='ocr_line' id='line_1_10' title="bbox 324 1516 3312 1621; baseline -0.002 -15"><span class='ocrx_word' id='word_1_65' title='bbox 324 1539 462 1606; x_wconf 89' lang='lat' dir='ltr'>bus</span> <span class='ocrx_word' id='word_1_66' title='bbox 493 1545 568 1608; x_wconf 89' lang='lat' dir='ltr'>et</span> <span class='ocrx_word' id='word_1_67' title='bbox 602 1540 759 1606; x_wconf 89' lang='lat' dir='ltr'>suis</span> <span class='ocrx_word' id='word_1_68' title='bbox 791 1540 1111 1607; x_wconf 89' lang='lat' dir='ltr'>subditis</span> <span class='ocrx_word' id='word_1_69' title='bbox 1141 1540 1367 1607; x_wconf 88' lang='lat' dir='ltr'>etiam</span> <span class='ocrx_word' id='word_1_70' title='bbox 1409 1545 1621 1606; x_wconf 85' lang='lat' dir='ltr'>extra</span> <span class='ocrx_word' id='word_1_71' title='bbox 1655 1538 1837 1605; x_wconf 83' lang='lat' dir='ltr'>fines</span> <span class='ocrx_word' id='word_1_72' title='bbox 1872 1539 1990 1605; x_wconf 92' lang='lat' dir='ltr'>sui</span> <span class='ocrx_word' id='word_1_73' title='bbox 2035 1538 2396 1605; x_wconf 88' lang='lat' dir='ltr'>territorii</span> <span class='ocrx_word' id='word_1_74' title='bbox 2432 1541 2681 1604; x_wconf 86' lang='lat' dir='ltr'>vetare</span> <span class='ocrx_word' id='word_1_75' title='bbox 2717 1545 3027 1621; x_wconf 77' lang='lat' dir='ltr'>possunt</span> <span class='ocrx_word' id='word_1_76' title='bbox 3062 1516 3312 1603; x_wconf 86' lang='lat' dir='ltr'>matri·</span> 
     </span>
    </p>
   </div>
   <div class='ocr_carea' id='block_1_6' title="bbox 323 1646 3319 1838">
    <p class='ocr_par' dir='ltr' id='par_1_7' title="bbox 323 1646 3319 1838">
     <span class='ocr_line' id='line_1_11' title="bbox 330 1646 3319 1731; baseline -0.001 -17"><span class='ocrx_word' id='word_1_77' title='bbox 330 1649 575 1716; x_wconf 85' lang='lat' dir='ltr'>monia</span> <span class='ocrx_word' id='word_1_78' title='bbox 617 1648 696 1714; x_wconf 90' lang='lat' dir='ltr'>in</span> <span class='ocrx_word' id='word_1_79' title='bbox 748 1665 924 1714; x_wconf 88' lang='lat' dir='ltr'>casu</span> <span class='ocrx_word' id='word_1_80' title='bbox 972 1647 1358 1731; x_wconf 87' lang='lat' dir='ltr'>peculiari.</span> <span class='ocrx_word' id='word_1_81' title='bbox 1416 1647 1542 1714; x_wconf 88' lang='lat' dir='ltr'>sed</span> <span class='ocrx_word' id='word_1_82' title='bbox 1588 1648 1682 1725; x_wconf 73' lang='lat' dir='ltr'>ad</span> <span class='ocrx_word' id='word_1_83' title='bbox 1728 1652 2020 1731; x_wconf 89' lang='lat' dir='ltr'>tempus</span> <span class='ocrx_word' id='word_1_84' title='bbox 2063 1650 2382 1727; x_wconf 85' lang='lat' dir='ltr'>tantum,</span> <span class='ocrx_word' id='word_1_85' title='bbox 2432 1646 2631 1713; x_wconf 87' lang='lat' dir='ltr'>iusta</span> <span class='ocrx_word' id='word_1_86' title='bbox 2686 1646 2776 1712; x_wconf 91' lang='lat' dir='ltr'>de</span> <span class='ocrx_word' id='word_1_87' title='bbox 2819 1663 3044 1711; x_wconf 83' lang='lat' dir='ltr'>causa</span> <span class='ocrx_word' id='word_1_88' title='bbox 3089 1663 3319 1728; x_wconf 86' lang='lat' dir='ltr'>eaque</span> 
     </span>
     <span class='ocr_line' id='line_1_12' title="bbox 323 1754 861 1838; baseline 0.006 -18"><span class='ocrx_word' id='word_1_89' title='bbox 323 1754 775 1838; x_wconf 84' lang='lat' dir='ltr'>perdurante</span> <span class='ocrx_word' id='word_1_90' title='bbox 807 1754 861 1823; x_wconf 83' lang='lat'>⁸.</span> 
     </span>
    </p>
   </div>
   <div class='ocr_carea' id='block_1_7' title="bbox 504 1860 3316 1947">
    <p class='ocr_par' dir='ltr' id='par_1_8' title="bbox 504 1860 3316 1947">
     <span class='ocr_line' id='line_1_13' title="bbox 504 1860 3316 1947; baseline -0.001 -18"><span class='ocrx_word' id='word_1_91' title='bbox 504 1864 538 1947; x_wconf 66' lang='grc' dir='ltr'><strong>ξ</strong></span> <span class='ocrx_word' id='word_1_92' title='bbox 571 1863 637 1929; x_wconf 89' lang='lat'>2.</span> <span class='ocrx_word' id='word_1_93' title='bbox 651 1863 911 1931; x_wconf 88' lang='lat' dir='ltr'>Vetito</span> <span class='ocrx_word' id='word_1_94' title='bbox 929 1862 1341 1929; x_wconf 85' lang='lat' dir='ltr'>clausulam</span> <span class='ocrx_word' id='word_1_95' title='bbox 1372 1862 1797 1929; x_wconf 83' lang='lat' dir='ltr'>irritantem</span> <span class='ocrx_word' id='word_1_96' title='bbox 1830 1880 1984 1928; x_wconf 79' lang='lat' dir='ltr'>una</span> <span class='ocrx_word' id='word_1_97' title='bbox 2014 1860 2681 1945; x_wconf 81' lang='lat' dir='ltr'>SedesApostolica·</span> <span class='ocrx_word' id='word_1_98' title='bbox 2706 1861 2979 1928; x_wconf 84' lang='lat' dir='ltr'>addere</span> <span class='ocrx_word' id='word_1_99' title='bbox 3009 1861 3316 1945; x_wconf 48' lang='lat' dir='ltr'>potest&amp;</span> 
     </span>
    </p>
   </div>
   <div class='ocr_carea' id='block_1_8' title="bbox 1602 2047 2023 2115">
    <p class='ocr_par' dir='ltr' id='par_1_9' title="bbox 1602 2047 2023 2115">
     <span class='ocr_line' id='line_1_14' title="bbox 1602 2047 2023 2115; baseline -0.005 0"><span class='ocrx_word' id='word_1_100' title='bbox 1602 2047 1779 2115; x_wconf 70' lang='lat' dir='ltr'>CAN.</span> <span class='ocrx_word' id='word_1_101' title='bbox 1828 2047 2023 2114; x_wconf 73' lang='grc'><strong>1040.</strong></span> 
     </span>
    </p>
   </div>
   <div class='ocr_carea' id='block_1_9' title="bbox 328 2187 3323 2598">
    <p class='ocr_par' dir='ltr' id='par_1_10' title="bbox 328 2187 3323 2598">
     <span class='ocr_line' id='line_1_15' title="bbox 504 2187 3318 2274; baseline 0.002 -22"><span class='ocrx_word' id='word_1_102' title='bbox 504 2187 814 2256; x_wconf 88' lang='lat' dir='ltr'>Praeter</span> <span class='ocrx_word' id='word_1_103' title='bbox 842 2189 1254 2256; x_wconf 86' lang='lat' dir='ltr'>Romanum</span> <span class='ocrx_word' id='word_1_104' title='bbox 1294 2188 1752 2266; x_wconf 85' lang='lat' dir='ltr'>Pontificem,</span> <span class='ocrx_word' id='word_1_105' title='bbox 1787 2207 2000 2256; x_wconf 86' lang='lat' dir='ltr'>nemo</span> <span class='ocrx_word' id='word_1_106' title='bbox 2038 2194 2280 2274; x_wconf 87' lang='lat' dir='ltr'>potest</span> <span class='ocrx_word' id='word_1_107' title='bbox 2316 2190 2839 2274; x_wconf 81' lang='lat' dir='ltr'>impedimenta</span> <span class='ocrx_word' id='word_1_108' title='bbox 2880 2192 3067 2258; x_wconf 89' lang='lat' dir='ltr'>iuris</span> <span class='ocrx_word' id='word_1_109' title='bbox 3101 2193 3318 2259; x_wconf 89' lang='lat' dir='ltr'>eccle-</span> 
     </span>
     <span class='ocr_line' id='line_1_16' title="bbox 328 2295 3318 2385; baseline 0.001 -24"><span class='ocrx_word' id='word_1_110' title='bbox 328 2295 614 2364; x_wconf 85' lang='lat' dir='ltr'>siastici</span> <span class='ocrx_word' id='word_1_111' title='bbox 642 2296 796 2363; x_wconf 79' lang='lat' dir='ltr'>sive</span> <span class='ocrx_word' id='word_1_112' title='bbox 825 2295 1301 2380; x_wconf 86' lang='lat' dir='ltr'>impedientia</span> <span class='ocrx_word' id='word_1_113' title='bbox 1337 2298 1491 2364; x_wconf 84' lang='lat' dir='ltr'>sive</span> <span class='ocrx_word' id='word_1_114' title='bbox 1517 2296 1946 2364; x_wconf 85' lang='lat' dir='ltr'>dirimentia</span> <span class='ocrx_word' id='word_1_115' title='bbox 1982 2298 2364 2382; x_wconf 81' lang='lat' dir='ltr'>abrogare,</span> <span class='ocrx_word' id='word_1_116' title='bbox 2394 2304 2530 2366; x_wconf 89' lang='lat' dir='ltr'>aut</span> <span class='ocrx_word' id='word_1_117' title='bbox 2559 2299 2713 2365; x_wconf 89' lang='lat' dir='ltr'>illis</span> <span class='ocrx_word' id='word_1_118' title='bbox 2740 2300 3114 2385; x_wconf 80' lang='lat' dir='ltr'>derogare3</span> <span class='ocrx_word' id='word_1_119' title='bbox 3145 2301 3318 2367; x_wconf 90' lang='lat' dir='ltr'>item</span> 
     </span>
     <span class='ocr_line' id='line_1_17' title="bbox 330 2404 3323 2491; baseline 0.003 -22"><span class='ocrx_word' id='word_1_120' title='bbox 330 2422 462 2471; x_wconf 85' lang='lat' dir='ltr'>nec</span> <span class='ocrx_word' id='word_1_121' title='bbox 497 2404 577 2470; x_wconf 91' lang='lat' dir='ltr'>in</span> <span class='ocrx_word' id='word_1_122' title='bbox 619 2404 892 2481; x_wconf 84' lang='lat' dir='ltr'>eisdem</span> <span class='ocrx_word' id='word_1_123' title='bbox 928 2406 1384 2490; x_wconf 85' lang='lat' dir='ltr'>dispensare,</span> <span class='ocrx_word' id='word_1_124' title='bbox 1430 2406 1576 2472; x_wconf 80' lang='lat' dir='ltr'>nisi</span> <span class='ocrx_word' id='word_1_125' title='bbox 1609 2407 1773 2473; x_wconf 89' lang='lat' dir='ltr'>iure</span> <span class='ocrx_word' id='word_1_126' title='bbox 1813 2407 2184 2474; x_wconf 89' lang='lat' dir='ltr'>communi</span> <span class='ocrx_word' id='word_1_127' title='bbox 2219 2406 2334 2473; x_wconf 83' lang='lat' dir='ltr'>vel</span> <span class='ocrx_word' id='word_1_128' title='bbox 2372 2408 2676 2491; x_wconf 87' lang='lat' dir='ltr'>speciali</span> <span class='ocrx_word' id='word_1_129' title='bbox 2721 2407 3015 2475; x_wconf 89' lang='lat' dir='ltr'>indulto</span> <span class='ocrx_word' id='word_1_130' title='bbox 3050 2428 3098 2475; x_wconf 85' lang='lat' dir='ltr'>a</span> <span class='ocrx_word' id='word_1_131' title='bbox 3135 2410 3323 2477; x_wconf 84' lang='lat' dir='ltr'>Sede</span> 
     </span>
     <span class='ocr_line' id='line_1_18' title="bbox 333 2511 2055 2598; baseline 0.002 -21"><span class='ocrx_word' id='word_1_132' title='bbox 333 2511 758 2596; x_wconf 84' lang='lat' dir='ltr'>Apostolica</span> <span class='ocrx_word' id='word_1_133' title='bbox 792 2512 971 2581; x_wconf 83' lang='lat' dir='ltr'>haec</span> <span class='ocrx_word' id='word_1_134' title='bbox 1004 2516 1334 2598; x_wconf 78' lang='lat' dir='ltr'>potestas</span> <span class='ocrx_word' id='word_1_135' title='bbox 1364 2531 1710 2581; x_wconf 85' lang='lat' dir='ltr'>concessa</span> <span class='ocrx_word' id='word_1_136' title='bbox 1741 2514 1974 2582; x_wconf 78' lang='lat' dir='ltr'>fuerit</span> <span class='ocrx_word' id='word_1_137' title='bbox 2003 2513 2055 2580; x_wconf 82' lang='lat'>⁸.</span> 
     </span>
    </p>
   </div>
   <div class='ocr_carea' id='block_1_10' title="bbox 1610 2707 2031 2775">
    <p class='ocr_par' dir='ltr' id='par_1_11' title="bbox 1610 2707 2031 2775">
     <span class='ocr_line' id='line_1_19' title="bbox 1610 2707 2031 2775; baseline -0.005 0"><span class='ocrx_word' id='word_1_138' title='bbox 1610 2707 1786 2775; x_wconf 74' lang='lat' dir='ltr'>CAN.</span> <span class='ocrx_word' id='word_1_139' title='bbox 1836 2707 2031 2773; x_wconf 86' lang='lat'>1041.</span> 
     </span>
    </p>
   </div>
   <div class='ocr_carea' id='block_1_11' title="bbox 329 2850 3321 3043">
    <p class='ocr_par' dir='ltr' id='par_1_12' title="bbox 329 2850 3321 3043">
     <span class='ocr_line' id='line_1_20' title="bbox 506 2850 3321 2935; baseline -0.001 -18"><span class='ocrx_word' id='word_1_140' title='bbox 506 2850 982 2919; x_wconf 86' lang='lat' dir='ltr'>Consuetudo</span> <span class='ocrx_word' id='word_1_141' title='bbox 1029 2868 1296 2916; x_wconf 82' lang='lat' dir='ltr'>novum</span> <span class='ocrx_word' id='word_1_142' title='bbox 1337 2851 1943 2935; x_wconf 88' lang='lat' dir='ltr'>impedimentum</span> <span class='ocrx_word' id='word_1_143' title='bbox 1983 2851 2341 2919; x_wconf 89' lang='lat' dir='ltr'>inducens</span> <span class='ocrx_word' id='word_1_144' title='bbox 2381 2856 2516 2918; x_wconf 86' lang='lat' dir='ltr'>aut</span> <span class='ocrx_word' id='word_1_145' title='bbox 2553 2850 3101 2935; x_wconf 85' lang='lat' dir='ltr'>impedimentis</span> <span class='ocrx_word' id='word_1_146' title='bbox 3137 2850 3321 2918; x_wconf 85' lang='lat' dir='ltr'>exsi-</span> 
     </span>
     <span class='ocr_line' id='line_1_21' title="bbox 329 2959 1677 3043; baseline 0.001 -18"><span class='ocrx_word' id='word_1_147' title='bbox 329 2959 699 3026; x_wconf 88' lang='lat' dir='ltr'>stentibus</span> <span class='ocrx_word' id='word_1_148' title='bbox 739 2960 1118 3026; x_wconf 85' lang='lat' dir='ltr'>contraria</span> <span class='ocrx_word' id='word_1_149' title='bbox 1156 2959 1595 3043; x_wconf 81' lang='lat' dir='ltr'>reprobatur</span> <span class='ocrx_word' id='word_1_150' title='bbox 1627 2959 1677 3027; x_wconf 79' lang='lat'>⁸.</span> 
     </span>
    </p>
   </div>
   <div class='ocr_carea' id='block_1_12' title="bbox 1598 3137 2020 3207">
    <p class='ocr_par' dir='ltr' id='par_1_13' title="bbox 1598 3137 2020 3207">
     <span class='ocr_line' id='line_1_22' title="bbox 1598 3137 2020 3207; baseline -0.007 -1"><span class='ocrx_word' id='word_1_151' title='bbox 1598 3139 1775 3206; x_wconf 73' lang='lat' dir='ltr'>CAN.</span> <span class='ocrx_word' id='word_1_152' title='bbox 1823 3137 2020 3207; x_wconf 87' lang='grc'><strong>1042.</strong></span> 
     </span>
    </p>
   </div>
   <div class='ocr_carea' id='block_1_13' title="bbox 512 3278 2896 3472">
    <p class='ocr_par' dir='ltr' id='par_1_14' title="bbox 512 3278 2896 3472">
     <span class='ocr_line' id='line_1_23' title="bbox 512 3278 2896 3366; baseline 0.001 -20"><span class='ocrx_word' id='word_1_153' title='bbox 512 3279 548 3363; x_wconf 63' lang='grc' dir='ltr'><strong>ξ</strong></span> <span class='ocrx_word' id='word_1_154' title='bbox 594 3282 660 3346; x_wconf 93' lang='grc'>1.</span> <span class='ocrx_word' id='word_1_155' title='bbox 712 3281 1251 3365; x_wconf 86' lang='lat' dir='ltr'>Impedimenta</span> <span class='ocrx_word' id='word_1_156' title='bbox 1286 3281 1440 3347; x_wconf 82' lang='lat' dir='ltr'>alia</span> <span class='ocrx_word' id='word_1_157' title='bbox 1484 3286 1661 3348; x_wconf 91' lang='lat' dir='ltr'>sunt</span> <span class='ocrx_word' id='word_1_158' title='bbox 1695 3281 1974 3366; x_wconf 72' lang='lat' dir='ltr'>yradus</span> <span class='ocrx_word' id='word_1_159' title='bbox 2009 3279 2345 3363; x_wconf 73' lang='lat' dir='ltr'>minoris,</span> <span class='ocrx_word' id='word_1_160' title='bbox 2380 3281 2534 3347; x_wconf 90' lang='lat' dir='ltr'>alia</span> <span class='ocrx_word' id='word_1_161' title='bbox 2567 3278 2896 3347; x_wconf 73' lang='lat' dir='ltr'>maioris.</span> 
     </span>
     <span class='ocr_line' id='line_1_24' title="bbox 513 3384 2170 3472; baseline 0 -19"><span class='ocrx_word' id='word_1_162' title='bbox 513 3386 549 3470; x_wconf 63' lang='grc' dir='ltr'><strong>ς</strong></span> <span class='ocrx_word' id='word_1_163' title='bbox 593 3384 661 3454; x_wconf 88' lang='grc'>2.</span> <span class='ocrx_word' id='word_1_164' title='bbox 713 3387 1250 3471; x_wconf 87' lang='lat' dir='ltr'>Impedimenta</span> <span class='ocrx_word' id='word_1_165' title='bbox 1283 3388 1561 3472; x_wconf 81' lang='lat' dir='ltr'>gradus</span> <span class='ocrx_word' id='word_1_166' title='bbox 1602 3389 1912 3455; x_wconf 91' lang='lat' dir='ltr'>minoris</span> <span class='ocrx_word' id='word_1_167' title='bbox 1950 3392 2170 3457; x_wconf 89' lang='lat' dir='ltr'>sunt:</span> 
     </span>
    </p>
   </div>
   <div class='ocr_carea' id='block_1_14' title="bbox 593 3496 2817 3690">
    <p class='ocr_par' dir='ltr' id='par_1_15' title="bbox 593 3496 2817 3690">
     <span class='ocr_line' id='line_1_25' title="bbox 593 3496 2817 3582; baseline 0 -19"><span class='ocrx_word' id='word_1_168' title='bbox 593 3499 693 3563; x_wconf 80' lang='lat'>1.⁰</span> <span class='ocrx_word' id='word_1_169' title='bbox 736 3497 1366 3582; x_wconf 75' lang='lat' dir='ltr'>consanguinitas</span> <span class='ocrx_word' id='word_1_170' title='bbox 1405 3498 1484 3564; x_wconf 91' lang='lat' dir='ltr'>in</span> <span class='ocrx_word' id='word_1_171' title='bbox 1526 3498 1753 3564; x_wconf 90' lang='lat' dir='ltr'>tertio</span> <span class='ocrx_word' id='word_1_172' title='bbox 1788 3496 2024 3581; x_wconf 86' lang='lat' dir='ltr'>gradu</span> <span class='ocrx_word' id='word_1_173' title='bbox 2066 3497 2305 3564; x_wconf 88' lang='lat' dir='ltr'>lineae</span> <span class='ocrx_word' id='word_1_174' title='bbox 2341 3497 2817 3581; x_wconf 84' lang='lat' dir='ltr'>collateralis3</span> 
     </span>
     <span class='ocr_line' id='line_1_26' title="bbox 596 3602 2632 3690; baseline 0.001 -21"><span class='ocrx_word' id='word_1_175' title='bbox 596 3603 693 3669; x_wconf 81' lang='lat'>2.⁰</span> <span class='ocrx_word' id='word_1_176' title='bbox 737 3602 1084 3672; x_wconf 81' lang='lat' dir='ltr'>Affinitas</span> <span class='ocrx_word' id='word_1_177' title='bbox 1120 3605 1197 3671; x_wconf 89' lang='lat' dir='ltr'>in</span> <span class='ocrx_word' id='word_1_178' title='bbox 1236 3605 1556 3673; x_wconf 88' lang='lat' dir='ltr'>secundo</span> <span class='ocrx_word' id='word_1_179' title='bbox 1600 3604 1835 3690; x_wconf 83' lang='lat' dir='ltr'>gradu</span> <span class='ocrx_word' id='word_1_180' title='bbox 1875 3605 2113 3672; x_wconf 86' lang='lat' dir='ltr'>lineae</span> <span class='ocrx_word' id='word_1_181' title='bbox 2157 3605 2632 3689; x_wconf 79' lang='lat' dir='ltr'>collateralis3</span> 
     </span>
    </p>
   </div>
   <div class='ocr_carea' id='block_1_15' title="bbox 334 3868 3333 4732">
    <p class='ocr_par' dir='ltr' id='par_1_16' title="bbox 337 3868 3327 4020">
     <span class='ocr_line' id='line_1_27' title="bbox 512 3868 3327 3931; baseline 0 -10"><span class='ocrx_word' id='word_1_182' title='bbox 512 3870 533 3906; x_wconf 84' lang='lat'>²</span> <span class='ocrx_word' id='word_1_183' title='bbox 570 3869 745 3921; x_wconf 82' lang='lat' dir='ltr'>Cone.</span> <span class='ocrx_word' id='word_1_184' title='bbox 783 3869 1072 3929; x_wconf 64' lang='lat' dir='ltr'>trudent..</span> <span class='ocrx_word' id='word_1_185' title='bbox 1112 3880 1254 3921; x_wconf 79' lang='lat' dir='ltr'>sess.</span> <span class='ocrx_word' id='word_1_186' title='bbox 1304 3869 1504 3930; x_wconf 80' lang='lat' dir='ltr'>xxlv,</span> <span class='ocrx_word' id='word_1_187' title='bbox 1553 3870 1625 3921; x_wconf 76' lang='lat' dir='ltr'>de</span> <span class='ocrx_word' id='word_1_188' title='bbox 1671 3869 2067 3928; x_wconf 65' lang='lat' dir='ltr'>matrimonio,</span> <span class='ocrx_word' id='word_1_189' title='bbox 2106 3881 2235 3920; x_wconf 82' lang='lat' dir='ltr'>can.</span> <span class='ocrx_word' id='word_1_190' title='bbox 2275 3870 2325 3931; x_wconf 74' lang='lat'>33</span> <span class='ocrx_word' id='word_1_191' title='bbox 2365 3870 2422 3922; x_wconf 81' lang='lat' dir='ltr'>S.</span> <span class='ocrx_word' id='word_1_192' title='bbox 2465 3869 2529 3921; x_wconf 88' lang='lat' dir='ltr'>C.</span> <span class='ocrx_word' id='word_1_193' title='bbox 2574 3868 2632 3922; x_wconf 83' lang='lat' dir='ltr'>S.</span> <span class='ocrx_word' id='word_1_194' title='bbox 2674 3869 2812 3930; x_wconf 67' lang='lat' dir='ltr'>Off„</span> <span class='ocrx_word' id='word_1_195' title='bbox 2854 3870 3024 3922; x_wconf 65' lang='lat' dir='ltr'>instr.</span> <span class='ocrx_word' id='word_1_196' title='bbox 3079 3870 3181 3928; x_wconf 83' lang='lat' dir='ltr'>(ad</span> <span class='ocrx_word' id='word_1_197' title='bbox 3220 3871 3327 3929; x_wconf 73' lang='lat' dir='ltr'>Ep.</span> 
     </span>
     <span class='ocr_line' id='line_1_28' title="bbox 337 3958 2976 4020; baseline -0 -10"><span class='ocrx_word' id='word_1_198' title='bbox 337 3959 674 4019; x_wconf 81' lang='lat' dir='ltr'>Geneven.),</span> <span class='ocrx_word' id='word_1_199' title='bbox 715 3959 749 4010; x_wconf 83' lang='lat'><strong>3</strong></span> <span class='ocrx_word' id='word_1_200' title='bbox 782 3963 930 4019; x_wconf 83' lang='lat' dir='ltr'>sept.</span> <span class='ocrx_word' id='word_1_201' title='bbox 966 3958 1112 4020; x_wconf 82' lang='grc'><strong>1772;</strong></span> <span class='ocrx_word' id='word_1_202' title='bbox 1147 3959 1316 4010; x_wconf 81' lang='lat' dir='ltr'>instr.</span> <span class='ocrx_word' id='word_1_203' title='bbox 1362 3959 1464 4016; x_wconf 86' lang='lat' dir='ltr'>(ad</span> <span class='ocrx_word' id='word_1_204' title='bbox 1499 3959 1696 4010; x_wconf 82' lang='lat' dir='ltr'>Praet.</span> <span class='ocrx_word' id='word_1_205' title='bbox 1743 3959 2008 4011; x_wconf 78' lang='lat' dir='ltr'>Mission.</span> <span class='ocrx_word' id='word_1_206' title='bbox 2047 3959 2399 4010; x_wconf 81' lang='lat' dir='ltr'>Martinlcae</span> <span class='ocrx_word' id='word_1_207' title='bbox 2428 3960 2589 4020; x_wconf 89' lang='lat' dir='ltr'>etc.),</span> <span class='ocrx_word' id='word_1_208' title='bbox 2623 3958 2656 4010; x_wconf 99' lang='grc'><strong>6</strong></span> <span class='ocrx_word' id='word_1_209' title='bbox 2690 3959 2792 4009; x_wconf 75' lang='lat' dir='ltr'>iul.</span> <span class='ocrx_word' id='word_1_210' title='bbox 2829 3958 2976 4010; x_wconf 93' lang='grc'><strong>1817.</strong></span> 
     </span>
    </p>

    <p class='ocr_par' dir='ltr' id='par_1_17' title="bbox 334 4047 3333 4732">
     <span class='ocr_line' id='line_1_29' title="bbox 524 4047 3332 4110; baseline -0 -10"><span class='ocrx_word' id='word_1_211' title='bbox 524 4052 551 4088; x_wconf 79' lang='lat'>²</span> <span class='ocrx_word' id='word_1_212' title='bbox 580 4048 755 4100; x_wconf 86' lang='lat' dir='ltr'>Oonc.</span> <span class='ocrx_word' id='word_1_213' title='bbox 792 4047 1080 4107; x_wconf 68' lang='lat' dir='ltr'>Trident„</span> <span class='ocrx_word' id='word_1_214' title='bbox 1118 4059 1261 4098; x_wconf 76' lang='lat' dir='ltr'>sess.</span> <span class='ocrx_word' id='word_1_215' title='bbox 1300 4047 1498 4106; x_wconf 88' lang='lat' dir='ltr'>XXIV,</span> <span class='ocrx_word' id='word_1_216' title='bbox 1540 4050 1610 4098; x_wconf 78' lang='lat' dir='ltr'>de</span> <span class='ocrx_word' id='word_1_217' title='bbox 1657 4048 2052 4106; x_wconf 70' lang='lat' dir='ltr'>matrimonio,</span> <span class='ocrx_word' id='word_1_218' title='bbox 2089 4059 2218 4099; x_wconf 86' lang='lat' dir='ltr'>can.</span> <span class='ocrx_word' id='word_1_219' title='bbox 2256 4049 2309 4108; x_wconf 89' lang='grc'><strong>3,</strong></span> <span class='ocrx_word' id='word_1_220' title='bbox 2340 4049 2391 4108; x_wconf 75' lang='lat'>4,</span> <span class='ocrx_word' id='word_1_221' title='bbox 2423 4050 2473 4110; x_wconf 83' lang='grc'><strong>9;</strong></span> <span class='ocrx_word' id='word_1_222' title='bbox 2509 4050 2579 4098; x_wconf 81' lang='lat' dir='ltr'>de</span> <span class='ocrx_word' id='word_1_223' title='bbox 2616 4048 2727 4106; x_wconf 79' lang='lat' dir='ltr'>res.</span> <span class='ocrx_word' id='word_1_224' title='bbox 2768 4049 3051 4106; x_wconf 68' lang='lat' dir='ltr'>matrim..</span> <span class='ocrx_word' id='word_1_225' title='bbox 3099 4060 3148 4098; x_wconf 90' lang='lat' dir='ltr'>c.</span> <span class='ocrx_word' id='word_1_226' title='bbox 3190 4050 3240 4106; x_wconf 91' lang='lat'>1,</span> <span class='ocrx_word' id='word_1_227' title='bbox 3281 4049 3332 4108; x_wconf 87' lang='grc'>6;</span> 
     </span>
     <span class='ocr_line' id='line_1_30' title="bbox 343 4135 3329 4198; baseline -0.001 -9"><span class='ocrx_word' id='word_1_228' title='bbox 343 4137 698 4190; x_wconf 82' lang='lat' dir='ltr'>Benedictus</span> <span class='ocrx_word' id='word_1_229' title='bbox 735 4136 886 4197; x_wconf 83' lang='lat' dir='ltr'>XIV,</span> <span class='ocrx_word' id='word_1_230' title='bbox 922 4148 1013 4196; x_wconf 89' lang='lat' dir='ltr'>ep.</span> <span class='ocrx_word' id='word_1_231' title='bbox 1057 4150 1087 4186; x_wconf 70' lang='grc' dir='ltr'>ι</span> <span class='ocrx_word' id='word_1_232' title='bbox 1131 4135 1434 4193; x_wconf 65' lang='lat' dir='ltr'>&amp;iaculari</span> <span class='ocrx_word' id='word_1_233' title='bbox 1471 4150 1521 4195; x_wconf 90' lang='grc' dir='ltr'>ιι,</span> <span class='ocrx_word' id='word_1_234' title='bbox 1558 4137 1592 4188; x_wconf 92' lang='grc'><strong>9</strong></span> <span class='ocrx_word' id='word_1_235' title='bbox 1637 4136 1784 4187; x_wconf 74' lang='lat' dir='ltr'>febr.</span> <span class='ocrx_word' id='word_1_236' title='bbox 1823 4137 1974 4197; x_wconf 81' lang='grc'><strong>1749,</strong></span> <span class='ocrx_word' id='word_1_237' title='bbox 2014 4137 2040 4198; x_wconf 66' lang='grc'>1</span> <span class='ocrx_word' id='word_1_238' title='bbox 2077 4137 2127 4196; x_wconf 89' lang='grc'>2,</span> <span class='ocrx_word' id='word_1_239' title='bbox 2159 4137 2242 4198; x_wconf 92' lang='grc'>16,</span> <span class='ocrx_word' id='word_1_240' title='bbox 2274 4137 2356 4198; x_wconf 85' lang='grc'><strong>17;</strong></span> <span class='ocrx_word' id='word_1_241' title='bbox 2394 4139 2535 4189; x_wconf 78' lang='lat' dir='ltr'>Pius</span> <span class='ocrx_word' id='word_1_242' title='bbox 2572 4139 2673 4196; x_wconf 84' lang='lat' dir='ltr'>VI.</span> <span class='ocrx_word' id='word_1_243' title='bbox 2721 4141 2907 4189; x_wconf 88' lang='lat' dir='ltr'>const.</span> <span class='ocrx_word' id='word_1_244' title='bbox 2948 4153 2979 4187; x_wconf 74' lang='grc' dir='ltr'><strong>α</strong></span> <span class='ocrx_word' id='word_1_245' title='bbox 3017 4137 3329 4187; x_wconf 78' lang='lat' dir='ltr'>Auctorem</span> 
     </span>
     <span class='ocr_line' id='line_1_31' title="bbox 337 4224 3330 4287; baseline -0 -12"><span class='ocrx_word' id='word_1_246' title='bbox 337 4226 479 4286; x_wconf 71' lang='lat' dir='ltr'>fidei</span> <span class='ocrx_word' id='word_1_247' title='bbox 503 4240 553 4286; x_wconf 90' lang='grc' dir='ltr'>ιι,</span> <span class='ocrx_word' id='word_1_248' title='bbox 580 4226 647 4278; x_wconf 89' lang='grc'>28</span> <span class='ocrx_word' id='word_1_249' title='bbox 671 4238 805 4287; x_wconf 79' lang='lat' dir='ltr'>aug.</span> <span class='ocrx_word' id='word_1_250' title='bbox 836 4225 983 4283; x_wconf 79' lang='grc'><strong>1794,</strong></span> <span class='ocrx_word' id='word_1_251' title='bbox 1021 4237 1182 4286; x_wconf 83' lang='lat' dir='ltr'>prop.</span> <span class='ocrx_word' id='word_1_252' title='bbox 1212 4225 1297 4285; x_wconf 81' lang='grc'>59,</span> <span class='ocrx_word' id='word_1_253' title='bbox 1327 4224 1412 4284; x_wconf 90' lang='grc'>60,</span> <span class='ocrx_word' id='word_1_254' title='bbox 1443 4224 1662 4286; x_wconf 79' lang='lat' dir='ltr'>synodi</span> <span class='ocrx_word' id='word_1_255' title='bbox 1692 4225 2028 4284; x_wconf 68' lang='lat' dir='ltr'>Piston-ieri..</span> <span class='ocrx_word' id='word_1_256' title='bbox 2057 4226 2277 4286; x_wconf 61' lang='lat' dir='ltr'>dama:</span> <span class='ocrx_word' id='word_1_257' title='bbox 2306 4226 2450 4278; x_wconf 80' lang='lat' dir='ltr'>Pius</span> <span class='ocrx_word' id='word_1_258' title='bbox 2487 4228 2584 4285; x_wconf 84' lang='lat' dir='ltr'>lx,</span> <span class='ocrx_word' id='word_1_259' title='bbox 2619 4228 2735 4279; x_wconf 68' lang='lat' dir='ltr'>litt.</span> <span class='ocrx_word' id='word_1_260' title='bbox 2770 4238 2865 4287; x_wconf 83' lang='lat' dir='ltr'>ap.</span> <span class='ocrx_word' id='word_1_261' title='bbox 2907 4243 2936 4276; x_wconf 73' lang='grc' dir='ltr'><em>α</em></span> <span class='ocrx_word' id='word_1_262' title='bbox 2969 4225 3330 4285; x_wconf 72' lang='lat' dir='ltr'>Multiplices</span> 
     </span>
     <span class='ocr_line' id='line_1_32' title="bbox 338 4313 3332 4378; baseline -0 -13"><span class='ocrx_word' id='word_1_263' title='bbox 338 4318 500 4366; x_wconf 74' lang='lat' dir='ltr'>inter</span> <span class='ocrx_word' id='word_1_264' title='bbox 520 4331 570 4375; x_wconf 93' lang='grc' dir='ltr'>ιι,</span> <span class='ocrx_word' id='word_1_265' title='bbox 598 4316 665 4368; x_wconf 93' lang='grc'>10</span> <span class='ocrx_word' id='word_1_266' title='bbox 689 4317 812 4367; x_wconf 81' lang='lat' dir='ltr'>iun.</span> <span class='ocrx_word' id='word_1_267' title='bbox 845 4315 991 4378; x_wconf 77' lang='lat'>18513</span> <span class='ocrx_word' id='word_1_268' title='bbox 1017 4316 1133 4367; x_wconf 87' lang='lat' dir='ltr'>ntt.</span> <span class='ocrx_word' id='word_1_269' title='bbox 1162 4326 1258 4374; x_wconf 80' lang='lat' dir='ltr'>ap.</span> <span class='ocrx_word' id='word_1_270' title='bbox 1293 4328 1323 4364; x_wconf 71' lang='grc' dir='ltr'>ι</span> <span class='ocrx_word' id='word_1_271' title='bbox 1349 4315 1438 4364; x_wconf 74' lang='lat' dir='ltr'>Ad</span> <span class='ocrx_word' id='word_1_272' title='bbox 1463 4313 1834 4374; x_wconf 71' lang='lat' dir='ltr'>Apostouoae</span> <span class='ocrx_word' id='word_1_273' title='bbox 1857 4329 1908 4374; x_wconf 94' lang='grc' dir='ltr'>ιι,</span> <span class='ocrx_word' id='word_1_274' title='bbox 1934 4314 2001 4364; x_wconf 89' lang='grc'>22</span> <span class='ocrx_word' id='word_1_275' title='bbox 2023 4326 2157 4376; x_wconf 80' lang='lat' dir='ltr'>aug.</span> <span class='ocrx_word' id='word_1_276' title='bbox 2192 4315 2339 4375; x_wconf 76' lang='lat'>1851:</span> <span class='ocrx_word' id='word_1_277' title='bbox 2367 4315 2643 4377; x_wconf 75' lang='lat' dir='ltr'>syllabus</span> <span class='ocrx_word' id='word_1_278' title='bbox 2666 4328 2951 4375; x_wconf 88' lang='lat' dir='ltr'>errorum,</span> <span class='ocrx_word' id='word_1_279' title='bbox 2981 4328 3142 4376; x_wconf 84' lang='lat' dir='ltr'>prop.</span> <span class='ocrx_word' id='word_1_280' title='bbox 3163 4316 3332 4376; x_wconf 71' lang='grc' dir='ltr'><strong>68-7ος</strong></span> 
     </span>
     <span class='ocr_line' id='line_1_33' title="bbox 338 4393 3326 4466; baseline -0 -10"><span class='ocrx_word' id='word_1_281' title='bbox 338 4405 456 4456; x_wconf 85' lang='lat' dir='ltr'>Leo</span> <span class='ocrx_word' id='word_1_282' title='bbox 484 4405 650 4463; x_wconf 83' lang='lat' dir='ltr'>XIII,</span> <span class='ocrx_word' id='word_1_283' title='bbox 680 4415 772 4464; x_wconf 91' lang='lat' dir='ltr'>ep.</span> <span class='ocrx_word' id='word_1_284' title='bbox 804 4405 1022 4466; x_wconf 78' lang='lat' dir='ltr'>encycl.</span> <span class='ocrx_word' id='word_1_285' title='bbox 1057 4417 1088 4455; x_wconf 73' lang='grc' dir='ltr'><strong>α</strong></span> <span class='ocrx_word' id='word_1_286' title='bbox 1128 4403 1421 4453; x_wconf 77' lang='lat' dir='ltr'>Arcanum</span> <span class='ocrx_word' id='word_1_287' title='bbox 1453 4418 1504 4465; x_wconf 97' lang='grc' dir='ltr'>ιι,</span> <span class='ocrx_word' id='word_1_288' title='bbox 1536 4404 1602 4455; x_wconf 91' lang='grc'>10</span> <span class='ocrx_word' id='word_1_289' title='bbox 1630 4393 1778 4455; x_wconf 60' lang='grc' dir='ltr'><strong>τεὼ.</strong></span> <span class='ocrx_word' id='word_1_290' title='bbox 1813 4402 1960 4465; x_wconf 83' lang='grc' dir='ltr'><strong>188ος</strong></span> <span class='ocrx_word' id='word_1_291' title='bbox 1993 4401 2053 4455; x_wconf 83' lang='lat' dir='ltr'>S.</span> <span class='ocrx_word' id='word_1_292' title='bbox 2085 4403 2151 4455; x_wconf 87' lang='lat' dir='ltr'>C.</span> <span class='ocrx_word' id='word_1_293' title='bbox 2186 4402 2244 4454; x_wconf 83' lang='lat' dir='ltr'>S.</span> <span class='ocrx_word' id='word_1_294' title='bbox 2278 4403 2418 4465; x_wconf 67' lang='lat' dir='ltr'>Off„</span> <span class='ocrx_word' id='word_1_295' title='bbox 2463 4406 2633 4457; x_wconf 81' lang='lat' dir='ltr'>lustr.</span> <span class='ocrx_word' id='word_1_296' title='bbox 2680 4404 2780 4460; x_wconf 71' lang='lat' dir='ltr'>(ad</span> <span class='ocrx_word' id='word_1_297' title='bbox 2818 4405 3016 4455; x_wconf 68' lang='lat' dir='ltr'>Praei.</span> <span class='ocrx_word' id='word_1_298' title='bbox 3063 4404 3326 4455; x_wconf 79' lang='lat' dir='ltr'>Misslon.</span> 
     </span>
     <span class='ocr_line' id='line_1_34' title="bbox 342 4492 3328 4554; baseline 0 -10"><span class='ocrx_word' id='word_1_299' title='bbox 342 4493 694 4546; x_wconf 74' lang='lat' dir='ltr'>Martinicae</span> <span class='ocrx_word' id='word_1_300' title='bbox 723 4494 883 4553; x_wconf 61' lang='lat' dir='ltr'>etc),</span> <span class='ocrx_word' id='word_1_301' title='bbox 917 4494 952 4545; x_wconf 89' lang='grc'><strong>6</strong></span> <span class='ocrx_word' id='word_1_302' title='bbox 984 4494 1085 4545; x_wconf 78' lang='lat' dir='ltr'>iul.</span> <span class='ocrx_word' id='word_1_303' title='bbox 1126 4493 1273 4554; x_wconf 83' lang='grc'><strong>1817;</strong></span> <span class='ocrx_word' id='word_1_304' title='bbox 1305 4493 1475 4546; x_wconf 80' lang='lat' dir='ltr'>instr.</span> <span class='ocrx_word' id='word_1_305' title='bbox 1519 4494 1622 4552; x_wconf 80' lang='lat' dir='ltr'>(ad</span> <span class='ocrx_word' id='word_1_306' title='bbox 1660 4493 1931 4553; x_wconf 81' lang='lat' dir='ltr'>Archlep.</span> <span class='ocrx_word' id='word_1_307' title='bbox 1966 4492 2335 4553; x_wconf 87' lang='lat' dir='ltr'>Quebecen.),</span> <span class='ocrx_word' id='word_1_308' title='bbox 2369 4493 2434 4544; x_wconf 91' lang='grc'><strong>16</strong></span> <span class='ocrx_word' id='word_1_309' title='bbox 2463 4497 2609 4554; x_wconf 85' lang='lat' dir='ltr'>sept.</span> <span class='ocrx_word' id='word_1_310' title='bbox 2644 4493 2791 4553; x_wconf 76' lang='lat'>1824,</span> <span class='ocrx_word' id='word_1_311' title='bbox 2827 4492 2904 4544; x_wconf 88' lang='lat' dir='ltr'>ad</span> <span class='ocrx_word' id='word_1_312' title='bbox 2944 4494 2992 4554; x_wconf 86' lang='grc'>2;</span> <span class='ocrx_word' id='word_1_313' title='bbox 3032 4494 3328 4554; x_wconf 82' lang='lat' dir='ltr'>(Quebec),</span> 
     </span>
     <span class='ocr_line' id='line_1_35' title="bbox 334 4576 3333 4644; baseline -0 -10"><span class='ocrx_word' id='word_1_314' title='bbox 334 4583 400 4634; x_wconf 79' lang='lat'>1¹1</span> <span class='ocrx_word' id='word_1_315' title='bbox 428 4594 560 4636; x_wconf 81' lang='lat' dir='ltr'>nov.</span> <span class='ocrx_word' id='word_1_316' title='bbox 590 4582 737 4641; x_wconf 84' lang='lat'>1835.</span> <span class='ocrx_word' id='word_1_317' title='bbox 769 4583 847 4634; x_wconf 87' lang='lat' dir='ltr'>ad</span> <span class='ocrx_word' id='word_1_318' title='bbox 873 4584 923 4643; x_wconf 73' lang='lat'>13</span> <span class='ocrx_word' id='word_1_319' title='bbox 954 4583 1012 4634; x_wconf 87' lang='lat' dir='ltr'>S.</span> <span class='ocrx_word' id='word_1_320' title='bbox 1046 4583 1110 4634; x_wconf 86' lang='lat' dir='ltr'>C.</span> <span class='ocrx_word' id='word_1_321' title='bbox 1143 4583 1233 4643; x_wconf 80' lang='grc'>0.,</span> <span class='ocrx_word' id='word_1_322' title='bbox 1262 4581 1591 4639; x_wconf 60' lang='lat' dir='ltr'>Businca..</span> <span class='ocrx_word' id='word_1_323' title='bbox 1620 4596 1677 4634; x_wconf 83' lang='lat' dir='ltr'>a.</span> <span class='ocrx_word' id='word_1_324' title='bbox 1708 4582 1855 4644; x_wconf 71' lang='lat'>18013</span> <span class='ocrx_word' id='word_1_325' title='bbox 1886 4581 1944 4634; x_wconf 84' lang='lat' dir='ltr'>S.</span> <span class='ocrx_word' id='word_1_326' title='bbox 1977 4581 2042 4633; x_wconf 85' lang='lat' dir='ltr'>C.</span> <span class='ocrx_word' id='word_1_327' title='bbox 2074 4582 2148 4634; x_wconf 89' lang='lat' dir='ltr'>de</span> <span class='ocrx_word' id='word_1_328' title='bbox 2178 4581 2348 4642; x_wconf 87' lang='lat' dir='ltr'>Prop.</span> <span class='ocrx_word' id='word_1_329' title='bbox 2391 4582 2554 4642; x_wconf 82' lang='lat' dir='ltr'>Fide,</span> <span class='ocrx_word' id='word_1_330' title='bbox 2594 4584 2624 4633; x_wconf 92' lang='lat'>1</span> <span class='ocrx_word' id='word_1_331' title='bbox 2662 4594 2786 4642; x_wconf 84' lang='lat' dir='ltr'>apr.</span> <span class='ocrx_word' id='word_1_332' title='bbox 2821 4582 2968 4643; x_wconf 89' lang='grc'><strong>1816;</strong></span> <span class='ocrx_word' id='word_1_333' title='bbox 3005 4583 3093 4641; x_wconf 90' lang='lat' dir='ltr'>(C.</span> <span class='ocrx_word' id='word_1_334' title='bbox 3130 4576 3192 4633; x_wconf 79' lang='grc' dir='ltr'>Ρ.</span> <span class='ocrx_word' id='word_1_335' title='bbox 3228 4594 3333 4641; x_wconf 85' lang='lat' dir='ltr'>pro</span> 
     </span>
     <span class='ocr_line' id='line_1_36' title="bbox 343 4671 1657 4732; baseline -0.001 -8"><span class='ocrx_word' id='word_1_336' title='bbox 343 4672 466 4724; x_wconf 78' lang='lat' dir='ltr'>Sin.</span> <span class='ocrx_word' id='word_1_337' title='bbox 497 4698 566 4709; x_wconf 91' lang='lat'><strong>—</strong></span> <span class='ocrx_word' id='word_1_338' title='bbox 594 4672 849 4723; x_wconf 79' lang='lat' dir='ltr'>Tunkin.</span> <span class='ocrx_word' id='word_1_339' title='bbox 880 4671 1228 4732; x_wconf 76' lang='lat' dir='ltr'>occident..)</span> <span class='ocrx_word' id='word_1_340' title='bbox 1264 4671 1330 4722; x_wconf 90' lang='grc'>26</span> <span class='ocrx_word' id='word_1_341' title='bbox 1357 4673 1479 4723; x_wconf 81' lang='lat' dir='ltr'>iun.</span> <span class='ocrx_word' id='word_1_342' title='bbox 1511 4671 1657 4723; x_wconf 91' lang='grc'><strong>1820.</strong></span> 
     </span>
    </p>
   </div>
   <div class='ocr_carea' id='block_1_16' title="bbox 340 4761 3380 5182">
    <p class='ocr_par' dir='ltr' id='par_1_18' title="bbox 522 4761 1959 4822">
     <span class='ocr_line' id='line_1_37' title="bbox 522 4761 1959 4822; baseline -0.001 -10"><span class='ocrx_word' id='word_1_343' title='bbox 522 4763 548 4800; x_wconf 83' lang='lat'><strong>³</strong></span> <span class='ocrx_word' id='word_1_344' title='bbox 584 4762 641 4812; x_wconf 87' lang='lat' dir='ltr'>S.</span> <span class='ocrx_word' id='word_1_345' title='bbox 670 4762 735 4813; x_wconf 92' lang='lat' dir='ltr'>C.</span> <span class='ocrx_word' id='word_1_346' title='bbox 765 4762 853 4820; x_wconf 83' lang='lat' dir='ltr'>C..</span> <span class='ocrx_word' id='word_1_347' title='bbox 890 4761 1253 4820; x_wconf 66' lang='lat' dir='ltr'>Florentino,</span> <span class='ocrx_word' id='word_1_348' title='bbox 1282 4762 1346 4813; x_wconf 80' lang='lat'>17</span> <span class='ocrx_word' id='word_1_349' title='bbox 1373 4762 1520 4813; x_wconf 74' lang='lat' dir='ltr'>febr.</span> <span class='ocrx_word' id='word_1_350' title='bbox 1551 4761 1699 4822; x_wconf 84' lang='grc'><strong>1629,</strong></span> <span class='ocrx_word' id='word_1_351' title='bbox 1728 4761 1882 4821; x_wconf 84' lang='lat' dir='ltr'>adl,</span> <span class='ocrx_word' id='word_1_352' title='bbox 1910 4761 1959 4812; x_wconf 88' lang='grc'>2.</span> 
     </span>
    </p>

    <p class='ocr_par' dir='ltr' id='par_1_19' title="bbox 522 4849 3318 4912">
     <span class='ocr_line' id='line_1_38' title="bbox 522 4849 3318 4912; baseline -0.001 -8"><span class='ocrx_word' id='word_1_353' title='bbox 522 4852 547 4886; x_wconf 86' lang='lat'><strong>⁴</strong></span> <span class='ocrx_word' id='word_1_354' title='bbox 588 4851 646 4904; x_wconf 83' lang='lat' dir='ltr'>S.</span> <span class='ocrx_word' id='word_1_355' title='bbox 682 4851 747 4904; x_wconf 83' lang='lat' dir='ltr'>G.</span> <span class='ocrx_word' id='word_1_356' title='bbox 781 4851 869 4912; x_wconf 81' lang='lat' dir='ltr'>O..</span> <span class='ocrx_word' id='word_1_357' title='bbox 908 4851 1160 4901; x_wconf 69' lang='lat' dir='ltr'>lemme</span> <span class='ocrx_word' id='word_1_358' title='bbox 1198 4850 1493 4911; x_wconf 73' lang='lat' dir='ltr'>(Arc-men.</span> <span class='ocrx_word' id='word_1_359' title='bbox 1526 4849 1874 4911; x_wconf 51' lang='lat' dir='ltr'>emotae-”.),</span> <span class='ocrx_word' id='word_1_360' title='bbox 1910 4851 1976 4902; x_wconf 89' lang='grc'>18</span> <span class='ocrx_word' id='word_1_361' title='bbox 2004 4853 2174 4911; x_wconf 84' lang='lat' dir='ltr'>sept,</span> <span class='ocrx_word' id='word_1_362' title='bbox 2206 4850 2239 4900; x_wconf 88' lang='grc'>2</span> <span class='ocrx_word' id='word_1_363' title='bbox 2267 4850 2390 4901; x_wconf 82' lang='lat' dir='ltr'>dec.</span> <span class='ocrx_word' id='word_1_364' title='bbox 2420 4850 2567 4910; x_wconf 88' lang='grc'><strong>1628,</strong></span> <span class='ocrx_word' id='word_1_365' title='bbox 2599 4850 2887 4911; x_wconf 79' lang='lat' dir='ltr'>24mart..</span> <span class='ocrx_word' id='word_1_366' title='bbox 2917 4850 3135 4910; x_wconf 68' lang='lat' dir='ltr'>mapr.</span> <span class='ocrx_word' id='word_1_367' title='bbox 3173 4849 3318 4901; x_wconf 86' lang='grc'><strong>1629.</strong></span> 
     </span>
    </p>

    <p class='ocr_par' dir='ltr' id='par_1_20' title="bbox 340 4937 3380 5182">
     <span class='ocr_line' id='line_1_39' title="bbox 514 4937 3334 5002; baseline -0.002 -9"><span class='ocrx_word' id='word_1_368' title='bbox 514 4943 543 4980; x_wconf 82' lang='lat'>⁸</span> <span class='ocrx_word' id='word_1_369' title='bbox 581 4942 1079 5002; x_wconf 74' lang='lat' dir='ltr'>Oonc.&#39;I⁸r1dent.,</span> <span class='ocrx_word' id='word_1_370' title='bbox 1116 4954 1260 4994; x_wconf 83' lang='lat' dir='ltr'>sess.</span> <span class='ocrx_word' id='word_1_371' title='bbox 1305 4942 1505 5001; x_wconf 80' lang='lat' dir='ltr'>XXIV,</span> <span class='ocrx_word' id='word_1_372' title='bbox 1545 4943 1615 4992; x_wconf 75' lang='lat' dir='ltr'>de</span> <span class='ocrx_word' id='word_1_373' title='bbox 1652 4940 2048 4999; x_wconf 75' lang='lat' dir='ltr'>matrimonio,</span> <span class='ocrx_word' id='word_1_374' title='bbox 2088 4952 2216 4991; x_wconf 90' lang='lat' dir='ltr'>can.</span> <span class='ocrx_word' id='word_1_375' title='bbox 2255 4941 2305 5000; x_wconf 84' lang='grc'>3;</span> <span class='ocrx_word' id='word_1_376' title='bbox 2349 4941 2420 4990; x_wconf 75' lang='lat' dir='ltr'>de</span> <span class='ocrx_word' id='word_1_377' title='bbox 2457 4940 2567 4998; x_wconf 79' lang='lat' dir='ltr'>res.</span> <span class='ocrx_word' id='word_1_378' title='bbox 2605 4937 2887 4997; x_wconf 74' lang='lat' dir='ltr'>matrim..</span> <span class='ocrx_word' id='word_1_379' title='bbox 2923 4952 2973 4991; x_wconf 91' lang='lat' dir='ltr'>c.</span> <span class='ocrx_word' id='word_1_380' title='bbox 3007 4941 3055 4999; x_wconf 77' lang='lat'>2:</span> <span class='ocrx_word' id='word_1_381' title='bbox 3093 4939 3334 4990; x_wconf 79' lang='lat' dir='ltr'>Benedi-</span> 
     </span>
     <span class='ocr_line' id='line_1_40' title="bbox 340 5028 3333 5092; baseline -0.003 -9"><span class='ocrx_word' id='word_1_382' title='bbox 340 5034 476 5084; x_wconf 83' lang='lat' dir='ltr'>ctus</span> <span class='ocrx_word' id='word_1_383' title='bbox 504 5032 657 5090; x_wconf 83' lang='lat' dir='ltr'>XIV,</span> <span class='ocrx_word' id='word_1_384' title='bbox 696 5043 787 5091; x_wconf 91' lang='lat' dir='ltr'>ep.</span> <span class='ocrx_word' id='word_1_385' title='bbox 821 5032 1039 5092; x_wconf 82' lang='lat' dir='ltr'>encycl.</span> <span class='ocrx_word' id='word_1_386' title='bbox 1075 5045 1105 5081; x_wconf 71' lang='grc' dir='ltr'>ι</span> <span class='ocrx_word' id='word_1_387' title='bbox 1135 5030 1387 5090; x_wconf 71' lang='lat' dir='ltr'>Maonae</span> <span class='ocrx_word' id='word_1_388' title='bbox 1419 5030 1599 5082; x_wconf 71' lang='lat' dir='ltr'>Nobis</span> <span class='ocrx_word' id='word_1_389' title='bbox 1631 5046 1679 5091; x_wconf 81' lang='grc' dir='ltr'>ιι,</span> <span class='ocrx_word' id='word_1_390' title='bbox 1712 5032 1778 5083; x_wconf 88' lang='grc'>29</span> <span class='ocrx_word' id='word_1_391' title='bbox 1811 5032 1931 5082; x_wconf 82' lang='lat' dir='ltr'>lun.</span> <span class='ocrx_word' id='word_1_392' title='bbox 1976 5030 2121 5091; x_wconf 72' lang='lat'>1748:</span> <span class='ocrx_word' id='word_1_393' title='bbox 2156 5030 2297 5081; x_wconf 79' lang='lat' dir='ltr'>Pius</span> <span class='ocrx_word' id='word_1_394' title='bbox 2334 5030 2436 5089; x_wconf 89' lang='lat' dir='ltr'>Vl,</span> <span class='ocrx_word' id='word_1_395' title='bbox 2471 5033 2657 5080; x_wconf 83' lang='lat' dir='ltr'>const.</span> <span class='ocrx_word' id='word_1_396' title='bbox 2696 5042 2725 5077; x_wconf 71' lang='grc' dir='ltr'><em>α</em></span> <span class='ocrx_word' id='word_1_397' title='bbox 2767 5028 3078 5079; x_wconf 57' lang='lat' dir='ltr'>Auctorem</span> <span class='ocrx_word' id='word_1_398' title='bbox 3111 5029 3251 5087; x_wconf 73' lang='lat' dir='ltr'>fidei</span> <span class='ocrx_word' id='word_1_399' title='bbox 3284 5043 3333 5086; x_wconf 70' lang='lat' dir='ltr'>n,</span> 
     </span>
     <span class='ocr_line' id='line_1_41' title="bbox 342 5102 3380 5182; baseline -0.003 -9"><span class='ocrx_word' id='word_1_400' title='bbox 342 5122 409 5173; x_wconf 89' lang='grc'>28</span> <span class='ocrx_word' id='word_1_401' title='bbox 434 5133 568 5181; x_wconf 79' lang='lat' dir='ltr'>aug.</span> <span class='ocrx_word' id='word_1_402' title='bbox 602 5121 749 5179; x_wconf 70' lang='grc'><strong>1794,</strong></span> <span class='ocrx_word' id='word_1_403' title='bbox 791 5131 951 5180; x_wconf 87' lang='lat' dir='ltr'>prop.</span> <span class='ocrx_word' id='word_1_404' title='bbox 985 5121 1067 5179; x_wconf 83' lang='grc'>59,</span> <span class='ocrx_word' id='word_1_405' title='bbox 1099 5120 1182 5180; x_wconf 89' lang='grc'>60,</span> <span class='ocrx_word' id='word_1_406' title='bbox 1220 5113 1439 5181; x_wconf 75' lang='lat' dir='ltr'>Sy&#39;nodi</span> <span class='ocrx_word' id='word_1_407' title='bbox 1477 5122 1812 5182; x_wconf 66' lang='lat' dir='ltr'>pistorien„</span> <span class='ocrx_word' id='word_1_408' title='bbox 1845 5120 2063 5180; x_wconf 84' lang='lat' dir='ltr'>damn.;</span> <span class='ocrx_word' id='word_1_409' title='bbox 2103 5102 2247 5170; x_wconf 80' lang='lat' dir='ltr'>Pius</span> <span class='ocrx_word' id='word_1_410' title='bbox 2279 5119 2376 5177; x_wconf 84' lang='lat' dir='ltr'>IX,</span> <span class='ocrx_word' id='word_1_411' title='bbox 2411 5119 2529 5170; x_wconf 78' lang='lat' dir='ltr'>litt.</span> <span class='ocrx_word' id='word_1_412' title='bbox 2565 5128 2660 5177; x_wconf 84' lang='lat' dir='ltr'>ap.</span> <span class='ocrx_word' id='word_1_413' title='bbox 2694 5133 2725 5167; x_wconf 74' lang='grc' dir='ltr'><strong>α</strong></span> <span class='ocrx_word' id='word_1_414' title='bbox 2756 5117 2846 5166; x_wconf 78' lang='lat' dir='ltr'>Ad</span> <span class='ocrx_word' id='word_1_415' title='bbox 2881 5116 3250 5176; x_wconf 69' lang='lat' dir='ltr'>Apostolicae</span> <span class='ocrx_word' id='word_1_416' title='bbox 3283 5132 3332 5176; x_wconf 88' lang='grc' dir='ltr'>ιι,</span> <span class='ocrx_word' id='word_1_417' title='bbox 3377 5142 3380 5144; x_wconf 58' lang='lat'><strong>&gt;</strong></span> 
     </span>
    </p>
   </div>
   <div class='ocr_carea' id='block_1_17' title="bbox 344 5205 3330 5359">
    <p class='ocr_par' dir='ltr' id='par_1_21' title="bbox 344 5205 3330 5359">
     <span class='ocr_line' id='line_1_42' title="bbox 344 5205 3330 5272; baseline -0.001 -11"><span class='ocrx_word' id='word_1_418' title='bbox 344 5211 409 5261; x_wconf 89' lang='grc'>22</span> <span class='ocrx_word' id='word_1_419' title='bbox 447 5222 580 5272; x_wconf 76' lang='lat' dir='ltr'>aug.</span> <span class='ocrx_word' id='word_1_420' title='bbox 615 5209 762 5270; x_wconf 76' lang='lat'>1851:</span> <span class='ocrx_word' id='word_1_421' title='bbox 796 5209 1072 5270; x_wconf 80' lang='lat' dir='ltr'>syllabus</span> <span class='ocrx_word' id='word_1_422' title='bbox 1100 5220 1386 5269; x_wconf 85' lang='lat' dir='ltr'>errorum,</span> <span class='ocrx_word' id='word_1_423' title='bbox 1422 5221 1583 5270; x_wconf 89' lang='lat' dir='ltr'>prop.</span> <span class='ocrx_word' id='word_1_424' title='bbox 1618 5211 1699 5271; x_wconf 86' lang='grc'><strong>68;</strong></span> <span class='ocrx_word' id='word_1_425' title='bbox 1733 5210 1789 5260; x_wconf 82' lang='lat' dir='ltr'>S.</span> <span class='ocrx_word' id='word_1_426' title='bbox 1825 5209 1889 5261; x_wconf 91' lang='lat' dir='ltr'>C.</span> <span class='ocrx_word' id='word_1_427' title='bbox 1928 5209 2000 5260; x_wconf 87' lang='lat' dir='ltr'>de</span> <span class='ocrx_word' id='word_1_428' title='bbox 2043 5209 2212 5268; x_wconf 84' lang='lat' dir='ltr'>Prop.</span> <span class='ocrx_word' id='word_1_429' title='bbox 2252 5207 2396 5257; x_wconf 79' lang='lat' dir='ltr'>Fide</span> <span class='ocrx_word' id='word_1_430' title='bbox 2442 5207 2529 5264; x_wconf 87' lang='lat' dir='ltr'>(C.</span> <span class='ocrx_word' id='word_1_431' title='bbox 2565 5208 2629 5258; x_wconf 80' lang='grc' dir='ltr'>Ρ.</span> <span class='ocrx_word' id='word_1_432' title='bbox 2668 5218 2774 5266; x_wconf 83' lang='lat' dir='ltr'>pro</span> <span class='ocrx_word' id='word_1_433' title='bbox 2810 5206 2933 5258; x_wconf 84' lang='lat' dir='ltr'>Sin.</span> <span class='ocrx_word' id='word_1_434' title='bbox 2977 5233 3043 5242; x_wconf 90' lang='lat'>—</span> <span class='ocrx_word' id='word_1_435' title='bbox 3075 5205 3330 5258; x_wconf 79' lang='lat' dir='ltr'>Tunkin.</span> 
     </span>
     <span class='ocr_line' id='line_1_43' title="bbox 344 5297 1080 5359; baseline -0.004 -8"><span class='ocrx_word' id='word_1_436' title='bbox 344 5299 691 5359; x_wconf 57' lang='lat' dir='ltr'>occident),</span> <span class='ocrx_word' id='word_1_437' title='bbox 723 5299 755 5349; x_wconf 77' lang='lat'>4</span> <span class='ocrx_word' id='word_1_438' title='bbox 789 5299 891 5349; x_wconf 83' lang='lat' dir='ltr'>iul.</span> <span class='ocrx_word' id='word_1_439' title='bbox 932 5297 1080 5349; x_wconf 79' lang='grc'><strong>1831.</strong></span> 
     </span>
    </p>
   </div>
   <div class='ocr_carea' id='block_1_18' title="bbox 347 5384 3331 5541">
    <p class='ocr_par' dir='ltr' id='par_1_22' title="bbox 347 5384 3331 5541">
     <span class='ocr_line' id='line_1_44' title="bbox 524 5384 3331 5448; baseline -0.002 -9"><span class='ocrx_word' id='word_1_440' title='bbox 524 5391 550 5427; x_wconf 73' lang='lat'><strong>⁶</strong></span> <span class='ocrx_word' id='word_1_441' title='bbox 590 5388 942 5441; x_wconf 77' lang='lat' dir='ltr'>Benedictus</span> <span class='ocrx_word' id='word_1_442' title='bbox 969 5387 1119 5446; x_wconf 77' lang='lat' dir='ltr'>XIV,</span> <span class='ocrx_word' id='word_1_443' title='bbox 1149 5398 1240 5446; x_wconf 85' lang='lat' dir='ltr'>ep.</span> <span class='ocrx_word' id='word_1_444' title='bbox 1271 5388 1489 5448; x_wconf 81' lang='lat' dir='ltr'>encycl.</span> <span class='ocrx_word' id='word_1_445' title='bbox 1524 5401 1554 5437; x_wconf 71' lang='grc' dir='ltr'>ι</span> <span class='ocrx_word' id='word_1_446' title='bbox 1582 5386 1751 5436; x_wconf 73' lang='lat' dir='ltr'>Inter</span> <span class='ocrx_word' id='word_1_447' title='bbox 1779 5386 2118 5447; x_wconf 65' lang='lat' dir='ltr'>omnivenas</span> <span class='ocrx_word' id='word_1_448' title='bbox 2150 5400 2197 5446; x_wconf 81' lang='grc' dir='ltr'>ιι,</span> <span class='ocrx_word' id='word_1_449' title='bbox 2239 5386 2270 5435; x_wconf 88' lang='grc'>2</span> <span class='ocrx_word' id='word_1_450' title='bbox 2302 5385 2449 5436; x_wconf 75' lang='lat' dir='ltr'>febr.</span> <span class='ocrx_word' id='word_1_451' title='bbox 2492 5385 2639 5444; x_wconf 74' lang='lat'>1744,</span> <span class='ocrx_word' id='word_1_452' title='bbox 2675 5384 2701 5445; x_wconf 66' lang='grc'><strong>1</strong></span> <span class='ocrx_word' id='word_1_453' title='bbox 2739 5385 2820 5445; x_wconf 84' lang='grc'><strong>17;</strong></span> <span class='ocrx_word' id='word_1_454' title='bbox 2855 5384 2913 5436; x_wconf 81' lang='lat' dir='ltr'>S.</span> <span class='ocrx_word' id='word_1_455' title='bbox 2947 5384 3011 5435; x_wconf 84' lang='lat' dir='ltr'>O.</span> <span class='ocrx_word' id='word_1_456' title='bbox 3047 5384 3119 5435; x_wconf 90' lang='lat' dir='ltr'>de</span> <span class='ocrx_word' id='word_1_457' title='bbox 3161 5385 3331 5443; x_wconf 86' lang='lat' dir='ltr'>Prop.</span> 
     </span>
     <span class='ocr_line' id='line_1_45' title="bbox 347 5475 1960 5541; baseline -0.002 -11"><span class='ocrx_word' id='word_1_458' title='bbox 347 5478 510 5541; x_wconf 74' lang='lat' dir='ltr'>Fide,</span> <span class='ocrx_word' id='word_1_459' title='bbox 543 5479 715 5531; x_wconf 74' lang='lat' dir='ltr'>instr.</span> <span class='ocrx_word' id='word_1_460' title='bbox 758 5478 860 5538; x_wconf 81' lang='lat' dir='ltr'>(ad</span> <span class='ocrx_word' id='word_1_461' title='bbox 899 5479 1020 5529; x_wconf 81' lang='lat' dir='ltr'>Vlc.</span> <span class='ocrx_word' id='word_1_462' title='bbox 1055 5478 1163 5536; x_wconf 83' lang='lat' dir='ltr'>Ap.</span> <span class='ocrx_word' id='word_1_463' title='bbox 1202 5476 1490 5536; x_wconf 76' lang='lat' dir='ltr'>scopiac),</span> <span class='ocrx_word' id='word_1_464' title='bbox 1529 5475 1593 5527; x_wconf 69' lang='lat' dir='ltr'>m</span> <span class='ocrx_word' id='word_1_465' title='bbox 1625 5477 1770 5537; x_wconf 85' lang='lat' dir='ltr'>sept.</span> <span class='ocrx_word' id='word_1_466' title='bbox 1813 5475 1960 5527; x_wconf 78' lang='lat'>1840.</span> 
     </span>
    </p>
   </div>
  </div>
 </body>
</html>
