3753 5871
1304 266 1479 317 Liber
1524 267 1828 318 Secundae
1865 291 1885 303 -
1918 265 2007 315 De
2046 265 2321 317 Perennis
3247 261 3320 320 75

1609 491 1788 558 CAN.
1825 492 1979 559 276.

506 630 752 711 Quare
785 637 961 701 ante
995 631 1210 716 pallii
1251 632 1821 717 impositionem,
1862 632 2160 701 excluso
2184 632 2509 716 speciali
2544 631 2843 700 indulto
2885 632 3317 716 apostolico,

324 738 489 823 ipse
526 739 791 807 illicite
823 744 1132 824 poneret
1161 743 1376 808 actus
1409 740 1561 808 sive
1595 739 2137 808 iurisdictionis
2172 740 2812 824 metropolitanae,
2850 741 3002 807 sive
3036 739 3321 808 ordinis

322 847 771 936 episcopalis
825 848 905 914 in
953 848 1243 933 quibus,
1302 849 1399 916 ad
1447 865 1779 916 normam
1837 849 2081 932 legum
2129 848 2673 932 liturgicarum,
2724 866 2905 915 usus
2949 847 3164 933 pallii
3212 867 3315 916 re·

331 952 661 1037 quiritur
697 954 747 1023 ².
2668 936 2678 946 ³

1629 1077 1807 1145 cm.
1852 1077 2005 1144 277.

507 1198 985 1285 Metropolita
1023 1202 1138 1269 uti
1175 1204 1420 1285 potest
1455 1201 1686 1284 pallio
1720 1197 1927 1265 intra
1965 1198 2369 1282 quamlibet
2410 1197 2791 1266 ecclesiam
2828 1199 3052 1265 etiam
3087 1216 3317 1266 exem·

330 1307 538 1389 ptam
575 1324 752 1374 suae
779 1308 1202 1392 provinciae
1239 1309 1317 1375 in
1350 1309 1749 1371 Missarum
1789 1305 2290 1389 sollemnibus,
2323 1306 2583 1374 diebus
2612 1306 2692 1373 in
2725 1305 3151 1375 Pontificali
3181 1305 3316 1374 Ro·

329 1429 554 1480 mano
593 1411 1001 1498 designatis
1040 1412 1354 1497 aliisque
1390 1414 1586 1480 forte
1624 1413 1764 1480 sibi
1803 1414 2192 1496 concessis3
2232 1412 2662 1481 nullatenus
2697 1432 2872 1482 vero
2907 1418 3120 1482 extra
3158 1432 3322 1506 pro3

327 1519 674 1601 vinciam,
708 1520 851 1586 etsi
890 1516 1275 1586 Ordinarii
1308 1520 1451 1588 loci
1491 1539 1893 1588 consensus
1924 1521 2228 1589 accedat
2265 1521 2317 1589 ².

1621 1699 1798 1767 cm.
1844 1699 1998 1766 278.

509 1819 592 1889 Si
629 1818 1112 1904 Metropolita
1138 1819 1450 1904 pallium
1479 1821 1785 1888 amittat
1818 1820 1936 1889 vel
1965 1822 2060 1889 ad
2097 1821 2322 1889 aliam
2354 1822 2595 1889 sedem
2624 1821 3322 1905 archiepiscopalem

330 1925 864 2009 transferatur,
906 1945 1094 1995 novo
1126 1927 1411 2012 indiget
1442 1927 1673 2012 pallio
1711 1928 1763 1995 ³.

1643 2112 1820 2180 CAN.
1859 2112 2012 2180 279.

507 2231 830 2299 Pallium
878 2252 1111 2318 neque
1159 2234 1610 2301 commodari
1650 2239 1899 2321 potest
1941 2254 2174 2320 neque
2217 2234 2482 2303 donari
2526 2253 2659 2304 nec
2699 2236 2778 2303 in
2821 2240 3058 2306 morte
3098 2237 3326 2304 alicui

334 2338 683 2424 relinqui,
738 2341 864 2408 sed
908 2342 1154 2409 omnia
1198 2342 1429 2426 pallia
1484 2361 1672 2428 quae
1714 2344 2197 2428 Metropolita
2248 2343 2598 2428 obtinuit,
2643 2362 2810 2411 cum
2855 2344 3104 2412 eodem
3150 2349 3326 2412 sunt

328 2444 753 2529 sepelienda
794 2449 846 2516 ⁴.

1635 2558 1811 2625 CAN.
1855 2558 2010 2627 280.

507 2673 953 2745 Patriarcha
989 2679 1367 2762 praecedit
1398 2679 1741 2756 Primati,
1780 2680 2074 2748 Primas
2106 2679 2707 2766 ArchiepiscopO,
2755 2680 2874 2748 hic
2911 2681 3325 2765 Episcopis,

343 2779 553 2849 salvo
582 2785 1043 2869 praescripto
1070 2804 1234 2854 can.
1276 2787 1407 2855 347
1445 2788 1497 2853 ⁸.

1581 3056 1839 3124 carm
1868 3056 2048 3123 VII.

983 3193 1093 3262 De
1145 3192 1498 3262 conciliis
1536 3193 1895 3280 plenariis
1937 3202 2010 3263 et
2059 3195 2662 3282 provincialibus.

1628 3391 1805 3459 cm.
1845 3391 2000 3459 281.

517 3514 902 3582 Ordinarii
937 3515 1264 3599 plurium
1303 3516 1850 3599 provinciarum
1899 3517 2566 3585 ecclesiasticarum
2603 3519 2684 3585 in
2722 3518 3137 3586 Concilium
3187 3519 3329 3604 ple·

339 3622 636 3688 narium
673 3623 1063 3691 convenire
1111 3629 1447 3709 possunt,
1491 3625 1728 3709 petita
1775 3630 2023 3693 tamen
2062 3625 2278 3693 venia
2317 3644 2362 3693 a
2403 3625 2736 3694 Romano
2779 3625 3163 3702 Pontifice.
3208 3627 3335 3712 qui

339 3749 558 3797 suum
625 3732 980 3816 Legatum
1058 3731 1403 3817 designat
1480 3733 1576 3801 ad
1649 3733 2063 3801 Concilium
2146 3732 2696 3801 convocandum
2778 3733 2991 3819 eique
3061 3736 3331 3818 praesi-

337 3837 662 3906 dendum
700 3838 751 3904 ⁶.

340 4084 479 4123 ram
510 4071 1064 4123 Bocleetasttoamm
1089 4087 1140 4134 ι,
1170 4073 1236 4124 12
1261 4085 1394 4135 aug.
1432 4074 1580 4137 174&
1605 4076 1790 4126 const.
1821 4089 1852 4125 ι
1887 4073 1976 4124 Aa
2008 4074 2410 4125 honorandam
2439 4090 2488 4135 n,
2520 4074 2586 4126 27
2614 4077 2789 4127 mart.
2829 4073 2977 4135 1752,
3011 4074 3037 4135 fi
3072 4074 3154 4136 17;
3191 4074 3335 4124 Ροιι-

340 4161 566 4214 tlficale
598 4162 787 4222 Rom..
821 4163 915 4214 tit.
949 4161 1037 4211 De
1070 4161 1505 4212 consecratione
1545 4162 1716 4213 electi
1749 4164 1813 4212 in
1853 4161 2206 4222 episcopum,-
2244 4163 2340 4216 tlt.
2376 4164 2464 4215 De
2495 4164 2694 4224 pallio:
2726 4163 3168 4215 caeremoniale
3203 4162 3336 4221 Elpi-

341 4260 593 4311 scopor„
623 4252 661 4302 1.
702 4250 751 4311 Ι,
782 4263 832 4302 c.
864 4250 1014 4310 XVI,
1044 4263 1102 4301 n.
1133 4250 1183 4311 6,
1221 4250 1270 4302 7.

510 4340 535 4377 ²
570 4339 635 4392 c.
676 4341 727 4400 4,
758 4342 841 4400 11,
873 4339 955 4401 28,
986 4340 1053 4400 X,
1086 4340 1157 4390 de
1201 4339 1483 4390 electione
1522 4345 1580 4392 et
1616 4340 1789 4392 electi
1832 4344 2146 4401 potestate,
2186 4341 2235 4401 Ι,
2275 4341 2325 4404 θς
2362 4339 2422 4393 S.
2461 4341 2527 4393 c.
2570 4340 2644 4393 de
2679 4341 2850 4401 Prop.
2890 4340 3037 4392 Fide
3090 4340 3178 4399 (c.
3220 4338 3336 4401 G.),

343 4431 379 4480 1
404 4428 530 4480 dec.
558 4428 705 4491 183*st
740 4427 798 4481 Β.
828 4428 898 4480 R.
935 4429 1023 4490 c.,
1053 4428 1385 4487 Discenen..
1413 4429 1445 4480 7
1475 4442 1609 4492 aug.
1640 4430 1787 4491 1627;
1816 4430 2163 4482 Pontificale
2191 4431 2380 4491 Rom„
2413 4430 2508 4482 tlt.
2552 4430 2638 4480 De
2666 4428 2866 4490 pallio:
2896 4428 3339 4482 caeremoniale

344 4518 708 4578 nuncupor..
741 4518 778 4568 1.
810 4518 860 4578 1,
895 4528 948 4570 c.
977 4517 1129 4578 XVI,
1159 4530 1217 4568 n.
1247 4517 1297 4570 6.

508 4609 536 4645 ²
576 4606 642 4659 c.
669 4609 720 4669 1,
748 4608 852 4667 4-7,
877 4609 943 4668 X,
978 4611 1048 4660 de
1073 4607 1431 4659 auctoritate
1457 4612 1515 4659 et
1540 4620 1651 4659 usu
1676 4608 1866 4669 palm,
1902 4610 1949 4669 l,
1984 4608 2033 4671 8;
2062 4608 2120 4661 S.
2154 4609 2224 4659 R.
2257 4608 2346 4669 c.,
2380 4608 2414 4660 8
2437 4621 2571 4670 aug.
2600 4607 2746 4670 1835;
2776 4606 3121 4660 pontificale
3147 4605 3336 4664 Rom„

345 4697 443 4748 tlt.
476 4696 565 4747 De
593 4696 792 4758 palum
822 4697 1264 4749 caeremoniale
1291 4697 1648 4757 Episcopor„
1681 4699 1720 4748 l.
1762 4697 1811 4757 1,
1844 4709 1894 4748 c.
1935 4698 2085 4758 XVI,
2125 4709 2182 4747 n.
2213 4696 2264 4758 3,
2296 4698 2345 4747 4.

513 4787 537 4823 ³
572 4785 637 4838 c.
673 4786 724 4846 4,
758 4787 825 4846 X,
858 4787 929 4836 ae
969 4785 1365 4846 postulatione
1397 4785 1818 4845 praelatorum,
1854 4786 1905 4847 Ι,
1939 4787 1988 4847 53
2020 4785 2363 4838 pontificale
2405 4786 2593 4845 Rom..
2639 4787 2732 4837 tlt.
2773 4786 2860 4836 De
2904 4784 3103 4844 pallio:
3134 4784 3336 4836 caere·

343 4875 602 4927 moniale
641 4874 999 4935 Episcopor„
1038 4875 1076 4925 1.
1115 4875 1165 4931 1.
1202 4885 1252 4925 c.
1292 4874 1443 4936 XVI,
1483 4887 1540 4926 n.
1577 4875 1627 4927 6.

514 4965 543 5001 ⁴
577 4966 643 5017 c.
680 4964 730 5025 2.
761 4964 828 5022 X.
865 4966 936 5015 de
978 4965 1336 5015 anctoritate
1378 4969 1437 5016 et
1474 4976 1587 5016 usu
1630 4964 1819 5025 pauit,
1857 4965 1907 5026 I,
1943 4965 1991 5026 83
2028 4965 2372 5017 Pontmcale
2407 4964 2595 5024 Rom..
2643 4963 2737 5016 tlt.
2777 4963 2865 5013 De
2901 4961 3100 5023 pallio:
3134 4962 3338 5015 caere·

343 5052 611 5122 moniale>
633 5053 992 5114 Episcopum,
1025 5055 1062 5105 l.
1098 5055 1146 5114 1,
1181 5066 1230 5106 c.
1265 5054 1415 5115 XVI,
1449 5066 1505 5106 n.
1537 5054 1586 5115 ⁷:
1623 5055 1661 5106 l.
1698 5055 1780 5117 Il,
1814 5065 1863 5107 c.
1897 5055 2210 5114 XXXVIII,
2242 5066 2301 5104 n.
2343 5055 2426 5105 10.

510 5145 537 5179 ε
578 5140 645 5194 0.
683 5143 735 5202 1,
774 5141 847 5193 n.
883 5142 1101 5204 xvnn
1135 5143 1279 5195 Pius
1316 5143 1416 5203 ιιι,
1464 5143 1581 5195 ntt.
1621 5156 1715 5205 ap.
1760 5159 1790 5193 a
1826 5142 2189 5203 numnam
2227 5157 2275 5203 »‚
2316 5142 2382 5194 27
2417 5154 2549 5193 nov.
2584 5126 2737 5203 isos,
2786 5153 2843 5193 n.
2895 5141 2996 5203 1v;
3034 5140 3092 5193 s.
3142 5141 3213 5192 R.
3251 5140 3337 5201 o..

345 5231 621 5291 tram„
665 5230 730 5283 ω
771 5233 890 5283 ιω
922 5230 1428 5294 mcx-apuam,
1473 5232 1507 5284 s
1547 5215 1675 5293 api.
1721 5233 1868 5294 ιοως
1915 5231 2088 5283 Urbes
2144 5231 2389 5293 ennean
2433 5230 2851 5290 amoenorum
2898 5229 3339 5285 Aaecstenuum.

344 5322 413 5374 10
442 5324 593 5380 sept.
630 5319 778 5372 1816.

515 5413 541 5448 ⁸
578 5412 696 5461 Leo
728 5409 892 5471 XIII,
927 5422 1018 5470 ep.
1058 5426 1090 5461 a
1122 5410 1312 5471 Quum
1344 5409 1689 5463 diuturnum
1724 5428 1772 5470 »‚
1807 5410 1871 5461 25
1912 5410 2035 5462 dec.
2073 5409 2221 5462 1898.
