3753 5871
1348 322 1524 372 Liber
1553 323 1790 374 Tertius
1824 348 1843 360 ·
1881 324 1971 374 De
2008 324 2205 374 Rebus
3189 325 3303 384 239

483 505 518 588 §
565 506 632 572 2.
680 502 800 573 Aa
846 504 1092 572 instar
1134 505 1594 574 manualium
1642 513 2005 577 vocantur
2064 509 2437 594 stipendia
2488 509 2886 577 Missarum
2947 511 3291 579 fundata·

302 632 495 695 rum,
528 632 714 699 quae
742 615 1109 699 applicari
1136 634 1283 682 non
1319 622 1630 700 possunt
1659 616 1736 682 in
1768 617 2073 702 proprio
2101 618 2284 699 loco,
2317 624 2452 686 aut
2485 618 2581 686 ab
2616 619 2712 685 iis
2742 619 2869 702 qui
2904 638 3030 687 eas
3059 620 3291 704 appli-

299 739 472 789 care
500 722 848 790 deberent
879 722 1279 789 secundum
1312 724 1608 791 tabulas
1645 724 2138 807 fundationis,
2173 729 2250 793 et
2287 725 2452 793 ideo
2490 726 2580 793 de
2612 727 2774 794 iure
2806 731 2942 794 aut
2977 726 3300 795 Sanctae

303 829 520 896 Sedis
555 830 848 898 indulto
892 831 1065 897 aliis
1101 831 1605 899 sacerdotibus
1646 832 2051 901 tradendae
2087 838 2263 901 sunt
2307 840 2389 901 ut
2427 834 2687 901 iisdem
2727 833 3050 903 satisfiat
3086 833 3133 901 ¹.

482 937 516 1019 §
562 937 628 1004 3.
679 938 851 1005 Alia
891 937 1261 1022 stipendia
1295 956 1481 1022 quae
1517 959 1605 1007 ex
1637 939 2161 1007 fundationum
2196 941 2556 1009 reditibus
2587 941 3129 1026 percipiuntur,
3171 961 3297 1027 ap-

300 1046 681 1129 pellantur
709 1046 1032 1130 sundata
1064 1066 1193 1114 seu
1229 1045 1499 1113 Missae
1529 1048 1914 1131 fundatae.

1563 1312 1567 1319 ι
1595 1225 1772 1292 CAN.
1816 1225 1969 1292 827.

482 1346 549 1409 Α
593 1345 785 1428 stipe
842 1344 1238 1410 Missarum
1284 1346 1653 1428 quaelibet
1698 1347 1924 1412 etiam
1970 1346 2247 1431 species
2295 1348 2820 1431 negotiationis
2862 1349 2980 1416 vel
3026 1366 3297 1416 merca·

298 1452 519 1518 turae
559 1452 858 1519 omnino
889 1456 1236 1519 arceatur
1268 1451 1320 1517 ².

1597 1560 1774 1628 cm.
1817 1561 1971 1627 828.

480 1683 621 1750 Tot
662 1682 1142 1751 celebrandae
1193 1688 1270 1752 et
1309 1684 1797 1768 applicandae
1840 1691 2019 1752 sunt
2064 1685 2361 1767 Missae,
2421 1691 2598 1769 quot
2644 1685 3018 1770 stipendia
3070 1686 3296 1754 etiam

299 1790 571 1873 exigua
593 1791 773 1858 data
798 1797 874 1858 et
904 1795 1209 1875 accepta
1230 1791 1517 1861 fuerint
1546 1790 1597 1857 ³.

1594 1950 1770 2018 om.
1822 1950 1976 2017 829.

487 2068 688 2137 Licet
726 2069 886 2137 sine
914 2070 1137 2154 culpa
1166 2070 1374 2137 illius
1406 2070 1533 2154 qui
1564 2089 1782 2139 onere
1817 2070 2240 2138 celebrandi
2270 2075 2653 2155 gravatur,
2691 2040 3300 2138 Missarum⁴elee·

305 2192 653 2260 mosynae
694 2176 842 2243 iam
891 2182 1281 2262 perceptae
1319 2178 1700 2262 perierint,
1755 2179 2114 2263 obligatio
2154 2196 2302 2245 non
2338 2182 2606 2246 cessat.

1601 2357 1779 2425 om.
1824 2357 1978 2424 830.

485 2481 565 2547 Si
603 2482 768 2565 quis
801 2481 1154 2565 pecuniae
1189 2499 1550 2547 summam
1582 2482 1939 2550 obtulerit
1969 2501 2108 2565 pro
2149 2480 2548 2548 Missarum
2582 2481 3107 2565 applicatione,
3154 2499 3303 2548 non

302 2589 644 2655 indicans
673 2588 1072 2657 earundem
1099 2606 1510 2671 numerum,
1541 2590 1659 2656 hic
1691 2593 2143 2675 supputetur
2166 2590 2565 2658 secundum
2595 2591 3126 2675 eleemosynam
3154 2587 3296 2656 loci

304 2697 380 2762 in
440 2716 586 2781 quo
630 2695 923 2764 oblator
978 2698 1432 2779 morabatur,
1484 2698 1628 2764 nisi
1674 2698 1899 2765 aliam
1949 2699 2182 2765 tuisse
2229 2698 2389 2765 eius
2436 2698 2920 2766 intentionem
2971 2697 3301 2782 legitime

306 2804 680 2886 praesumi
723 2804 987 2872 debeat
1013 2804 1065 2870 ⁴.

1596 2912 1774 2981 CAN.
1820 2912 1975 2980 831.

482 3037 515 3119 5
567 3040 630 3102 1.
682 3037 1066 3104 Ordinarii
1109 3038 1252 3104 loci
1292 3040 1407 3103 est
1456 3037 1873 3104 manualem
1921 3035 2317 3103 Missarum
2363 3036 2629 3120 stipem
2676 3036 2754 3102 in
2797 3055 2932 3103 sua
2985 3036 3299 3104 dioecesi

296 3145 611 3213 definire
641 3164 771 3228 per
798 3143 1201 3227 decretum,
1233 3150 1593 3230 quantum
1624 3145 1785 3212 fieri
1815 3148 2085 3229 potest,
2119 3145 2197 3211 in
2228 3145 2663 3213 dioecesana-
2702 3144 3000 3231 Synodo
3036 3144 3302 3227 latum;

298 3271 434 3320 nec
470 3252 837 3319 sacerdoti
867 3253 1044 3320 licet
1073 3270 1159 3320 ea
1198 3252 1549 3320 maiorem
1580 3253 1870 3337 exigere
1898 3251 1951 3316 ⁸.

485 3361 519 3441 ξ
567 3359 633 3424 2.
685 3360 830 3428 Ubi
875 3360 1070 3428 desit
1117 3359 1500 3427 Ordinarii
1538 3359 1943 3443 decretum,
1985 3364 2320 3428 servetur
2363 3359 2821 3428 consuetudo
2866 3358 3220 3427 dioecesis
3246 3357 3295 3424 ⁶.

489 3626 508 3660 ¹
551 3623 610 3676 Β.
646 3625 711 3676 O.
748 3623 835 3684 0.,
868 3623 1022 3675 decr.
1054 3639 1087 3674 α
1128 3622 1204 3674 Ut
1236 3623 1434 3673 debita
1467 3638 1516 3684 n,
1548 3625 1613 3675 11
1644 3623 1787 3673 maii
1821 3624 1968 3684 19o43
1995 3622 2071 3675 ’19
2099 3624 2223 3675 dec.
2257 3623 2405 3683 1904,
2445 3623 2524 3675 ad
2564 3625 2614 3675 1.

484 3717 507 3749 ²
544 3714 717 3764 Cone.
762 3713 1050 3773 Trident„
1097 3724 1240 3764 sess.
1286 3713 1467 3772 XXII,
1514 3714 1586 3765 de
1627 3712 2011 3764 observandis
2055 3717 2114 3764 et
2170 3711 2466 3765 evitamus
2512 3714 2577 3763 in
2633 3711 3022 3763 celebratione
3067 3711 3305 3768 missae:

305 3803 665 3855 Benedictus
694 3802 845 3861 xiv,
874 3814 963 3862 ep.
1001 3817 1031 3850 ι
1061 3801 1175 3851 Pro
1212 3800 1432 3851 ommia
1462 3817 1510 3862 ι,
1541 3800 1608 3853 30
1641 3802 1761 3853 iun.
1803 3802 1951 3862 1⁷41;
1979 3804 2164 3852 const.
2199 3817 2228 3851 α
2267 3802 2359 3852 Ad
2400 3799 2718 3853 militantia
2752 3815 2802 3861 »,
2837 3801 2904 3852 30
2930 3803 3108 3853 mart.
3143 3799 3294 3860 1742,

304 3895 331 3953 5
359 3894 410 3952 6;
435 3895 623 3943 const.
652 3907 682 3940 ι
713 3893 877 3952 Quod
911 3892 1184 3951 copem-51⁸
1217 3904 1266 3951 »,
1295 3890 1360 3942 26
1382 3903 1516 3951 aug.
1554 3890 1700 3952 1748;
1731 3889 1790 3942 S.
1827 3890 1894 3942 C.
1932 3890 2018 3950 (3.,
2047 3889 2203 3941 decr.
2233 3890 2298 3942 25
2332 3890 2434 3941 iul.
2465 3890 2614 3950 1874,
2644 3890 2722 3941 ad
2757 3890 2860 3950 1-5;
2884 3890 3039 3940 decr.
3073 3903 3105 3940 ι
3137 3889 3293 3948 Ποι-

307 3982 462 4031 umti
499 3996 548 4040 ιι,
582 3981 648 4032 25
682 3982 826 4032 maii
860 3981 1009 4041 1893,
1055 3981 1131 4031 ad
1166 3980 1269 4042 1-5;
1300 3992 1390 4040 ep.
1431 3980 1497 4032 28
1539 3992 1672 4041 aug.
1710 3979 1857 4042 1897;
1891 3980 2047 4031 decr.
2095 3995 2126 4030 ι
2177 3976 2252 4029 Ut
2294 3979 2492 4029 debita
2522 3993 2572 4038 »,
2608 3980 2673 4030 11
2707 3979 2852 4029 maii
2884 3979 3034 4038 1904,
3069 3990 3127 4029 ιι.
3164 3977 3305 4038 8-1ος

307 4073 366 4122 Β.
406 4071 473 4122 0.
511 4069 586 4122 de
622 4071 792 4130 Prop.
834 4070 998 4129 Fide,
1041 4069 1217 4121 instr.
1273 4070 1374 4129 (ad
1409 4070 1680 4129 Archiep.
1720 4068 2088 4129 Hiberniae),
2136 4068 2200 4120 25
2239 4069 2359 4120 iun.
2398 4069 2545 4129 1791:
2578 4068 2735 4120 decr.
2783 4068 2851 4119 18
2885 4079 3018 4128 aug.
3055 4067 3202 4119 1893.
3236 4093 3299 4103 -

306 4160 454 4211 Vide
485 4160 667 4210 etiam
697 4170 826 4211 can.
861 4159 977 4218 840,
1014 4159 1040 4220 5
1081 4160 1129 4219 1;
1158 4158 1274 4217 918,
1310 4158 1336 4219 5
1371 4159 1421 4208 2.

483 4251 510 4287 ³
553 4249 931 4300 Innocentius
963 4248 1096 4308 ΧΠ,
1131 4251 1316 4299 const.
1356 4262 1388 4297 ι
1424 4247 1627 4308 Nuper
1664 4260 1718 4307 n,
1761 4247 1826 4299 23
1856 4247 1983 4299 dec.
2020 4247 2168 4307 1697,
2216 4247 2242 4308 5
2281 4248 2331 4307 4,
2366 4247 2418 4307 5,
2454 4246 2538 4307 15,
2584 4245 2662 4298 ad
2697 4245 2747 4305 2,
2782 4246 2833 4305 3,
2875 4245 2901 4306 5
2937 4246 3020 4305 30;
3057 4244 3301 4296 Benedi-

304 4341 439 4389 ctus
464 4337 617 4396 xlv,
647 4349 737 4397 ep.
774 4339 993 4397 encyci.
1023 4353 1054 4388 ι
1082 4336 1514 4386 Demandatam
1543 4353 1592 4396 »,
1620 4337 1685 4387 24
1710 4337 1834 4388 dec.
1873 4338 2021 4395 1743,
2054 4337 2080 4396 5
2109 4338 2191 4397 1ος
2221 4336 2279 4388 S.
2309 4336 2375 4387 O.
2411 4334 2469 4387 S.
2509 4335 2647 4393 off..
2682 4335 2838 4386 decr.
2870 4334 2935 4384 24
2965 4337 3114 4394 sept.
3147 4333 3301 4393 1665,

310 4439 473 4488 prop.
496 4410 596 4488 ‘10‚
631 4427 848 4488 damn.;
886 4427 944 4478 S.
980 4426 1045 4478 C.
1083 4426 1171 4485 C..
1214 4426 1373 4478 decr.
1410 4426 1475 4477 21
1520 4427 1640 4478 iun.
1678 4426 1825 4488 1625;
1863 4425 2196 4482 corr-onon„
2235 4425 2269 4475 7
2307 4425 2455 4476 febr.
2496 4424 2643 4484 1⁰:323
2677 4423 2832 4474 decr.
2871 4422 2937 4475 23
2981 4434 3113 4473 nov.
3151 4421 3299 4480 1697,

309 4517 388 4570 ad
425 4517 476 4575 2.
508 4517 558 4577 3:
596 4515 1077 4576 Oonoreuationis
1115 4514 1435 4572 Panionio,
1475 4515 1541 4566 16
1585 4515 1706 4566 dec.
1747 4515 1896 4575 1893,
1934 4514 2012 4565 ad
2052 4516 2101 4575 1;
2149 4513 2207 4566 S.
2247 4514 2312 4565 Ο.
2352 4513 2427 4565 de
2474 4513 2644 4572 Prop.
2684 4511 2846 4571 Fide,
2887 4511 3044 4563 decr.
3080 4511 3146 4562 13
3173 4521 3301 4570 apr.

309 4606 458 4665 1807,
488 4617 545 4656 n.
583 4606 732 4667 xvh
760 4607 876 4658 litt.
917 4606 1019 4665 (ad
1050 4605 1176 4656 vic.
1206 4604 1399 4665 Capit.
1439 4605 1871 4666 Dyrrachion),
1901 4605 1965 4655 29
1990 4615 2124 4664 aug.
2161 4603 2309 4664 1844;
2344 4602 2462 4655 litt.
2493 4603 2713 4663 encycl.
2753 4601 2854 4661 (ad
2886 4601 2992 4661 Ep.
3025 4599 3301 4660 Orient.).

308 4696 374 4747 29
404 4696 525 4746 ian.
570 4694 715 4746 1893.

487 4788 515 4822 ⁴
555 4785 936 4836 Innocentius
970 4783 1102 4842 xn,
1146 4786 1336 4835 const.
1379 4799 1410 4834 ι
1445 4781 1648 4842 Nuper
1683 4798 1730 4842 n,
1778 4783 1843 4834 23
1878 4781 2001 4834 dec.
2039 4781 2187 4841 1697,
2239 4781 2265 4841 5
2304 4781 2388 4840 15,
2426 4781 2504 4832 ad
2542 4780 2591 4840 2,
2633 4780 2660 4840 5
2697 4780 2779 4840 3ος
2820 4778 2878 4830 S.
2914 4779 2980 4830 O.
3017 4778 3106 4837 0..
3143 4777 3301 4828 decr.

310 4876 377 4928 23
413 4887 548 4926 nov.
580 4874 729 4934 1697,
761 4873 840 4924 ad
870 4873 919 4933 2;
950 4872 1263 4933 apr-uuna,
1297 4873 1362 4924 15
1391 4884 1522 4924 nov.
1559 4872 1707 4932 1698,
1751 4872 1829 4923 ad
1859 4872 1909 4932 2;
1940 4870 2238 4927 Lar-inem,
2281 4870 2346 4921 10
2378 4870 2523 4922 maii
2557 4869 2705 4928 1710,
2742 4868 2821 4919 ad
2861 4867 2913 4920 6.

486 4966 513 5002 ⁸
558 4963 937 5014 Innocentius
968 4962 1100 5021 XII,
1140 4964 1329 5014 const.
1367 4976 1399 5011 α
1432 4960 1635 5020 Nuper
1664 4976 1713 5020 ι,
1756 4961 1821 5012 23
1852 4960 1976 5012 dec.
2010 4959 2159 5018 1697,
2205 4959 2231 5020 5
2270 4959 2352 5018 15,
2387 4958 2465 5010 ad
2497 4958 2549 5018 5,
2587 4958 2613 5019 5
2649 4958 2732 5018 30;
2764 4955 3120 5007 Benedictus
3153 4954 3307 5014 xlv,

313 5055 502 5104 const.
541 5066 573 5101 ι
619 5051 783 5110 Quod
819 5051 1093 5111 coneneie
1127 5066 1177 5112 n,
1213 5050 1281 5102 26
1313 5062 1447 5111 aug.
1486 5050 1634 5111 17483
1673 5048 1732 5101 8.
1765 5049 1830 5101 O.
1867 5049 1957 5109 C..
2004 5046 2418 5106 Mediolanum,
2455 5048 2521 5099 13
2558 5047 2675 5097 ian.
2724 5045 2872 5106 1629,
2912 5043 2991 5096 ad
3028 5044 3111 5104 302
3149 5043 3305 5094 decr.

315 5143 380 5194 23
418 5153 556 5192 nov.
592 5140 738 5200 1697,
776 5141 855 5193 ad
888 5140 938 5202 5;
970 5139 1285 5200 Ant-uuna,
1327 5140 1393 5191 15
1424 5151 1555 5191 nov.
1592 5138 1740 5199 1698,
1785 5138 1878 5203 ad,
1900 5141 1950 5200 1:
1986 5137 2045 5189 S.
2080 5137 2145 5190 G.
2182 5136 2257 5188 de
2291 5138 2464 5196 Prop.
2502 5135 2666 5195 Fide,
2705 5135 2859 5186 decr.
2898 5134 2964 5185 13
2996 5144 3130 5193 aug.
3163 5131 3313 5192 1774ς

318 5228 377 5282 S.
411 5231 479 5282 Ο.
522 5229 777 5291 ludulg„
812 5227 987 5280 Urbi-s
1017 5232 1074 5280 et
1110 5229 1303 5287 orbis,
1335 5230 1401 5281 19
1429 5229 1574 5279 maii
1606 5229 1754 5290 1761;
1795 5227 1854 5280 S.
1893 5228 1965 5279 R.
2000 5226 2089 5287 C..
2123 5224 2489 5284 Placentina,
2521 5223 2587 5275 22
2626 5237 2757 5275 nov.
2792 5223 2942 5282 1710,
2978 5222 3056 5273 ad
3090 5221 3174 5272 10.

504 5323 530 5358 ⁸
562 5319 941 5371 Innocentius
971 5319 1104 5378 XII,
1148 5322 1332 5371 const.
1372 5334 1404 5369 ι
1435 5317 1638 5378 Nuper
1669 5334 1718 5377 n,
1760 5317 1826 5370 23
1856 5317 1981 5369 dec.
2018 5315 2167 5376 1697,
2202 5315 2230 5376 5
2273 5315 2356 5373 15,
2394 5314 2473 5366 ad
2503 5315 2554 5374 5,
2593 5314 2620 5374 5
2654 5314 2738 5374 3ος
2770 5310 3127 5363 Benedictus
3155 5308 3310 5369 xlv,

316 5414 503 5462 const.
538 5424 570 5459 ι
598 5408 762 5470 Quod
786 5409 1059 5469 menois
1084 5424 1133 5470 n,
1162 5409 1227 5460 26
1251 5421 1385 5470 aug.
1413 5408 1560 5469 17483
1592 5406 1649 5460 S.
1686 5406 1753 5458 C.
1789 5406 1879 5467 O..
1914 5407 2071 5458 decr.
2099 5405 2164 5458 23
2187 5416 2320 5456 nov.
2356 5403 2505 5464 1697,
2536 5401 2615 5454 ad
2641 5402 2692 5464 5;
2720 5400 3034 5463 Apo-uuna,
3070 5398 3137 5450 15
3168 5408 3305 5449 nov.

318 5499 467 5560 1698,
500 5498 580 5550 ad
615 5499 668 5560 ις
702 5498 761 5551 S.
796 5499 861 5550 0.
898 5498 1151 5559 Indulg..
1198 5497 1373 5549 Urbis
1402 5501 1461 5548 ot
1496 5495 1688 5554 Orbis,
1728 5497 1795 5548 19
1827 5496 1974 5548 maii
2004 5494 2152 5547 1761.
2719 5492 2723 5495 ’
