3753 5871
436 336 545 395 302
1573 336 1769 388 Gnaeo
1815 335 1977 387 lurda
2017 337 2298 388 canonici

1717 558 1893 626 CAN.
1945 522 2138 625 1061.

619 693 652 776 ξ
702 696 766 761 1.
816 696 1153 764 Ecclesia
1221 715 1444 781 super
1524 698 2049 783 impedimento
2113 700 2390 769 mixtae
2459 700 2839 787 religionis
2910 721 3057 771 non
3139 704 3424 789 dispen-

440 805 583 884 sat,
625 802 815 869 nisi:

704 913 802 994 1?
847 912 1178 997 Urgeant
1217 912 1458 982 iustae
1494 932 1583 980 ac
1612 932 1872 999 graves
1901 933 2189 1000 causae;

697 1018 794 1084 2.⁰
840 1020 1277 1088 cautionem
1350 1023 1812 1105 praestiterit
1888 1025 2157 1090 coniux
2230 1026 2688 1093 acatholicus
2754 1026 2847 1095 de
2923 1027 3327 1097 amovendo
3382 1049 3429 1097 a

438 1128 747 1210 coniuge
788 1129 1155 1195 catholico
1198 1130 1689 1213 perversionis
1733 1133 2088 1215 periculo,
2146 1135 2222 1200 et
2278 1139 2583 1221 uterque
2623 1136 2894 1202 coniux
2946 1136 3039 1203 de
3084 1138 3427 1205 universa

440 1233 646 1317 prole
683 1236 1045 1303 catholice
1086 1241 1380 1304 tantum
1421 1239 1864 1322 baptizanda
1908 1244 1983 1307 et
2032 1240 2436 1323 educanda;

699 1342 798 1408 3.⁶
844 1343 1153 1410 Moralis
1190 1345 1550 1412 habeatur
1588 1347 1960 1414 certitudo
1993 1347 2083 1414 de
2124 1350 2553 1416 cautionum
2599 1350 3072 1433 implemento
3105 1350 3155 1417 ¹.

614 1449 648 1530 ξ
695 1450 762 1514 2.
813 1451 1216 1520 cautiones
1268 1453 1711 1538 regulariter
1750 1456 1827 1521 in
1872 1457 2175 1540 scriptis
2213 1457 2610 1542 exigantur
2644 1456 2696 1524 ².

1708 1628 1885 1695 CAN.
1935 1629 2128 1695 1062.

608 1747 898 1815 Coniux
927 1748 1339 1816 catholicus
1374 1748 1823 1835 obligatione
1853 1755 2150 1818 tenetur
2184 1752 2728 1820 conversionem
2766 1752 3104 1839 coniugis
3133 1754 3423 1821 acatho-

437 1854 564 1922 lici
602 1856 1005 1939 prudenter
1039 1857 1354 1924 curandi
1389 1857 1440 1924 ³.

1710 1966 1887 2034 CAN.
1945 1966 2140 2034 1003.

616 2089 649 2170 §
699 2090 764 2154 1.
816 2089 982 2156 Etsi
1023 2091 1117 2156 ab
1163 2089 1495 2157 Ecclesia
1557 2091 1858 2159 obtenta
1935 2092 2035 2159 sit
2098 2091 2555 2176 dispensatio
2620 2110 2842 2175 super
2903 2092 3430 2176 impedimento

440 2196 716 2264 mixtae
770 2198 1172 2281 religionis,
1222 2199 1571 2282 coniuges
1619 2204 2017 2283 nequeunt,
2082 2201 2195 2266 vel
2245 2207 2421 2267 ante
2480 2200 2594 2267 vel
2660 2205 2824 2285 post
2877 2202 3428 2268 matrimonium

437 2323 684 2372 coram
728 2306 1059 2372 Ecclesia
1094 2307 1389 2388 initum,
1427 2307 1633 2374 adire
1669 2326 1979 2391 quoque,
2021 2310 2173 2375 sive
2209 2328 2338 2392 per
2374 2328 2451 2375 se
2485 2309 2637 2376 sive
2675 2328 2803 2392 per
2846 2314 3423 2391 procuratorem,

439 2414 862 2480 ministrum
905 2414 1395 2480 acatholicum
1449 2416 1561 2482 uti
1605 2416 1837 2481 sacris
1886 2416 2291 2497 addictum,
2322 2418 2417 2484 ad
2460 2417 3077 2497 matrimonialem
3127 2435 3420 2485 consen·

438 2538 599 2586 sum
635 2521 1162 2604 praestandum
1196 2522 1311 2588 vel
1350 2522 1846 2589 renovandum
1880 2525 1930 2586 ⁴.

619 2741 638 2775 1
680 2740 1034 2792 Benedictus
1073 2741 1223 2799 xlv,
1265 2752 1355 2800 ep.
1391 2742 1609 2802 encyci.
1646 2756 1677 2790 c
1711 2740 1962 2799 Maestae
1999 2739 2180 2791 Nobis
2211 2756 2261 2801 ιι,
2296 2742 2362 2793 29
2393 2742 2517 2793 iun.
2551 2742 2698 2803 174&
2731 2743 2873 2793 Pius
2907 2743 3009 2801 VI,
3044 2742 3311 2802 rescript.
3347 2742 3425 2794 ad

438 2829 614 2881 Card.
651 2829 921 2889 Archiep.
969 2829 1363 2888 mechlinie-n..
1398 2830 1464 2880 13
1495 2829 1599 2881 lul.
1635 2829 1780 2890 17823
1816 2830 1959 2880 Pius
1992 2830 2160 2889 vm,
2197 2830 2314 2881 utt.
2352 2841 2447 2890 ap.
2487 2844 2517 2880 ι
2551 2829 2796 2881 Litteris
2834 2830 3022 2881 altero
3060 2846 3109 2890 ιο,
3148 2831 3212 2882 ffi
3247 2835 3422 2884 mart.

438 2919 584 2980 1830:
619 2918 936 2980 Gregorius
970 2919 1119 2978 xvl,
1148 2930 1237 2979 ep.
1267 2920 1487 2980 encycl.
1521 2934 1551 2968 ι
1583 2918 1820 2970 Summo
1849 2917 2069 2979 inviter
2097 2938 2144 2980 υ,
2174 2919 2239 2970 27
2266 2919 2409 2970 maii
2437 2918 2582 2981 1832;
2608 2931 2699 2981 ep.
2729 2921 2946 2981 encycl.
2979 2935 3010 2970 α
3038 2917 3422 2970 Commissum

437 3009 724 3058 divinitus
758 3024 806 3068 n,
839 3008 905 3059 17
945 3009 1089 3058 mail
1130 3008 1275 3066 1835:
1314 3017 1403 3068 ep.
1442 3025 1471 3058 α
1506 3008 1777 3057 Dolorem
1812 3024 1861 3068 »,
1897 3009 1963 3060 30
1994 3021 2125 3059 nov.
2161 3008 2307 3068 1839:
2344 3009 2461 3060 litt.
2497 3021 2591 3070 ap.
2633 3023 2663 3059 ι
2697 3009 2856 3070 Quas
2893 3011 3089 3060 vestro
3124 3025 3172 3068 ιι,
3203 3010 3271 3061 30
3298 3020 3424 3069 apr.

440 3099 588 3158 1841:
620 3109 710 3158 ep.
752 3113 781 3146 α
812 3097 941 3146 Non
970 3097 1096 3146 sine
1129 3098 1297 3155 vravi
1330 3113 1379 3156 n,
1410 3097 1474 3149 23
1502 3099 1646 3149 maii
1676 3097 1821 3159 184ος
1851 3099 1967 3148 Leo
1996 3098 2160 3157 XIII.
2193 3109 2282 3157 ep.
2314 3099 2532 3158 encyci.
2568 3113 2598 3146 ι
2629 3098 2792 3158 Quod
2825 3097 3075 3147 multum
3115 3112 3164 3156 n,
3197 3098 3262 3148 22
3290 3110 3423 3159 aug.

438 3188 584 3246 18863
621 3187 763 3236 Plus
790 3188 855 3245 Χ,
889 3188 1004 3237 litt.
1036 3199 1129 3246 ap.
1161 3202 1192 3236 α
1222 3185 1474 3235 Provida
1503 3201 1561 3245 »f
1582 3186 1648 3238 18
1677 3189 1794 3237 ian.
1827 3186 1976 3244 1900,
2006 3200 2063 3238 ιι.
2103 3187 2182 3246 ΙΙ;
2215 3187 2273 3238 S.
2308 3186 2373 3238 C.
2408 3186 2466 3238 S.
2500 3186 2615 3239 Off.
2658 3186 2957 3247 (Quebec),
2990 3188 3055 3238 10
3091 3191 3240 3246 sept.
3279 3187 3426 3248 182ος

440 3276 612 3326 instr.
661 3275 763 3334 (ad
799 3277 1068 3335 Archiep.
1103 3276 1471 3335 Quebecen.),
1504 3276 1575 3327 10
1599 3279 1745 3334 sept.
1782 3276 1930 3334 1824,
1961 3275 2037 3326 ad
2066 3276 2116 3337 55
2142 3276 2209 3326 30
2239 3276 2358 3326 iun.
2391 3275 2537 3335 1842,
2571 3275 2647 3326 nd
2675 3277 2724 3336 5:
2761 3276 2909 3334 (vic.
2942 3277 3048 3335 Ap.
3085 3274 3424 3335 sandwic),

438 3367 502 3416 11
532 3365 654 3416 dec.
683 3366 830 3422 1850.
858 3365 933 3416 ad
959 3366 1039 3426 24;
1064 3365 1232 3416 instr.
1270 3364 1372 3419 (ad
1397 3366 1519 3416 Vic.
1548 3367 1655 3424 Ap.
1686 3365 1936 3424 Gallus),
1965 3364 2031 3416 28
2052 3367 2226 3415 mart.
2260 3364 2408 3425 1800,
2439 3377 2496 3415 ιι.
2528 3364 2577 3425 0,
2611 3364 2991 3424 (Helvetiae).
3021 3364 3085 3415 21
3122 3366 3239 3418 ian.
3277 3363 3424 3425 1803,

437 3467 496 3503 ιι.
534 3454 582 3514 4;
634 3453 1063 3514 (Southwark)‚
1109 3453 1174 3503 22
1209 3466 1340 3504 nov.
1379 3453 1526 3512 1865,
1567 3453 1644 3504 ad
1683 3453 1731 3514 23
1774 3453 2120 3513 (Leodien.).
2157 3453 2224 3505 30
2259 3453 2377 3504 lan.
2416 3453 2564 3512 1807,
2603 3453 2679 3504 ad
2710 3455 2758 3513 1:
2795 3454 2964 3504 instr.
3013 3453 3114 3511 (ad
3151 3452 3422 3512 Archiep.

438 3544 796 3603 Coronen),
838 3544 870 3593 3
912 3544 1028 3593 ian.
1083 3543 1230 3601 1871,
1271 3555 1329 3592 ιι.
1370 3543 1420 3602 3;
1463 3543 1631 3594 instr.
1685 3542 1785 3598 (ad
1829 3543 1951 3592 vic.
1996 3544 2103 3602 Ap.
2149 3541 2441 3594 Oceaniae
2481 3541 2790 3600 centu-at),
2839 3541 2905 3592 18
2946 3541 3069 3592 dec.
3114 3540 3261 3602 1872;
3306 3541 3421 3592 litt.

448 3632 531 3688 (S.
574 3632 897 3691 Germani),
936 3632 1000 3682 17
1030 3633 1179 3683 febr.
1212 3631 1358 3692 1875:
1389 3632 1505 3683 litt.
1541 3631 1605 3683 23
1634 3644 1767 3692 aug.
1801 3631 1948 3692 1877:
1984 3631 2084 3685 (ad
2117 3631 2221 3691 Ep.
2255 3631 2680 3691 Aurelianen.),
2712 3630 2746 3682 0
2775 3632 2895 3682 iun.
2927 3630 3072 3690 1879:
3113 3630 3281 3681 instr.
3325 3628 3427 3687 (ad

438 3720 708 3780 Archiep.
745 3721 1055 3780 scopum),
1089 3721 1153 3771 15
1189 3732 1320 3771 nov.
1354 3720 1499 3780 1882:
1530 3721 1699 3771 instr.
1743 3720 1843 3779 (ad
1873 3732 2074 3771 omnes
2105 3720 2211 3779 1²:12.
2246 3719 2423 3771 Ritus
2454 3718 2729 3779 orient.),
2762 3719 2827 3769 12
2859 3718 2980 3769 dec.
3018 3718 3167 3778 1888,
3199 3731 3258 3768 ιι.
3288 3718 3345 3777 ’4,
3376 3719 3427 3779 5;

447 3811 849 3869 (Leopoiien.).
884 3810 949 3860 18
982 3818 1155 3861 mart.
1200 3809 1344 3869 1891;
1384 3810 1449 3861 10
1481 3808 1604 3860 dec.
1638 3809 1784 3868 1902,
1823 3808 1900 3860 ad
1933 3811 1982 3867 1,
2015 3810 2063 3864 2:
2098 3808 2155 3859 S.
2188 3809 2253 3860 C.
2289 3808 2363 3860 de
2396 3809 2564 3868 Prop.
2604 3808 2767 3868 Fide,
2805 3809 2976 3860 instr.
3020 3808 3122 3866 (ad
3155 3808 3278 3860 Vlc.
3316 3808 3422 3866 Ap.

440 3900 725 3958 sveciae),
771 3900 803 3949 0
837 3903 984 3958 sept.
1021 3899 1167 3958 1785;
1202 3899 1372 3949 instr.
1418 3898 1519 3955 (ad
1557 3899 1661 3957 Ep.
1701 3898 2241 3956 Graeco-Runien.).
2279 3910 2333 3948 a.
2373 3897 2519 3958 1858:
2556 3897 2673 3948 litt.
2710 3897 2927 3957 encycl.
2970 3898 3034 3947 11
3072 3898 3247 3948 mart.
3281 3895 3427 3957 1868:

440 3989 555 4040 litt.
591 3989 692 4048 (ad
722 3989 825 4048 Ep.
855 3988 1220 4048 Ottawien.),
1249 3988 1314 4039 17
1334 4000 1460 4047 apr.
1488 3987 1634 4048 1879;
1659 3987 1878 4039 Sec-ret.
1907 3986 2131 4046 Status,
2163 3988 2329 4038 instr.
2355 3986 2420 4038 27
2441 3988 2616 4038 mart.
2650 3985 2795 4047 1830:
2817 3985 2988 4038 instr.
3015 3985 3080 4036 12
3103 3988 3251 4045 sept.
3283 3984 3430 4046 1834;

440 4080 609 4130 instr.
643 4079 707 4129 22
734 4080 877 4129 maii
914 4080 1061 4136 1841:
1098 4079 1267 4129 instr.
1302 4079 1367 4128 15
1398 4090 1528 4128 nov.
1561 4078 1707 4131 1858:
1740 4079 1855 4129 litt.
1889 4078 1922 4128 7
1952 4078 2053 4128 iul.
2087 4077 2235 4134 1890,
2268 4077 2344 4128 ad
2374 4077 2421 4126 2.

618 4171 644 4206 2
677 4169 817 4218 Pius
845 4168 946 4227 v1,
985 4169 1251 4226 rescript.
1284 4166 1362 4217 ad
1389 4166 1564 4218 Card.
1595 4166 1866 4226 Archiep.
1903 4166 2294 4236 mechlinien„
2326 4166 2391 4216 13
2420 4167 2523 4217 iul.
2556 4165 2701 4226 1782;
2733 4164 2790 4216 S.
2825 4165 2889 4216 O.
2926 4164 2984 4216 S.
3017 4163 3132 4216 off.
3173 4163 3276 4222 (ad
3312 4163 3416 4223 Dp.

436 4258 862 4316 Aurelianen.),
907 4258 941 4308 0
993 4257 1112 4308 iun.
1169 4256 1315 4318 1879:
1356 4258 1422 4308 10
1464 4256 1587 4308 dec.
1636 4255 1782 4316 1902:
1825 4255 1883 4308 S.
1928 4256 1992 4307 C.
2039 4256 2113 4307 de
2157 4256 2326 4315 Prop.
2375 4254 2539 4315 Fide,
2587 4255 2702 4305 litt.
2758 4254 2860 4312 (ad
2906 4253 3011 4313 Ep.
3057 4252 3424 4312 ettamen),

435 4347 501 4398 17
540 4356 667 4405 apr.
703 4346 849 4397 1879.

618 4439 642 4474 ³
680 4436 1034 4487 Benedictus
1068 4436 1219 4494 XIV,
1254 4447 1346 4495 ep.
1380 4436 1598 4496 encyci.
1645 4449 1674 4484 α
1715 4434 1966 4493 Mamme
2000 4431 2182 4485 Nobis
2213 4448 2262 4493 n,
2296 4433 2361 4485 29
2394 4433 2514 4483 iun.
2552 4432 2697 4492 174&
2731 4432 2874 4483 Pius
2905 4431 3007 4492 VI,
3042 4431 3311 4492 rescript.
3349 4428 3428 4480 ad

437 4525 613 4577 Carti.
648 4525 919 4585 Archiep.
956 4524 1352 4585 Mechiinien„
1395 4525 1460 4576 13
1496 4525 1597 4575 iul.
1633 4524 1780 4581 1782:
1812 4524 1957 4574 Pius
1989 4523 2157 4582 VIII.
2195 4523 2311 4575 litt.
2349 4533 2442 4582 ap.
2481 4535 2511 4571 α
2544 4520 2790 4572 Litteris
2826 4521 3014 4570 altero
3055 4534 3107 4579 n,
3150 4520 3216 4570 25
3248 4520 3424 4570 mart.

438 4616 584 4673 183ος
612 4615 931 4674 Gregorius
960 4615 1110 4671 XVI,
1140 4626 1229 4674 ep.
1266 4615 1485 4675 encyci.
1525 4629 1555 4662 ιι
1587 4613 1824 4663 Summo
1852 4612 2071 4673 iupiter
2095 4628 2145 4670 ν,
2176 4611 2239 4662 27
2268 4611 2410 4661 maii
2442 4610 2588 4672 18323
2615 4610 2733 4662 litt.
2765 4621 2860 4669 ap.
2894 4625 2925 4659 α
2961 4608 3121 4669 Quas
3149 4611 3345 4658 vestro
3375 4621 3425 4666 ι,

431 4704 498 4755 30
527 4714 654 4762 apr.
694 4703 839 4763 1841;
870 4715 959 4762 ep.
999 4718 1030 4752 α
1061 4703 1191 4751 Non
1228 4702 1354 4751 sine
1387 4703 1556 4762 oravi
1589 4717 1638 4762 ιι,
1674 4703 1739 4753 23
1772 4702 1915 4752 maii
1950 4701 2096 4763 184ος
2133 4700 2190 4752 S.
2224 4700 2289 4753 C.
2326 4700 2384 4752 S.
2419 4700 2557 4760 Off..
2603 4700 2774 4750 instr.
2830 4697 2931 4756 (ad
2974 4697 3244 4757 Archiep.
3283 4695 3429 4757 Que-

438 4793 680 4852 becen.)‚
718 4793 784 4844 10
819 4795 966 4852 sept.
1004 4792 1151 4851 1824,
1196 4792 1274 4843 ad
1315 4792 1364 4853 ῦς
1409 4791 1557 4850 (vic.
1595 4793 1701 4850 Ap.
1740 4791 2079 4849 sandwic),
2117 4792 2181 4841 11
2215 4789 2338 4840 dec.
2376 4789 2523 4848 1850,
2561 4788 2638 4839 ad
2672 4787 2753 4848 24;
2788 4787 2959 4838 instr.
3017 4785 3118 4845 (ad
3155 4785 3423 4843 Archiep.

437 4882 794 4943 Coronen),
818 4883 852 4933 3
875 4883 992 4932 ian.
1025 4882 1173 4941 1871,
1199 4895 1256 4933 ιι.
1282 4882 1331 4943 3;
1353 4882 1525 4933 lustr.
1561 4880 1661 4939 (ad
1687 4882 1809 4940 Vic.
1837 4881 1945 4941 Ap.
1972 4879 2264 4931 Oceanlae
2286 4878 2595 4936 Genuam,
2624 4877 2690 4928 18
2718 4876 2842 4927 dec.
2875 4876 3021 4937 18723
3047 4876 3164 4927 litt.
3195 4874 3261 4926 23
3288 4885 3423 4934 aug.

432 4972 578 5032 1877;
613 4971 781 5022 instr.
827 4971 930 5029 (ad
972 4983 1173 5021 omnes
1217 4972 1321 5031 Ep.
1369 4970 1546 5022 Ritus
1581 4970 1853 5029 orient),
1892 4968 1957 5020 12
1990 4968 2112 5020 dec.
2152 4968 2300 5028 1888,
2338 4980 2395 5018 ιι.
2432 4967 2482 5028 5;
2527 4966 2932 5026 (Leopolien.),
2969 4964 3035 5016 18
3068 4967 3245 5016 mart.
3282 4963 3428 5022 1891;

437 5062 502 5112 10
536 5060 683 5112 febr.
729 5059 876 5118 1892,
910 5060 988 5111 ad
1025 5060 1072 5120 2;
1103 5061 1168 5111 29
1199 5072 1329 5110 nov.
1364 5061 1512 5119 1899,
1549 5058 1626 5109 ad
1656 5060 1704 5119 1:
1740 5057 1797 5109 S.
1831 5057 1898 5109 C.
1932 5057 2020 5117 O..
2055 5057 2273 5109 declar.
2310 5072 2341 5106 ι
2374 5053 2756 5105 Matrimonia
2794 5069 2842 5115 n,
2888 5055 2920 5105 4
2962 5066 3092 5104 nov.
3126 5053 3274 5112 1741,
3314 5051 3340 5112 1
3378 5051 3426 5110 3;

439 5149 497 5201 S.
530 5151 594 5201 Ο.
631 5149 705 5201 de
738 5150 907 5208 Prop.
954 5148 1117 5208 Fide,
1163 5151 1333 5200 instr.
1380 5148 1480 5206 (ad
1513 5148 1636 5198 Vic.
1672 5149 1778 5208 Ap.
1818 5146 2105 5205 sveciae).
2141 5145 2175 5197 0
2207 5148 2356 5206 sept.
2391 5144 2537 5200 1785:
2577 5143 2665 5202 (G.
2700 5144 2764 5194 P.
2802 5154 2908 5203 pro
2946 5141 3068 5194 Sin.
3103 5168 3172 5178 -
3216 5140 3423 5200 Siam),

434 5241 469 5291 9
499 5239 623 5291 dec.
666 5238 812 5300 1822;
843 5239 959 5290 litt.
998 5239 1215 5299 encyci.
1250 5240 1315 5289 11
1345 5241 1519 5290 mart.
1555 5236 1700 5298 1868:
1735 5235 1954 5288 Secret.
1993 5234 2220 5289 Status.
2257 5236 2427 5286 lustr.
2463 5234 2527 5285 27
2558 5236 2733 5285 mart.
2772 5232 2920 5293 18303
2960 5231 3132 5282 instr.
3177 5230 3244 5281 12
3276 5232 3423 5289 sept.

438 5330 585 5389 1834;
620 5329 790 5380 instr.
826 5328 892 5378 15
932 5338 1063 5378 nov.
1108 5327 1254 5378 1858.

618 5421 644 5454 ⁴
684 5418 826 5468 Pius
857 5418 922 5470 X.
960 5418 1076 5468 litt.
1116 5429 1209 5476 ap.
1247 5431 1277 5466 α
1319 5416 1572 5466 Provida
1606 5431 1655 5476 ι»,
1690 5417 1755 5467 18
1787 5416 1908 5466 ian.
1943 5414 2092 5474 1906,
2128 5426 2186 5465 ιι.
2224 5414 2305 5474 11;
2340 5412 2398 5464 S.
2431 5412 2497 5464 C.
2533 5410 2591 5463 S.
2625 5410 2740 5462 Off.
2791 5409 3155 5469 (saxoniae).
3200 5407 3265 5458 29
3305 5406 3425 5457 ian.

444 5507 588 5567 1817;
623 5509 792 5558 instr.
843 5507 943 5566 (ad
988 5506 1259 5565 Archiep.
1306 5506 1674 5566 Quebecen.)‚
1714 5504 1780 5556 10
1814 5507 1961 5565 sept.
2000 5503 2147 5564 1824,
2185 5503 2264 5554 ad
2299 5503 2349 5564 5;
2393 5500 2828 5562 (Hong—Kong),
2866 5499 2899 5550 7
2934 5497 3080 5550 maai
3124 5495 3272 5558 18603
3306 5496 3426 5548 litt.
