3753 5871
475 331 582 391 1ae
1604 328 1801 382 Gom
1846 328 1879 380 1
1881 329 2009 382 aru
2047 327 2330 381 cumton

1762 515 1942 584 OAN.
1985 515 2138 583 627.

655 641 689 724 ἓ
737 643 802 707 1.
852 640 1294 726 Religiosus‚
1339 641 1812 709 renuntiatus
1857 640 2285 708 cardinalis
2331 645 2466 709 aut
2504 641 2918 726 Episcopus
2955 642 3110 710 sive
3147 641 3462 710 residen-

477 748 684 816 tialis
722 750 875 817 sive
915 748 1275 831 titularis,
1319 753 1569 817 manet
1608 749 2021 834 religiosae,
2064 749 2438 833 particeps
2476 750 3030 835 privilegiorum
3070 768 3247 817 suae
3297 750 3461 818 reli·

477 856 743 941 gionis‚
787 858 982 924 votis
1023 856 1433 941 ceterisque
1482 874 1661 924 suae
1701 856 2185 941 professionis
2238 857 2813 942 obligationibus
2856 857 3288 940 adstrictus,
3344 876 3462 925 ex-

475 965 714 1049 ceptis
758 964 854 1031 iis
902 983 1086 1049 quas
1128 982 1296 1031 cum
1341 982 1476 1031 sua
1524 964 1895 1059 dignitate
1939 965 2099 1049 ipse
2154 964 2560 1049 prudenter
2605 966 2884 1034 iudicet
2929 966 3269 1051 componi
3317 983 3468 1033 non

478 1087 715 1154 posse,
764 1070 970 1139 salvo
1003 1070 1464 1156 praescripto
1504 1089 1670 1139 can.
1710 1071 1842 1139 628
1882 1071 1931 1139 ².

659 1178 694 1260 ξ
739 1177 807 1244 2.
857 1178 1236 1247 Eximitur
1283 1185 1534 1249 tamen
1589 1198 1640 1247 a
1682 1183 2052 1265 potestate
2102 1178 2583 1265 Superiorum
2633 1184 2733 1262 et,
2795 1179 2870 1246 vi
2925 1180 3083 1247 voti
3131 1179 3464 1248 obedien·

480 1284 655 1369 tiae,
703 1286 834 1353 uni
870 1286 1204 1354 Romano
1239 1287 1590 1356 Pontifici
1627 1293 1878 1356 manet
1922 1288 2304 1356 obnoxius.

1771 1446 1950 1515 ΟΔΝ.
1995 1445 2147 1514 628.

650 1568 1069 1654 Religiosus
1097 1568 1193 1636 ad
1230 1567 1673 1655 dignitatem
1702 1568 2191 1653 episcopalem
2229 1568 2346 1635 vel
2379 1567 2604 1635 aliam
2636 1572 2852 1635 extra
2881 1567 3259 1652 propriam
3301 1567 3464 1635 reli·

477 1676 765 1761 gionem
797 1681 1135 1745 evectus:

612 1788 615 1791 ’
739 1787 837 1851 1.·
874 1784 966 1852 Δ81
1021 1802 1154 1869 per
1208 1784 1739 1869 professionem
1802 1784 2211 1852 dominium
2269 1784 2624 1851 bonorum
2690 1783 3050 1865 amiserit,
3111 1783 3467 1851 bonorum

485 1910 674 1976 quae
721 1893 871 1977 ipsi
931 1893 1357 1975 obveniunt,
1413 1891 1635 1960 habet
1684 1910 1926 1973 usum,
1982 1892 2530 1959 usumfructum
2584 1896 2659 1959 et
2711 1891 3459 1976 administrationem

480 1999 1010 2084 proprietatem
1058 2018 1236 2068 vero
1273 2000 1687 2085 Episcopus
1728 1999 2252 2083 residentialis,
2306 1999 2656 2067 Vicarius
2692 1998 3193 2083 Apostolicus,
3248 1997 3467 2065 Prae·

478 2108 724 2176 fectus
752 2108 1251 2192 Apostolicus,
1289 2108 1613 2193 acquirit
1642 2107 1985 2191 dioecesi,
2019 2107 2442 2190 vicariatui,
2480 2107 3012 2192 praefecturae3
3043 2105 3297 2189 ceteri,
3336 2107 3470 2174 Or-

481 2216 642 2284 dini
675 2216 792 2284 vel
832 2216 1150 2284 Sanctae
1183 2215 1384 2298 Sedi,
1424 2216 1521 2284 ad
1565 2233 1897 2284 normam
1932 2233 2097 2284 can.
2143 2214 2298 2299 582,
2345 2214 2551 2283 salvo
2596 2214 3057 2300 praescripto
3099 2230 3265 2280 can.
3311 2212 3470 2296 239,

487 2322 521 2406 ξ
554 2324 622 2405 1,
654 2342 730 2389 n.
770 2324 876 2405 195

740 2427 842 2496 2.·
886 2428 969 2496 Si
996 2448 1128 2513 per
1154 2428 1682 2513 professionem
1710 2428 2120 2497 dominium
2149 2429 2507 2497 bonorum
2536 2446 2684 2497 non
2713 2427 3072 2510 amiserit,
3113 2427 3471 2494 bonorum

484 2553 670 2620 quae
704 2536 1045 2620 habebat,
1083 2543 1472 2621 recuperat
1514 2555 1755 2620 usum,
1794 2537 2341 2605 usumfructum
2384 2540 2463 2605 et
2496 2533 3238 2619 administrationem
3284 2552 3476 2619 quae

484 2647 739 2726 postea
774 2644 922 2729 ipsi
962 2644 1383 2728 obveniant,
1422 2644 1565 2712 sibi
1598 2645 1812 2730 plene
1845 2645 2191 2730 acquirit;

745 2751 844 2820 3.⁰
887 2751 983 2819 In
1022 2755 1337 2837 utroque
1376 2756 1623 2820 autem
1664 2770 1842 2821 casu
1886 2753 1978 2821 de
2020 2753 2258 2828 bonis,
2303 2771 2490 2837 quae
2541 2751 2688 2836 ipsi
2729 2750 3130 2820 obveniunt
3174 2768 3321 2818 non
3363 2749 3474 2818 in·

487 2857 688 2926 tuitu
725 2875 1104 2944 personae,
1141 2858 1356 2929 debet
1392 2860 1784 2947 disponere
1827 2862 2228 2930 secundum
2267 2860 2734 2929 offerentium
2773 2858 3233 2926 voluntatem
3263 2856 3314 2924 ².

1768 3009 1948 3090 ons.
2000 3020 2152 3088 629.
2278 3102 2281 3105 q

662 3139 696 3223 ξ
744 3142 810 3207 1.
859 3141 1186 3208 Dimisso
1230 3140 1704 3209 cardinalatu
1752 3140 1871 3208 vel
1919 3141 2351 3226 episcopatu
2408 3139 2526 3207 vel
2573 3139 2867 3223 expleto
2911 3156 3214 3205 munere
3262 3139 3480 3205 extra

488 3247 915 3333 religionem
965 3248 1107 3316 sibi
1154 3267 1205 3316 a
1264 3248 1452 3317 Sede
1498 3249 1932 3333 Apostolica
1989 3248 2402 3331 commisso,
2456 3247 2846 3333 religiosus
2897 3245 2993 3314 ad
3043 3244 3476 3331 religionem

490 3353 731 3423 redire
1092 3354 1120 3391 8

657 3462 692 3544 ξ
737 3357 1401 3531 gessgsselsttamen
1428 3462 1854 3531 cardinalis
1886 3469 1963 3532 et
1993 3463 2408 3549 Episcopus
2441 3461 2831 3546 religiosus
2863 3460 3266 3545 quamlibet
3297 3477 3482 3527 suae

496 3570 873 3655 religionis
897 3570 1195 3639 domum
1229 3570 1500 3655 eligere
1529 3570 1612 3637 in
1639 3588 1785 3656 qua
1816 3571 2060 3656 degat3
2090 3571 2217 3639 sed
2251 3575 2459 3638 caret
2485 3589 2659 3638 voce
2692 3568 2941 3638 activa
2973 3572 3050 3636 et
3083 3567 3382 3652 passiva
3417 3566 3474 3632 ⁴.

1780 3729 1959 3798 ΟΔΝ.
2001 3729 2154 3798 630.

665 3854 700 3938 ξ
747 3858 812 3922 1.
862 3853 1305 3941 Religiosus‚
1353 3854 1481 3939 qui
1523 3854 1939 3940 paroeciam
1995 3855 2187 3940 regit
2230 3854 2382 3922 sive
2427 3855 2654 3924 titulo
2697 3857 3001 3940 parochi
3054 3858 3207 3926 sive
3249 3858 3482 3927 titulo

485 3962 772 4046 vicarii,
816 3969 1066 4032 manet
1104 3963 1514 4031 adstrictus
1561 3963 1658 4031 ad
1700 3963 2282 4031 observationem
2321 3969 2655 4061 votormg·
2712 3969 2791 4033 et
2826 3966 3474 4048 constitutionum,

487 4075 853 4154 quatenus
884 4071 1062 4139 haec
1101 4071 1516 4139 observatio
1550 4074 1795 4156 potest
1827 4089 1995 4138 cum
2031 4071 2358 4139 muneris
2400 4070 2518 4138 sui
2552 4071 2810 4140 officiis
2838 4072 3266 4141 consistere.

665 4177 700 4260 ξ
745 4177 813 4244 2.
861 4177 1134 4262 Quare,
1182 4180 1263 4246 in
1309 4179 1403 4246 iis
1451 4197 1639 4264 quae
1681 4180 1777 4247 ad
1825 4179 2246 4264 religiosam
2292 4180 2763 4264 disciplinam
2812 4181 3165 4264 attinent,
3225 4181 3482 4250 subest

490 4284 898 4370 Superiori,
927 4286 1143 4354 cuius
1169 4286 1479 4370 proinde
1507 4292 1645 4369 est,
1676 4290 1755 4355 et
1783 4285 2075 4372 quidem
2113 4286 2478 4372 privative
2516 4292 2851 4372 respectu
2892 4288 3275 4356 Ordinarii
3304 4288 3478 4372 loci,

485 4394 567 4460 in
612 4392 775 4461 eius
819 4393 1087 4478 agendi
1132 4394 1507 4488 *ra-tionem
1554 4395 1755 4463 circa
1801 4395 1980 4463 haec
2038 4394 2287 4463 omnia
2334 4394 2709 4479 inquirere
2755 4412 3090 4480 eumque,
3145 4395 3212 4462 si
3256 4413 3481 4464 casus

488 4497 710 4583 ferat,
754 4500 1125 4586 corrigere
1148 4501 1201 4569 ⁸.

672 4691 693 4726 1
729 4690 1064 4742 Alexander
1089 4689 1225 4750 vn,
1253 4692 1439 4743 const.
1469 4706 1501 4742 ι
1536 4690 1687 4752 Quia
1714 4689 1981 4742 Ecclesia
2006 4706 2057 4753 ι,
2086 4691 2153 4744 m
2179 4692 2282 4743 iul.
2320 4690 2468 4752 1662:
2493 4691 2850 4745 Benedictus
2881 4692 3049 4754 1111,
3082 4694 3269 4745 const.
3304 4708 3336 4744 ι
3368 4691 3481 4743 σα·

491 4780 688 4831 stodes
722 4794 771 4840 ι,
814 4779 849 4832 7
878 4783 1054 4832 mart.
1091 4779 1240 4841 1726,
1279 4780 1307 4841 fi
1344 4780 1394 4842 ῦς
1437 4778 1495 4831 S.
1528 4779 1592 4832 Ο.
1632 4780 1737 4841 Dp.
1772 4783 1836 4833 et
1876 4780 2041 4842 Beg„
2077 4779 2366 4840 Alesion..
2400 4781 2435 4832 6
2466 4780 2610 4832 mail
2644 4779 2792 4832 1864.

657 4870 683 4906 ²
733 4869 797 4922 C.
831 4871 882 4930 1,
908 4869 973 4922 Ο.
1001 4869 1219 4930 XVIII,
1245 4881 1299 4931 q.
1328 4871 1378 4929 1:
1403 4869 1461 4922 S.
1494 4869 1559 4922 O.
1592 4868 1679 4931 0..
1706 4868 2121 4931 Neapolitana,
2146 4869 2181 4922 7
2211 4869 2335 4923 dec.
2363 4869 2509 4932 10395
2544 4869 2602 4924 S.
2635 4870 2700 4923 Ο.
2731 4870 2807 4922 de
2835 4871 3006 4931 Prop.
3037 4869 3202 4928 mae.
3238 4871 3272 4921 4
3298 4873 3477 4924 mart.

499 4958 646 5019 1⁷1⁶:
691 4957 780 5018 (G.
833 4957 950 5019 G.),
989 4959 1056 5010 10
1092 4970 1224 5010 nov.
1269 4957 1416 5021 1716;
1464 4954 1553 5018 (0.
1605 4957 1724 5020 0.),
1763 4958 1829 5010 22
1874 4957 1998 5011 dec.
2038 4958 2186 5021 mo:
2231 4958 2320 5019 (Ο.
2363 4959 2429 5011 Ρ.
2471 4971 2578 5021 pro
2617 4957 2789 5020 Sin),
2831 4958 2898 5011 28
2933 4961 3082 5020 sept.
3134 4958 3282 5021 1726ς
3313 4957 3473 5011 decr.

483 5046 549 5097 17
585 5057 718 5107 ειυς.
751 5045 898 5098 1772.

658 5138 686 5175 ³
730 5135 1084 5189 Benedictus
1116 5135 1281 5197 x111,
1316 5141 1500 5189 const.
1538 5151 1569 5187 s
1604 5135 1897 5188 custodes
1929 5151 1979 5198 n,
2016 5136 2051 5189 7
2089 5139 2263 5189 mart.
2299 5135 2446 5196 im,
2491 5137 2519 5198 ς
2551 5136 2602 5189 7.

661 5229 688 5263 ⁴
728 5225 951 5278 Paulus
981 5226 1083 5286 lv,
1113 5228 1298 5279 const.
1334 5241 1366 5277 ι
1394 5224 1468 5276 la
1504 5236 1678 5277 soom
1707 5241 1757 5288 ι,
1789 5226 1858 5279 19
1888 5226 1992 5279 iul.
2033 5226 2180 5288 1569:
2210 5224 2566 5278 Benedictus
2603 5224 2770 5286 XIII,
2807 5228 2991 5278 const.
3029 5240 3061 5277 ι
3103 5223 3392 5277 autom
3424 5240 3476 5287 ι,

486 5316 518 5366 7
548 5317 725 5367 mart.
760 5314 909 5372 1726,
944 5315 972 5376 s
1010 5315 1061 5367 6.

657 5407 684 5443 ⁸
728 5403 792 5456 0.
830 5404 882 5462 6.
911 5403 976 5456 Ο.
1008 5402 1159 5466 XVI,
1187 5416 1243 5466 q.
1275 5404 1325 5468 23
1351 5402 1708 5458 Benedictus
1733 5404 1887 5466 XIV,
1913 5407 2102 5457 const.
2143 5418 2175 5455 ι
2201 5401 2541 5456 Firmumne
2579 5417 2627 5465 ι,
2661 5402 2697 5456 6
2724 5414 2858 5454 nov.
2897 5402 3048 5464 1744.
3081 5404 3110 5465 ί
3142 5401 3193 5456 8.
3227 5429 3295 5440 -
3325 5401 3480 5456 vids

483 5493 664 5545 etiam
694 5503 826 5545 can.
863 5492 977 5554 296,
1014 5493 1044 5553 ς
1082 5492 1134 5545 2.
