3753 5871
1275 181 1451 233 Liber
1494 183 1756 244 Quartus
1790 207 1810 220 ·
1843 182 1934 234 Do
1978 184 2355 237 Pmoomoue
3212 188 3323 248 509

499 365 533 448 5
581 364 649 432 2.
700 365 1000 434 Peritus
1037 370 1312 451 autem,
1353 370 1792 454 praesertim
1833 371 1901 439 si
1942 374 2386 441 sententiam
2430 391 2640 442 suam
2680 375 2763 442 in
2812 376 3115 461 scriptis
3154 396 3315 463 pro·

314 472 611 556 tulerit,
649 474 999 543 accersiri
1033 479 1278 560 potest
1322 496 1371 545 a
1411 478 1654 548 iudice
1694 484 1777 547 ut
1812 480 2368 565 explicationes,
2410 500 2596 568 quae
2642 483 2959 552 ulterius
2996 502 3317 554 necessa-

313 579 480 648 riae
515 579 937 665 videantur,
985 584 1433 668 suppeditet.

490 688 527 773 5
572 689 641 758 3.
692 690 931 760 Periti
961 692 1230 762 debent
1262 694 1593 763 indicare
1625 695 2013 780 perspicue
2052 714 2200 781 qua
2229 697 2354 765 via
2384 703 2461 767 et
2494 699 2784 768 ratione
2816 700 3323 783 processerint·

304 798 396 865 in
423 799 783 884 explendo
811 818 1113 870 munere
1141 801 1283 869 sibi
1305 802 1751 873 demanda-to
1774 808 1850 873 et
1874 804 2142 889 quibus
2172 805 2636 889 potissimum
2667 807 3127 890 argumentis
3152 827 3309 877 sen·

304 907 556 976 tentia
582 908 677 975 ab
707 908 894 993 ipsis
923 910 1219 994 prolata
1256 910 1570 980 nitatur.

1612 1071 1789 1138 CAN.
1821 1072 2018 1140 1802.

488 1209 724 1279 Periti
764 1230 974 1279 suam
1008 1212 1317 1297 quisque
1351 1213 1783 1282 relationem
1816 1232 1864 1281 a
1894 1215 2163 1284 ceteris
2201 1215 2634 1285 distinctam
2667 1217 3091 1303 conficiant,
3133 1220 3306 1303 nisi,

305 1318 476 1403 lege
500 1337 647 1388 non
672 1319 1252 1396 contradicente,
1288 1320 1508 1389 iudex
1538 1340 1759 1388 unam
1787 1341 1834 1389 a
1862 1321 2180 1405 singulis
2214 1324 2815 1393 subscribendam
2852 1327 3015 1395 fieri
3041 1328 3315 1414 iubeat3

307 1426 511 1511 quod
558 1426 641 1566 si²
669 1426 827 1509 flat,
877 1427 1414 1497 sententiarum
1461 1429 1922 1512 discrimina,
1974 1430 2041 1498 si
2088 1448 2233 1517 qua
2285 1432 2598 1515 fuerint,
2647 1433 3047 1517 diligenter
3090 1435 3311 1504 adno-

302 1535 573 1600 tentur
649 1578 667 1596 .

1599 1662 1779 1730 CAN.
1810 1663 2007 1732 1803.

489 1799 523 1882 5
569 1803 637 1867 1.
688 1777 772 1870 s'i
814 1803 1041 1887 periti
1087 1804 1288 1872 inter
1333 1821 1411 1871 se
1450 1803 1896 1889 discrepent,
1951 1807 2125 1876 iicet
2165 1807 2396 1876 iudici
2437 1811 2573 1876 aut
2611 1808 2994 1894 peritioris
3041 1809 3303 1877 suflra-

295 1909 512 1994 gium
546 1928 770 2049 snper
798 1911 1058 1979 relatis
1089 1929 1137 1979 a
1163 1912 1428 1996 primis
1455 1913 1719 2022 peritis
1747 1915 2133 1999 exquirere
2159 1918 2295 1983 aut
2329 1934 2557 1984 novos
2582 1916 2675 1985 de
2702 1917 2997 2002 integro
3024 1917 3306 2002 peritos

296 2017 657 2209 albige?
690 2127 968 2196 Eadem
992 2128 1319 2198 facultas
1341 2128 1574 2197 iudici
1598 2134 1711 2199 est
1742 2130 2032 2215 quoties
2054 2131 2279 2215 periti
2311 2135 2483 2216 post
2503 2076 3044 2200 electionem'in
3070 2133 3304 2219 suspi-

296 2235 590 2304 cionem
615 2237 1016 2305 inciderint
1043 2236 1159 2306 vel
1179 2238 1504 2322 impares
1528 2242 1752 2318 atque
1776 2257 1923 2306 non
1949 2238 2196 2307 idonei
2219 2240 2512 2308 muneri
2534 2242 2903 2326 perspecti
2929 2242 3216 2311 fuerint
3245 2240 3300 2309 ³.

1601 2435 1780 2508 CAN.
1817 2435 2015 2503 1804.

484 2575 519 2658 ξ
566 2577 632 2642 1.
682 2575 916 2644 Iudex
962 2595 1109 2644 non
1147 2577 1556 2662 peritorum
1603 2582 1899 2647 tantum
1932 2579 2470 2662 conclusiones,
2518 2579 2663 2647 etsi
2706 2578 3130 2662 concordes,
3175 2579 3301 2648 sed

295 2689 552 2754 cetera
582 2703 868 2770 quoque
894 2703 1161 2752 causae
1190 2685 1547 2754 adiuncta
1574 2690 1862 2754 attente
1891 2686 2302 2771 perpendat
2359 2684 2411 2750 ⁴.

484 2793 519 2877 §
564 2793 632 2860 2.
681 2793 869 2861 Cum
919 2792 1166 2863 reddit
1211 2795 1539 2863 rationes
1576 2793 1989 2876 decidendi,
2037 2794 2452 2878 exprimere
2485 2794 2703 2863 debet
2750 2794 3017 2879 quibus
3057 2799 3305 2865 motus

296 2904 765 2992 argumentis
793 2903 1204 2989 peritorum
1238 2903 1750 2972 conclusiones
1780 2907 1917 2973 aut
1953 2903 2340 2973 admiserit
2370 2905 2507 2972 aut
2539 2903 2900 2973 reiecerit.

1589 3083 1767 3151 CAN,
1805 3083 2001 3150 1805.

478 3225 901 3293 Peritorum
930 3244 1290 3311 expensas
1318 3233 1394 3295 et
1426 3225 1823 3294 honoraria
1853 3227 2101 3310 iudex,
2138 3230 2506 3311 receptam
2545 3227 3126 3313 uniuscuiusque
3156 3228 3301 3296 loci

297 3334 909 3403 consuetudInem
950 3353 1131 3420 prae
1164 3334 1400 3403 oculis
1439 3334 1740 3416 habens,
1784 3354 1872 3404 ex
1908 3335 2101 3403 bono
2137 3340 2214 3404 et
2246 3353 2483 3421 aequo
2521 3340 2784 3406 taxare
2817 3336 3057 3418 debet,
3096 3336 3303 3405 salvo

297 3442 468 3511 iure
502 3461 846 3512 recursus
871 3443 969 3512 ad
1000 3461 1331 3511 normam
1359 3462 1524 3511 can.
1559 3443 1756 3526 1913,
1792 3442 1827 3526 5
1858 3445 1901 3510 1
1941 3443 1994 3510 ⁸.

1576 3789 1837 3863 GAru'r
1883 3795 2017 3863 IV.

1052 3938 1167 4008 De
1203 3958 1502 4008 accessu
1533 3944 1608 4007 et
1647 3939 2150 4025 recognitione
2179 3936 2544 4007 iudiciali.

1586 4171 1762 4240 ΟΑΝ.
1796 4170 1992 4238 1806.

476 4315 559 4385 Si
598 4316 695 4384 ad
736 4316 1284 4386 controversiae
1319 4316 1560 4384 locum
1607 4316 1829 4384 iudex
1866 4316 2212 4385 accedere
2255 4321 2480 4402 atque
2525 4318 2764 4402 ipsam
2807 4334 2958 4385 rem
3003 4321 3291 4386 contro·

300 4442 585 4493 versam
627 4425 993 4510 inspicere
1044 4426 1536 4494 necessarium
1579 4425 1979 4507 existimet,
2022 4426 2321 4494 decreto
2361 4425 2441 4494 id
2484 4426 2962 4511 praestituat,
3012 4444 3158 4510 quo
3206 4445 3296 4495 ea

301 4550 488 4618 quae
515 4535 596 4601 in
620 4552 918 4603 accessu
945 4529 1397 4620 praestanda
1421 4534 1599 4616 sint,
1629 4534 1913 4601 auditis
1939 4534 2305 4617 partibus,
2341 4530 2765 4601 summatim
2793 4534 3165 4603 describat
3193 4533 3246 4603 ⁸.

487 4808 507 4844 ²
543 4807 805 4869 Regulae
834 4808 1159 4861 servandae
1192 4810 1252 4859 ln
1280 4806 1519 4859 iudiciis
1547 4807 1704 4868 apud
1737 4806 1795 4859 S.
1836 4807 1909 4858 R.
1945 4807 2134 4859 Rotae
2162 4806 2468 4866 Tribunal,
2501 4808 2532 4856 4
2560 4818 2694 4868 aug.
2730 4806 2878 4865 1910,
2915 4805 2941 4866 5
2972 4805 3086 4856 125.

478 4904 504 4938 ²
540 4898 803 4960 Regulae
827 4898 1155 4951 servandae
1182 4900 1243 4949 in
1271 4898 1511 4951 iudiciis
1536 4897 1695 4958 apud
1725 4897 1783 4951 S.
1822 4898 1894 4949 R.
1929 4898 2119 4949 Rotae
2144 4896 2451 4955 Tribunal,
2479 4897 2513 4946 4
2537 4908 2672 4957 aug.
2706 4897 2854 4954 1910,
2889 4895 2915 4956 5
2943 4896 3059 4947 134.

480 4994 505 5031 ³
542 4988 804 5051 Regulae
836 4989 1162 5041 servandae
1191 4991 1252 5040 ln
1285 4988 1524 5041 indicus
1548 4988 1707 5050 apud
1736 4986 1795 5040 S.
1826 4988 1897 5039 B.
1929 4988 2120 5040 Rotae
2144 4987 2450 5046 Tribunal,
2479 4987 2511 5037 4
2537 4998 2671 5048 aug.
2705 4985 2854 5046 1910,
2894 4985 2921 5047 5
2949 4985 3064 5038 133.

477 5084 506 5122 ⁴
547 5080 807 5143 Regulae
834 5080 1160 5132 servandae
1185 5081 1248 5131 in
1276 5072 1515 5132 iudiciis
1540 5079 1699 5140 apud
1729 5078 1786 5132 S.
1824 5078 1896 5130 Β.
1932 5079 2121 5131 Rotae
2145 5077 2451 5137 'tribunaL
2482 5078 2515 5127 4
2540 5088 2675 5139 ang.
2708 5076 2857 5136 1910,
2890 5075 2918 5136 5
2946 5076 3061 5129 130.

477 5176 503 5211 ⁸
543 5170 803 5233 Regulae
835 5169 1161 5222 servandae
1188 5172 1250 5222 in
1285 5171 1524 5224 iudiciis
1547 5169 1707 5231 apud
1734 5169 1792 5223 S.
1824 5170 1894 5220 R.
1928 5169 2117 5220 Rotae
2140 5167 2447 5226 Tribunal‚
2475 5167 2507 5217 4
2532 5178 2667 5228 aug.
2700 5168 2850 5227 1010,
2889 5165 2916 5227 5
2945 5166 3060 5219 130.

480 5265 505 5301 ⁸
541 5261 605 5314 O.
630 5263 682 5322 9,
714 5262 780 5321 Χ,
808 5263 878 5312 de
905 5260 1485 5322 praescriptionibus,
1512 5262 1596 5321 11,
1624 5262 1704 5323 2oe
1736 5262 1997 5322 Regulae
2025 5257 2350 5311 servandae
2376 5257 2438 5308 ln
2465 5256 2704 5309 ludlclls
2725 5256 2884 5317 apud
2915 5255 2974 5309 S.
3004 5257 3075 5309 B.
3104 5256 3294 5309 Rotae

309 5345 606 5412 Tribunal,
636 5352 670 5402 4
706 5362 840 5414 aug.
872 5352 1021 5412 1010,
1062 5351 1089 5413 5
1119 5351 1233 5412 105,
1265 5364 1323 5403 n.
1355 5352 1407 5412 1,
1444 5352 1470 5413 3
1500 5351 1613 5404 100.
