3753 5871
1498 245 1860 296 Doosmenta
3067 241 3174 302 70⁷

194 436 666 514 consocianda3
705 434 892 498 bisce
928 431 1245 498 omnibus
1290 431 1712 496 coniunctim
1750 428 2092 509 expensis,
2133 427 2474 496 inhabiles
2512 443 2637 508 per
2675 443 2805 491 sua
2844 427 3172 506 suffragia

201 544 531 624 reiiciant,
567 547 640 608 et
676 542 958 605 idoneos
996 541 1338 621 Episcopo
1370 538 1792 603 renuntient.

452 652 538 714 V.
583 649 922 714 Absoluto
947 665 1285 713 concursu
1310 649 1399 712 ab
1425 647 1791 727 Episcopo,
1821 647 1951 725 vel,
1979 663 2060 710 eo
2090 644 2447 725 impedito,
2475 662 2522 708 a
2546 644 2828 712 Vicario
2854 641 3174 707 Generali

193 776 331 823 una
363 775 517 822 cum
566 757 1176 821 Examinatoribus
1216 754 1678 835 synodalibus
1713 771 1852 817 non
1892 753 2334 833 paucioribus
2381 768 2587 831 quam
2634 751 2886 831 tribus,
2930 752 3175 815 notula

189 866 696 946 compendiaria
737 864 1226 944 requisitorum
1269 868 1478 927 antea
1518 863 1897 926 distributa
1948 861 2277 925 tradatur
2316 859 2773 938 Cancellario,
2819 860 2939 939 qui
2979 859 3172 922 illam

188 975 567 1052 comburat,
604 972 711 1037 vel
745 989 951 1052 penes
987 976 1148 1036 acta
1191 975 1453 1035 secreto
1494 969 1868 1050 custodiat,
1907 972 1980 1034 et
2011 968 2270 1033 nemini
2303 968 2648 1047 ostendat,
2694 967 2833 1030 nisi
2866 967 2953 1032 de
2984 983 3170 1031 man·

189 1083 354 1144 dato
387 1081 738 1160 Episcopi,
776 1081 880 1144 vel
923 1081 1073 1144 eius
1105 1080 1370 1143 vicarii
1408 1076 1788 1144 Generalis.
1830 1077 2135 1141 Subinde
2169 1093 2327 1142 vero
2361 1076 2798 1154 Ordinarius,
2843 1092 2999 1139 cum
3036 1076 3169 1154 pri·

187 1206 371 1251 mum
399 1189 464 1252 ei
491 1187 800 1267 libuerit,
837 1186 1054 1267 eligat
1087 1204 1172 1251 ex
1202 1186 1608 1266 approbatis
1635 1185 2040 1267 digniorem,
2073 1201 2195 1247 nec
2224 1182 2332 1246 illi
2373 1183 2737 1263 possessio,
2772 1181 2916 1246 ullo
2941 1183 3169 1262 appel-

187 1296 473 1359 lationis
504 1297 610 1359 vel
644 1295 1082 1359 inhibitionis
1116 1296 1426 1372 obtentu,
1472 1293 1889 1357 retardetur.

450 1404 576 1464 VI.
627 1403 700 1466 Si
746 1419 943 1481 quem
977 1401 1380 1465 clericorum
1423 1399 1776 1479 appellare
1811 1400 2183 1479 contigerit
2218 1417 2262 1463 a
2297 1398 2481 1461 mala
2516 1396 2854 1462 relatione
2899 1398 3170 1462 Exami-

182 1513 532 1590 natorum,
582 1510 689 1575 vel
733 1512 823 1574 ab
867 1508 1337 1575 irrationabili
1387 1509 1646 1573 iudicio
1693 1507 2060 1588 Episcopi:
2126 1523 2359 1570 coram
2404 1506 2633 1571 iudice
2680 1505 3174 1586 appellationis

181 1622 342 1682 acta
379 1634 754 1681 concursus
798 1618 1073 1697 integra
1122 1617 1397 1681 omnino
1440 1617 1798 1696 producam
1835 1619 1910 1681 et
1946 1616 2178 1694 iudex,
2217 1614 2358 1678 nisi
2405 1613 2554 1678 illis
2588 1612 2781 1693 visis,
2823 1618 2899 1681 et
2932 1629 3170 1694 grava·

180 1726 364 1789 mine
414 1729 785 1803 comperto,
831 1725 1244 1789 sententiam
1286 1742 1425 1787 non
1466 1724 1897 1804 pronuncIet.
1943 1724 2313 1789 Praeterea
2353 1724 2430 1786 in
2470 1722 2760 1788 terenda
2800 1722 3168 1801 sententia,

177 1848 260 1893 ac
309 1831 699 1911 reparando
742 1831 1158 1910 gravamine,
1198 1830 1379 1896 idem
1425 1831 1633 1896 iudex
1672 1831 2026 1894 innitatur
2061 1830 2484 1894 solummodo
2522 1829 3046 1911 probationibus
3084 1830 3173 1892 ab

174 1939 363 2002 actis
395 1939 674 2018 elicitis,
713 1943 857 2003 tam
892 1943 1207 2019 respectu
1243 1940 1623 2019 doctrinae,
1661 1956 1867 2018 quam
1900 1938 2196 2003 aliorum
2232 1939 2657 2004 mentorum.
2699 1938 2882 2015 Quia
2924 1954 3084 2003 vero
3129 1955 3173 2001 a

177 2048 459 2125 publica
507 2046 906 2126 indictione,
950 2063 1165 2126 usque
1201 2047 1293 2110 ad
1332 2047 1511 2111 diem
1550 2047 1771 2111 habiti
1819 2063 2217 2127 concursus,
2258 2050 2531 2110 tantum
2583 2046 2914 2127 temporis
2960 2046 3171 2111 inter·

169 2154 393 2217 cessit
425 2157 757 2231 quantum
802 2154 977 2216 satis
1010 2153 1154 2217 fuit
1193 2153 1540 2217 commode
1571 2153 1974 2218 exhibendis
2004 2153 2410 2217 necessariis
2443 2153 2739 2232 iuribus,
2778 2153 3169 2217 εἰωθυ-

170 2262 411 2341 nibus,
449 2261 826 2342 requisitis,
865 2261 1157 2340 aliisque
1182 2262 1584 2325 meritorum
1621 2262 2070 2340 documentis:
2095 2261 2379 2341 idcirco,
2411 2266 2495 2327 ut
2523 2262 2803 2341 quaevis
2833 2262 2948 2325 via
2982 2262 3170 2325 trau·

166 2369 386 2430 dibus
424 2368 890 2448 praecidatur,
933 2367 1269 2448 volumus,
1309 2385 1392 2432 ac
1428 2368 1747 2432 districte
1793 2369 2223 2446 mandamus,
2266 2385 2353 2433 ne
2390 2368 2621 2433 dictae
2656 2369 3168 2448 attestationes,

167 2476 351 2538 fides
388 2479 533 2538 tam
563 2476 948 2555 iudicia-les,
982 2493 1186 2555 quam
1215 2476 1799 2552 extraiudiciales,
1831 2481 1904 2540 et
1934 2476 2342 2540 documenta
2371 2492 2832 2555 quaecumque
2864 2477 3173 2541 studiose

160 2583 596 2661 conquisita,
638 2587 713 2647 et
765 2588 923 2662 post
963 2600 1393 2664 concursum,
1450 2588 1531 2647 ut
1572 2583 1797 2664 aiunt,
1846 2585 2224 2664 expiscata,
2270 2582 2416 2646 ullo
2463 2582 2666 2648 modo
2717 2583 3168 2662 recipiantur.

162 2690 333 2752 Non
366 2690 807 2753 obstantibus
832 2708 1044 2770 supra
1070 2691 1468 2755 memoratis
1495 2692 1777 2771 litteris,
1806 2709 1850 2755 a
1879 2683 2425 2772 congregatione
2451 2690 2746 2756 Ooncilii
2782 2690 3171 2755 Tridentini

155 2798 562 2877 interprete
605 2815 788 2862 anno
829 2798 991 2860 1⁷21
1027 2799 1260 2877 editis,
1303 2800 1575 2880 quibus,
1613 2800 1704 2863 ad
1752 2799 2283 2878 praemissorum
2320 2798 2635 2862 effectum
2681 2799 2758 2861 in
2795 2799 2926 2863 hac
2973 2801 3174 2878 parte

157 2906 610 2986 derogamus,
644 2904 790 2968 illis
819 2909 1049 2971 tamen
1079 2908 1153 2970 in
1186 2906 1494 2987 reliquis,
1526 2923 1669 2971 una
1695 2924 1850 2970 cum
1884 2906 2199 2970 omnibus
2235 2907 2309 2969 in
2339 2905 2442 2971 eis
2478 2906 2847 2987 contentis,
2881 2906 3176 2972 firmiter

150 3015 235 3075 in
289 3030 429 3076 suo
459 3014 703 3077 robore
738 3014 1228 3092 permansuris.
2716 3066 2721 3071 -

445 3121 613 3184 VII.
659 3121 795 3184 Ubi
827 3139 988 3185 vero
1025 3123 1432 3201 Episcopus,
1471 3123 1869 3200 posthabito
1899 3139 2063 3200 uno,
2095 3121 2203 3187 vel
2232 3122 2459 3186 altero
2489 3139 2573 3187 ex
2605 3122 3034 3202 approbatis,
3069 3140 3171 3186 ec·

147 3228 460 3292 clesiam
504 3228 880 3293 contulerit
912 3229 1133 3308 magis
1176 3223 1423 3293 idoneo
1462 3230 1546 3293 ob
1583 3229 1887 3317 aliquam
1927 3230 2059 3293 sibi
2095 3230 2233 3309 ipsi
2278 3233 2554 3293 tantum
2590 3233 2829 3293 notam
2867 3246 3171 3309 causam,

144 3352 385 3413 quam
411 3340 689 3399 censeat
722 3334 1098 3415 significari
1126 3340 1441 3415 oportere
1468 3337 1681 3400 iudici
1712 3336 2204 3416 appellationis
2231 3336 2322 3399 ad
2359 3337 2842 3415 detergendam
2868 3337 3173 3401 iniustae

144 3443 480 3505 fortasse
518 3442 1039 3520 praeelectionis
1069 3446 1344 3506 notam:
1384 3441 1849 3507 familiaribus
1879 3444 2138 3507 litteris
2174 3444 2470 3508 iudicem
2502 3443 2862 3507 certiorem
2896 3443 3169 3522 efficiat,

139 3546 605 3612 inviolabilis
644 3550 889 3613 secreti
929 3549 1074 3629 lege
1112 3551 1404 3614 adiecta.
1459 3551 1674 3614 Nemo
1713 3551 1831 3629 sit,
1878 3551 1994 3630 qui
2032 3550 2210 3614 banc
2249 3550 2518 3629 praxim
2569 3550 2866 3614 Nostrae
2902 3550 3175 3614 tribuat

140 3656 528 3734 solertiae,
561 3674 714 3720 cum
751 3656 880 3720 illa
908 3657 1210 3736 profluat
1247 3676 1293 3721 a
1325 3658 1711 3722 Tridentini
1747 3659 2084 3724 Decretis.
2121 3657 2437 3720 sessione
2470 3658 2722 3723 etenim
2762 3658 2870 3749 24,
2903 3672 3054 3735 cap.
3088 3657 3174 3728 20

136 3765 236 3825 de
268 3763 595 3840 Resona.
623 3765 732 3827 ita
763 3764 1195 3843 disponitur:
1230 3765 1598 3827 Praeterea
1626 3767 1688 3829 si
1715 3767 1870 3842 quis
1895 3767 1971 3827 in
1998 3766 2271 3829 casibus
2304 3784 2348 3828 a
2374 3767 2526 3828 iure
2560 3764 2914 3844 per-missis
2941 3765 3170 3843 appel·

139 3873 463 3947 laverit,
511 3876 639 3933 oeut
685 3875 769 3935 de
828 3874 1060 3950 aliquo
1112 3874 1507 3951 qrammine
1559 3876 1971 3950 conquestus
2018 3874 2265 3951 fuerit,
2325 3890 2448 3936 seu
2496 3874 2703 3951 alias,
2765 3874 2849 3936 ob
2901 3875 3173 3953 lapsum

137 3974 471 4054 biennii,
495 3979 579 4041 de
604 3996 736 4056 quo
764 3996 1003 4058 supra,
1027 3979 1117 4042 ad
1149 3981 1364 4042 alium
1390 3981 1684 4043 iudicem
1712 3980 2113 4056 reem-reru,
2141 3984 2462 4042 teneatur
2491 3984 2653 4043 aota
2678 3981 2909 4044 omnia
2944 3998 3174 4043 coram

131 4088 524 4167 Episcopo
559 4090 753 4164 qesta
778 4088 870 4148 ad
895 4087 1189 4148 iudicem
1215 4088 1706 4165 appellationis
1740 4088 2054 4165 expensis
2081 4086 2228 4149 suis
2257 4088 2663 4165 transferre,
2689 4105 2915 4150 nomm
2941 4105 3171 4150 'ram

131 4198 526 4258 Emscoro
567 4209 771 4254 rmus
823 4208 1186 4272 Anuomro,
1231 4210 1324 4256 ur
1365 4210 1430 4255 s1
1480 4211 1643 4263 Qun>
1685 4212 1752 4256 m
1800 4211 1926 4256 Pno
1967 4208 2222 4255 mussa
2263 4208 2750 4256 msrnumuonn
2793 4210 3170 4267 mannus,

127 4316 418 4363 Possm·
453 4314 672 4360 mmm
709 4315 1228 4362 Arrnnsnoms
1279 4316 1718 4363 SIGNIFICARE.

354 4410 462 4471 Et
498 4408 807 4485 quamvis
840 4408 993 4472 iure
1036 4408 1252 4471 Nobis
1285 4409 1663 4472 timendum
1704 4410 1822 4488 sit,
1862 4428 1947 4473 ne
1987 4409 2176 4472 dicta
2217 4410 2454 4488 praxis
2498 4410 2819 4473 monendi
2854 4409 3173 4488 iudicem,

118 4539 172 4583 a
217 4533 392 4597 quo
440 4515 868 4594 appellatum
907 4519 1037 4593 est,
1076 4516 1151 4577 in
1190 4533 1376 4580 more
1422 4517 1585 4579 olim
1625 4518 1879 4597 posita,
1920 4517 2048 4581 hac
2096 4520 2505 4596 tempestate
2546 4517 2976 4596 obsoleverit,
3022 4522 3094 4583 et
3131 4536 3173 4581 a

119 4629 312 4688 foro
357 4622 747 4697 recesserit3
779 4627 1088 4686 attamen
1118 4623 1501 4701 Episcopus
1548 4626 1655 4701 (ut
1685 4625 1945 4687 dictum
1986 4628 2114 4702 est)
2151 4625 2210 4686 si
2241 4643 2322 4687 ex
2364 4642 2575 4687 causa
2607 4625 2737 4687 sibi
2773 4628 3073 4705 tantum,
3105 4630 3179 4690 et

115 4752 286 4797 non
344 4728 526 4793 aliis
565 4733 755 4808 nota,
803 4747 975 4808 quae
1025 4734 1255 4793 tamen
1297 4731 1666 4809 approbari
1720 4732 1932 4811 digna
1976 4732 2093 4810 sit,
2137 4733 2489 4795 ecclesiam
2544 4733 2939 4810 contulerit:
2981 4731 3176 4796 illam

111 4838 390 4907 iudici
430 4835 946 4914 appellationis,
982 4837 1170 4900 datis
1202 4842 1463 4902 secreto
1495 4838 1778 4918 litteris,
1823 4839 2212 4911 denunciet,
2248 4843 2317 4903 et
2350 4841 2644 4917 aperiat.
2688 4839 2929 4903 Sciant
2971 4857 3178 4920 porro

109 4949 469 5021 iudices,
509 4943 776 5006 delatas
811 4946 898 5007 ab
943 4946 1284 5025 Episcopo
1318 4964 1588 5025 causas,
1635 4951 1708 5010 et
1743 4947 2073 5025 rationeS,
2110 4948 2531 5011 inviolabilis
2570 4947 2814 5012 secreti
2861 4947 2994 5011 fide
3031 4964 3177 5010 esse

109 5049 694 5129 custodiendas,
742 5069 864 5115 nec
909 5054 1533 5132 parvipendendum
1589 5073 1735 5118 esse
1780 5055 2249 5118 testimonium
2295 5055 2487 5118 illius
2532 5056 2870 5134 Pastoris,
2919 5055 3032 5118 cui
3078 5055 3175 5117 di·

109 5169 315 5231 vino
384 5160 771 5222 mandatur
811 5158 1103 5238 eloquio,
1148 5178 1305 5224 oves
1350 5179 1511 5224 suas
1564 5179 1951 5240 agnoscere.
1999 5162 2233 5226 Facile
2283 5165 2465 5226 enim
2510 5164 2695 5226 credi
2740 5181 2876 5226 non
2923 5166 3173 5241 potest,

108 5272 569 5354 Episcopus
619 5283 782 5330 suae
830 5284 964 5330 non
1013 5268 1264 5341 minus,
1315 5287 1517 5346 qua-m
1577 5271 1844 5334 alienae
1893 5271 2143 5333 salutis
2193 5273 2362 5334 adeo
2410 5271 2859 5344 immemores,
2911 5275 2993 5333 ut
3039 5287 3175 5332 non

108 5374 503 5447 deterriti
538 5374 754 5435 divini
786 5376 1346 5441 interminatione
1376 5377 1641 5449 iudicii,
1683 5379 1842 5442 odio
1870 5378 1976 5440 vel
2006 5380 2241 5467 favore
2274 5382 2694 5453 moveantur:
2725 5384 2797 5442 et
2830 5379 2905 5439 in
2941 5377 3176 5439 Sacro-
