3753 5871
741 671 916 808 CO
928 671 1229 807 DEX
1325 666 1746 807 IURIS
1848 665 2545 803 OANONIOI

1221 1185 1554 1284 uer-:R
1638 1183 2066 1281 ramus

960 1395 1493 1509 NORMAE
1579 1392 2338 1509 GENERALES

1499 1809 1676 1875 om.
1720 1809 1789 1874 1.

336 1936 535 2005 Licet
569 1937 656 2004 in
686 1935 957 2004 Codice
985 1934 1176 2001 iuris
1204 1935 1546 2003 canonici
1575 1934 1951 2002 Ecclesiae
1987 1952 2273 2019 quoque
2311 1934 2719 2002 orientalis
2749 1933 3146 2019 disciplina

184 2060 373 2130 saepe
428 2044 832 2128 referatur,
892 2044 1053 2129 ipse
1098 2047 1347 2112 tamen
1397 2061 1622 2109 unam
1672 2042 1979 2128 respicit
2028 2043 2371 2110 Latinam
2426 2042 2858 2123 Ecclesiam,
2912 2059 3145 2126 neque

191 2152 616 2221 orientalem
666 2152 972 2236 obligat,
1022 2152 1169 2218 nisi
1213 2152 1305 2220 de
1350 2152 1446 2218 iis
1493 2155 1787 2235 agatur,
1850 2169 2038 2235 quae
2085 2169 2173 2218 ex
2231 2152 2395 2235 ipsa
2448 2149 2556 2218 rei
2602 2153 2878 2217 natura
2920 2149 3143 2217 etiam

187 2258 613 2329 orientalem
661 2257 993 2329 afficiunt
1031 2259 1080 2326 ¹.

1494 2365 1673 2434 CAN.
1718 2364 1785 2431 2.

337 2491 605 2575 Codex,
635 2491 1092 2577 plerumque,
1121 2490 1310 2557 nihil
1340 2490 1671 2558 decernit
1694 2490 1785 2558 de
1817 2490 2088 2558 ritibus
2113 2496 2189 2558 et
2213 2489 2696 2558 caeremoniis
2721 2506 2905 2574 quas
2937 2488 3147 2556 litur-

187 2597 312 2680 gici
342 2598 536 2682 libri,
583 2599 687 2666 ab
723 2599 1060 2666 Ecclesia
1094 2599 1365 2666 Latina
1400 2599 1722 2683 probati,
1763 2598 2164 2666 servandas
2209 2598 2682 2683 praecipiunt
2715 2598 2796 2664 in
2834 2597 3147 2665 celebra·

190 2704 363 2773 tione
389 2707 849 2776 sacrosancti
889 2708 1162 2775 Missae
1190 2706 1564 2789 sacrificii,
1600 2708 1678 2773 in
1713 2706 2362 2774 administratione
2403 2707 3049 2775 sacramentorum
3080 2708 3157 2773 et

189 2809 832 2882 Sacramentalium
863 2813 1179 2899 aliisque
1206 2815 1441 2881 sacris
1471 2814 1932 2899 peragendis.
1967 2814 2213 2894 Quare
2252 2832 2502 2882 omnes
2536 2813 2929 2898 liturgicae
2960 2812 3156 2898 leges

191 2918 316 2984 vim
345 2940 548 2988 suam
586 2921 940 3000 retinent,
976 2922 1123 2990 nisi
1155 2940 1409 2990 earum
1451 2921 1704 3006 aliqua
1735 2922 1816 2989 in
1857 2922 2126 2990 Codice
2160 2941 2501 3006 expresse
2539 2921 2984 3007 corrigatur.

1501 3082 1679 3149 CAN.
1723 3081 1790 3149 3.

339 3207 638 3276 Codicis
694 3225 1013 3275 canones
1059 3207 1290 3274 initas
1348 3207 1442 3272 ab
1489 3206 1925 3290 Apostolica.
1974 3207 2160 3274 Sede
2205 3225 2373 3272 cum
2424 3206 2659 3273 variis
2708 3204 3155 3275 Nationibus

186 3317 689 3384 conventiones
736 3315 1164 3382 nullatenus
1205 3314 1568 3398 abrogant
1622 3319 1759 3383 aut
1799 3315 1897 3381 iis
1939 3315 2224 3398 aliquid
2271 3314 2653 3399 obrogant;
2707 3331 2837 3381 eae
2880 3312 3157 3380 idcirco

190 3422 467 3502 perinde
505 3441 596 3491 ac
629 3424 710 3489 in
744 3441 1093 3506 praesens
1122 3422 1369 3507 vigere
1409 3427 1742 3508 pergent,
1775 3422 2177 3490 contrariis
2214 3423 2436 3489 huius
2470 3422 2765 3489 Codicis
2801 3420 3153 3505 praescri-

190 3529 324 3610 ptis
348 3531 651 3598 minime
679 3530 1171 3597 obstantibus.

1507 3639 1685 3705 CAN.
1724 3640 1792 3704 4.

345 3756 525 3826 Iura
568 3759 746 3827 aliis
784 3761 1145 3845 quaesita,
1184 3762 1506 3846 itemque
1541 3762 1934 3846 privilegia
1979 3766 2204 3847 atque
2240 3762 2539 3830 indulta·
2577 3779 2786 3847 quae,
2828 3762 2922 3829 ab
2969 3763 3157 3845 Apo

159 3861 434 3931 stolica
467 3865 662 3935 Sede
690 3869 786 3934 ad
816 3869 995 3935 haec
1025 3887 1257 3953 usque
1291 3873 1624 3953 tempora
1655 3870 1992 3953 personis
2025 3870 2178 3938 sive
2211 3871 2533 3956 physicis
2567 3869 2720 3937 sive
2758 3869 3161 3937 moralibus

186 3983 536 4057 concessa,
568 3975 652 4042 in
687 3992 830 4041 usu
858 3975 1101 4043 adbuc
1129 3983 1305 4045 sunt
1334 3995 1465 4044 nec
1503 3983 1869 4059 revocata,
1905 3977 2198 4063 integra
2230 3981 2555 4060 manent,
2594 3978 2739 4045 nisi
2768 3976 2991 4044 huius
3026 3977 3157 4045 Oo-

187 4072 360 4143 dicis
388 4080 802 4149 canonibus
834 4101 1176 4167 expresse
1211 4089 1667 4152 revocentur.

1512 4228 1689 4295 CAN.
1730 4229 1796 4295 5.

347 4347 704 4433 vigentes
740 4351 820 4416 in
870 4367 1220 4433 praesens
1255 4356 1518 4419 contra
1558 4352 1818 4419 horum
1859 4357 2153 4420 statuta·
2190 4371 2556 4419 canonum
2597 4351 3169 4419 consuetudines

184 4450 325 4521 sive
359 4457 816 4551 universales
848 4459 1001 4525 sive
1040 4459 1559 4543 particulares,
1596 4459 1660 4526 si
1697 4460 1992 4544 quidem
2026 4460 2212 4544 ipsis
2243 4459 2652 4528 canonibus
2681 4476 3022 4544 expresse
3054 4476 3158 4523 re·

194 4561 617 4647 probentur,
671 4569 1030 4650 tanquam
1075 4567 1266 4633 iuris
1308 4567 1774 4651 corruptelae
1829 4568 2331 4651 corrigantur,
2381 4567 2557 4635 licet
2607 4568 2760 4635 sint
2805 4568 3167 4634 immemo-

192 4665 471 4753 rabiles,
513 4688 698 4740 neve
725 4671 1075 4739 sinantur
1104 4673 1185 4739 in
1218 4678 1593 4756 posterum
1637 4674 2091 4759 reviviscere;
2122 4675 2340 4755 aliae,
2381 4694 2567 4759 quae
2601 4672 2893 4759 quidem
2929 4678 3164 4742 cente·

189 4774 430 4845 uariae
454 4778 616 4846 sint
637 4784 715 4847 et
739 4780 1378 4864 immemorabiles,
1413 4781 1722 4850 tolerari
1755 4785 2135 4867 poterunt,
2165 4783 2231 4850 si
2261 4783 2645 4851 Ordinarii
2673 4801 2810 4867 pro
2839 4781 3165 4850 locorum

185 4895 267 4948 ac
297 4900 780 4977 personarum
820 4888 1199 4957 adiunctis
1231 4890 1657 4959 existiment
1689 4909 1815 4958 eas
1849 4891 2255 4975 prudenter
2297 4890 2712 4958 submoveri
2751 4908 2898 4958 non
2934 4907 3168 4974 posse3

182 4992 461 5060 ceterae
495 5011 941 5078 suppressae
971 4995 1410 5077 habeantur,
1456 4997 1604 5065 nisi
1645 5016 1986 5083 expresse
2020 4997 2266 5066 Codex
2301 4998 2510 5066 aliud
2543 5002 2825 5067 caveat.

352 5203 374 5239 ¹
414 5203 776 5259 Benedictus
811 5207 964 5267 m,
1005 5211 1198 5260 const.
1256 5224 1287 5259 ι
1318 5210 1453 5261 Etsi
1482 5212 1801 5271 pastoratu
1842 5225 1894 5271 ι,
1932 5210 1999 5264 π
2029 5213 2173 5262 man
2213 5211 2361 5269 1742.
2399 5210 2425 5271 ξ
2468 5211 2567 5271 lx.
2607 5223 2664 5262 n.
2708 5211 2775 5272 νς
2812 5222 2902 5271 ep.
2935 5210 3177 5273 encycl..

191 5302 222 5337 ι
249 5285 482 5348 Anam
518 5301 661 5350 me
695 5311 746 5357 ι,
780 5295 850 5349 28
877 5298 981 5350 iul.
1012 5298 1161 5359 1756,
1199 5299 1229 5360 1
1264 5300 1346 5361 44ς
1369 5298 1434 5352 Β.
1472 5299 1539 5352 0.
1573 5299 1633 5353 S.
1672 5299 1813 5361 Off..
1849 5300 1916 5352 13
1951 5302 2072 5352 iun.
2111 5300 2259 5361 1710:
2287 5300 2346 5354 S.
2377 5300 2443 5353 Ο.
2477 5299 2551 5352 de
2582 5301 2751 5361 Prop.
2788 5299 2952 5361 Flde,
2983 5301 3015 5351 4
3047 5301 3167 5351 tun.

186 5375 743 5534 ffiugttigycl.
781 5385 884 5446 (ad
921 5386 1121 5448 Deles.
1160 5388 1268 5448 Ap.
1304 5400 1411 5449 pro
1447 5387 1734 5449 Oriente).
1764 5388 1799 5440 8
1831 5400 1965 5441 nov.
1999 5387 2145 5450 1882:
2181 5389 2299 5441 litt.
2337 5388 2556 5450 encycl.
2588 5389 2624 5441 θ
2651 5401 2786 5450 aug.
2826 5388 2972 5450 188oe
3009 5388 3165 5441 decr.

304 5596 505 5647 oeae·
537 5597 701 5651 lsm
736 5600 1037 5652 cenom.
3015 5605 3037 5648 ¹
