3753 5871
1247 313 1423 364 Liber
1466 314 1726 376 Quartus
1760 340 1780 350 -
1814 314 1903 365 De
1952 313 2323 366 Pmoeosibus
3177 312 3287 372 539

1561 558 1736 625 CAN.
1785 559 1980 624 1931.

475 698 973 767 Prohibentur
1011 698 1104 765 ab
1143 697 1412 775 arbitri
1449 717 1749 767 munere
1795 699 2038 768 valide
2076 700 2397 785 gerendo
2434 699 2609 767 laici
2647 699 2725 766 in
2775 698 3022 766 causis
3062 697 3278 765 eccle·

301 805 651 888 siasticis,
711 806 1320 874 excommunicati
1368 811 1443 874 et
1487 807 1802 875 infames
1850 814 2020 892 post
2066 809 2508 875 sententiam
2554 806 3123 875 declaratoriam
3168 805 3284 872 vel

299 913 996 996 condemnatoriam3
1045 913 1370 998 religiosi
1423 933 1596 982 vero
1638 933 1907 981 munus
1950 915 2218 983 arbitri
2264 934 2356 983 ne
2410 915 2824 999 suscipiant
2866 914 3025 981 sine
3068 913 3285 981 venia

303 1019 724 1104 Superioris
775 1018 824 1084 ¹.
2094 1094 2100 1099 ‚

519 1132 525 1138 ’
1565 1129 1742 1198 CAN.
1792 1130 1987 1197 1932.

483 1270 563 1337 si
599 1271 831 1338 necin
859 1271 1436 1339 transactionem
1468 1272 1702 1339 necin
1730 1272 2335 1356 compromissum
2361 1271 2440 1337 in
2468 1271 2792 1338 arbitros
2824 1271 2941 1337 vel
2969 1267 3281 1335 arbitra·

306 1384 502 1444 tores
544 1382 794 1461 partes
845 1379 1261 1447 consentire
1300 1380 1556 1462 velint,
1602 1381 2103 1448 controversia
2146 1378 2559 1447 dirimenda
2611 1379 2758 1445 erit
2800 1382 2931 1461 per
2974 1376 3285 1443 formale

299 1483 658 1551 iudicium
697 1485 793 1552 ad
832 1504 1159 1552 normam
1197 1486 1561 1554 Sectionis
1596 1487 1913 1555 Primae.

1472 1806 1896 1877 TITULUS
1931 1805 2113 1872 XIX.

1377 1958 1471 2024 De
1526 1954 1788 2025 iudicio
1842 1950 2221 2018 criminali.

1572 2164 1747 2231 CAN.
1798 2161 1992 2228 1933.

488 2310 521 2391 ξ
570 2309 632 2375 1.
683 2309 975 2377 Delicta
1013 2326 1197 2391 quae
1235 2305 1517 2373 cadunt
1557 2304 1693 2370 sub
1725 2301 2099 2369 criminali
2134 2299 2410 2367 iudicio
2447 2302 2624 2365 sunt
2656 2296 2929 2364 delicta
2966 2291 3286 2379 publica.

485 2418 518 2499 ξ
565 2418 631 2482 2.
682 2417 1182 2501 Excipiuntur
1221 2413 1498 2483 delicta
1539 2411 1927 2498 plectenda
1970 2408 2477 2477 sanctionibus
2523 2404 2955 2491 poenalibus
2996 2402 3089 2470 de
3135 2401 3287 2485 qui·

302 2525 443 2591 bus
479 2526 558 2591 in
588 2542 752 2592 can.
787 2522 1186 2591 2168-2194.

487 2630 520 2714 ξ
567 2630 630 2697 3.
683 2632 774 2698 In
827 2631 1121 2699 delictis
1173 2628 1390 2696 mixti
1432 2628 1581 2701 tori
1625 2624 2010 2694 Ordinarii
2054 2622 2497 2708 regulariter
2541 2640 2631 2688 ne
2676 2620 3081 2705 procedant
3123 2635 3291 2686 cum

309 2759 477 2807 reus
530 2740 766 2806 laicus
808 2742 922 2806 est
966 2740 1041 2806 et
1094 2736 1337 2804 civilis
1379 2736 1888 2821 magistratus,
1938 2733 2017 2799 in
2066 2749 2270 2799 reum
2327 2729 2944 2810 animadvertens,
2980 2726 3293 2811 publico

305 2848 494 2915 bono
535 2848 720 2913 satis
752 2846 1099 2913 consulit.

485 2956 518 3038 ξ
564 2958 630 3021 4.
682 2955 1176 3034 Poenitentia,
1211 2953 1609 3021 remedium
1647 2951 1978 3036 poenale,
2012 2947 2694 3029 excommunicatio,
2736 2944 3145 3029 suspensio,
3183 2944 3287 3008 in-

308 3063 730 3145 terdictum,
769 3062 1161 3130 dummodo
1205 3061 1566 3129 delictum-
1594 3062 1876 3126 certum
1916 3058 2042 3140 sit,
2084 3055 2324 3141 infligi
2361 3059 2672 3140 possunt
2712 3052 2936 3120 etiam
2975 3070 3107 3135 per
3145 3068 3286 3117 mo·

300 3170 481 3238 dum
512 3170 886 3254 praecepti
921 3173 1134 3237 extra
1171 3166 1551 3235 iudicium.

1607 3413 1866 3483 CAPUT
1921 3415 1984 3482 Ι.

948 3556 1059 3623 De
1097 3555 1571 3624 accusatoria*
1597 3556 1887 3624 actione
1928 3561 2001 3623 et
2041 3555 2624 3623 denuntiatione.

1566 3767 1744 3833 CAN.
1793 3766 1989 3833 1934.

480 3910 702 3978 Actio
732 3928 859 3976 seu
892 3910 1268 3977 accusatio
1298 3908 1711 3976 criminalis
1748 3908 1879 3974 uni
1923 3908 2329 3992 promotori
2371 3907 2730 3989 iustitiae,
2767 3907 3035 3975 ceteris
3068 3907 3291 3975 omni·

306 4015 444 4083 bus
481 4017 823 4101 exclusis,
859 4021 1280 4084 reservatur
1319 4019 1368 4085 ².

595 4126 601 4135 '
1576 4124 1752 4191 ΟΑΝ.
1805 4124 2000 4191 1935.

486 4265 519 4349 ἓ
568 4268 632 4333 1.
683 4266 1012 4346 Quilibet
1043 4271 1291 4334 tamen
1325 4265 1649 4335 fidelium
1691 4284 1979 4350 semper
2009 4268 2253 4350 potest
2285 4263 2636 4332 delictum
2674 4261 2987 4330 alterius
3019 4262 3292 4329 denun-

308 4373 502 4441 tiare
560 4374 655 4441 ad
707 4375 1292 4444 satisfactionem
1341 4375 1733 4460 petendam
1783 4375 1902 4442 vel
1951 4374 2302 4442 damnum
2354 4372 2496 4439 sibi
2552 4368 3122 4451 resarciendum,
3174 4368 3292 4435 vel

307 4480 531 4547 etiam
563 4481 813 4550 studio
851 4482 1187 4551 iustitiae
1218 4484 1313 4550 ad
1356 4482 1674 4550 alicuius
1711 4482 2044 4559 scandali
2074 4482 2191 4549 vel
2225 4482 2402 4553 mali
2441 4479 2980 4564 reparationem
3024 4473 3076 4539 ³.

442 4587 475 4669 ξ
522 4587 588 4655 2.
640 4589 801 4657 Imo
830 4591 1184 4675 obligatio
1218 4591 1808 4659 denuntiationis
1838 4594 2055 4675 urget
2085 4588 2682 4675 quotiescumque
2709 4587 2804 4655 ad
2833 4586 2910 4654 id
2946 4585 3110 4671 quis
3140 4583 3291 4652 adi·

308 4694 512 4779 gitur
549 4695 701 4765 sive
736 4697 893 4782 lege
922 4699 1038 4766 vel
1068 4699 1428 4783 peculiari
1456 4699 1788 4785 legitimo
1815 4703 2233 4784 praecepto,
2268 4699 2418 4765 sive
2448 4717 2535 4765 ex
2575 4697 2735 4781 ipsa
2771 4693 3101 4761 naturali
3136 4692 3295 4777 lege

308 4803 399 4869 ob
430 4801 599 4872 fidei
625 4805 741 4873 vel
773 4805 1153 4891 religionis
1183 4808 1593 4891 periculum
1629 4808 1745 4875 vel
1778 4808 1985 4876 aliud
2020 4806 2411 4874 imminens
2442 4796 2817 4890 publicum
2857 4802 3134 4869 malum
3173 4795 3229 4863 ⁴.

493 5027 513 5063 ¹
550 5026 616 5079 Ο.
651 5027 735 5088 35,
771 5026 837 5079 Ο.
867 5027 1019 5087 XVI,
1048 5040 1103 5088 q,
1135 5030 1185 5089 1;
1209 5039 1260 5079 c.
1292 5029 1343 5087 4,
1375 5027 1426 5089 8,
1456 5029 1509 5089 9,
1539 5029 1606 5089 X,
1635 5030 1707 5080 do
1733 5028 1999 5088 arbttris,
2031 5030 2080 5090 Ι,
2109 5030 2191 5092 43;
2215 5043 2267 5083 c.
2298 5031 2349 5092 2,
2380 5032 2431 5093 3,
2449 5033 2530 5093 ··X,
2561 5033 2633 5083 de
2667 5031 2923 5092 indictio,
2959 5034 3041 5094 11,
3071 5035 3122 5085 1.

482 5126 507 5159 ²
554 5117 813 5179 Regulae
841 5117 1168 5170 servandae
1202 5118 1264 5169 in
1293 5117 1532 5170 iudiciis
1558 5119 1715 5179 apud
1750 5118 1809 5172 S.
1843 5119 1914 5170 R.
1948 5121 2137 5174 Rotae
2172 5120 2477 5182 Tribunal,
2508 5124 2541 5173 4
2569 5135 2703 5183 aug.
2735 5124 2884 5184 1910,
2919 5124 2946 5184 ς
2976 5124 3058 5176 39.

488 5214 514 5251 ³
554 5208 619 5260 C.
654 5208 738 5268 13,
767 5208 835 5268 X,
872 5208 943 5257 de
977 5207 1233 5268 indicite,
1271 5209 1355 5270 11,
1398 5211 1448 5272 1;
1486 5221 1538 5262 c.
1571 5211 1656 5271 14,
1690 5211 1757 5271 X,
1793 5212 1864 5261 de
1901 5211 2152 5263 testibus
2185 5214 2244 5262 et
2286 5211 2792 5273 attestationibus,
2832 5214 2912 5273 ΙΙ,
2950 5214 3031 5275 2ος
3063 5225 3115 5265 c.
3154 5215 3206 5276 3,
3244 5214 3295 5276 7,

311 5298 395 5360 31,
426 5299 493 5359 X,
529 5301 600 5350 de
629 5299 900 5357 cimona,
930 5301 990 5351 et
1020 5312 1095 5350 ne
1131 5299 1358 5360 aliquia
1386 5311 1493 5362 pro
1521 5300 1935 5361 spiritualibus
1966 5301 2241 5361 ematur
2269 5302 2363 5352 vel
2393 5303 2797 5365 promittatur,
2836 5303 2907 5365 V,
2947 5304 2997 5356 3.

490 5397 517 5432 ⁴
551 5389 616 5442 Ο.
643 5389 696 5451 6,
724 5389 797 5442 D.
823 5389 1068 5452 LXXXI:
1089 5401 1140 5441 c.
1175 5403 1298 5452 un„
1332 5391 1400 5451 X,
1427 5391 1500 5442 de
1525 5391 1814 5443 scrutinio
1836 5392 1902 5441 in
1927 5393 2131 5459 oraine
2155 5392 2450 5453 sectando,
2487 5394 2537 5455 1,
2568 5392 2652 5455 122
2675 5394 2842 5454 c..13.
2871 5395 2938 5455 X,
2991 5396 3063 5446 de
3098 5393 3297 5445 haero-

315 5477 468 5537 uon,
498 5478 566 5541 V,
597 5479 647 5542 7;
674 5491 725 5531 c.
754 5480 837 5541 16,
869 5481 939 5530 de
970 5479 1304 5540 haereticis,
1338 5481 1410 5543 V,
1437 5480 1489 5541 2,
1520 5481 1582 5532 in
1606 5481 1733 5545 V1·;
1761 5481 2119 5536 Benedictus
2143 5482 2296 5544 XIV,
2332 5489 2519 5536 const.
2559 5498 2590 5534 ι
2619 5481 3067 5544 Sacramentum
3093 5483 3297 5536 Poeni·
