3753 5871
1080 384 1256 436 [tiber
1304 385 1558 447 Quintus
1592 409 1612 421 ·
1649 384 1738 434 De
1785 385 2036 437 Delicti-u
2073 389 2132 438 ct
2172 389 2196 438 4
2221 398 2381 437 uersu
3117 382 3226 442 597

411 571 445 653 ᾗ
491 571 559 639 2.
609 572 980 640 Delictum
1013 516 1464 641 frustratum
1497 574 1734 659 magis
1763 573 2134 658 culpabile
2174 576 2314 655 est,
2360 591 2578 658 quam
2622 572 2933 657 simplex
2966 572 3224 641 delicti

233 700 419 751 cona
600 683 650 751 ².

412 689 560 878 ἐξ.
608 798 724 865 Ab
764 798 964 865 omui
999 797 1581 899 imputabilitate
1617 798 1982 865 libera-tur
2028 798 2155 882 qui
2199 800 2461 881 sponte
2506 796 2602 864 ab
2636 795 2932 879 incepta
2968 793 3221 863 delicti

236 907 701 975 exsecutione
744 907 1144 989 destiterit,
1195 908 1258 974 si
1299 907 1585 973 nullum
1626 925 1715 975 ex
1751 911 2028 974 conatu
2063 905 2413 974 damnum
2453 908 2591 973 aut
2637 903 3067 971 scandalum
3108 919 3219 969 or·

234 1021 394 1084 tum
429 1015 554 1083 sit.

1316 1264 1586 1379 PARS
1663 1263 2134 1365 SECUNDA

1421 1441 1569 1525 nn
1630 1438 2026 1527 Ponms

1505 1740 1848 1813 SECTIO
1902 1743 1954 1812 Ι.

1211 1872 1338 1956 De
1394 1871 1700 1974 poenis
1755 1871 1854 1954 ln
1910 1890 2251 1972 genere.

1503 2065 1679 2133 CAN·
1730 2064 1929 2131 2214.

415 2202 449 2284 ξ
497 2206 562 2270 1.
612 2205 680 2270 N
684 2206 965 2272 ativum
1001 2210 1076 2274 et
1109 2206 1490 2290 proprium
1527 2202 1904 2273 Ecclesiae
1938 2206 2058 2272 ius
2101 2210 2239 2286 est,
2277 2203 2774 2287 independens
2811 2219 2856 2267 a
2896 2198 3225 2283 qualibet

230 2314 554 2380 humana
587 2314 1060 2397 auctoritate,
1089 2313 1472 2383 coercendi
1498 2314 2011 2398 delinquentes
2041 2314 2182 2380 sibi
2220 2312 2556 2380 subditos
2586 2310 2842 2396 poenis
2876 2313 3037 2377 tum
3078 2304 3221 2391 spi·

229 2421 635 2491 ritualibus
675 2428 834 2492 tum
876 2424 1100 2492 etiam
1140 2425 1673 2510 temporalibus
1713 2425 1764 2490 ².

410 2534 445 2617 ξ
490 2535 558 2601 2.
609 2535 799 2605 Prae
835 2537 1071 2605 oculis
1107 2543 1355 2606 autem
1394 2538 1755 2606 habeatur
1802 2540 2163 2606 monitum
2212 2538 2437 2606 Oonc.
2491 2537 2726 2619 Trid„
2769 2552 2945 2602 cess.
2989 2529 3222 2614 XIII,

225 2646 324 2710 de
354 2645 527 2727 res„
559 2661 718 2739 cap.
756 2646 840 2712 1.-
874 2665 917 2715 «
952 2647 1429 2717 Meminerint
1466 2632 1819 2732 Episcopi
1855 2649 2132 2733 aliique
2167 2647 2551 2717 Ordine-rii
2594 2664 2671 2713 se
2705 2650 3041 2730 pastores
3076 2661 3222 2710 non

226 2771 701 2836 percussores
743 2773 925 2830 esse,
959 2760 1194 2841 'atque
1228 2757 1338 2825 ita·
1373 2763 1709 2841 praeesse
1743 2757 1887 2824 sibi
1932 2756 2251 2824 subditis
2288 2759 2652 2840 oportere,
2693 2758 2779 2823 ut
2817 2773 2962 2822 non
3002 2754 3080 2819 in
3116 2753 3224 2820 eis

224 2863 732 2949 dominentur,
774 2865 899 2932 sed
939 2865 1110 2935 illos
1144 2869 1500 2951 tanquam
1549 2865 1741 2934 filios
1787 2871 1862 2934 et
1899 2866 2176 2933 fratres
2223 2865 2544 2950 diligant
2581 2864 3102 2948 elaborentque
3144 2866 3228 2929 ut

228 2972 601 3041 hortando
638 2979 713 3042 et
754 2975 1118 3042 monendo
1150 2977 1246 3043 ab
1280 2975 1571 3043 illicitis
1606 2975 2056 3057 deterreant,
2108 2994 2223 3056 ne,
2272 2974 2400 3041 ubi
2436 2974 2910 3059 deliquerint,
2952 2971 3225 3040 debitis

227 3100 359 3149 eos
394 3084 651 3167 poenis
684 3101 1017 3151 coercere
1052 3088 1437 3178 cogantur:
1479 3102 1660 3169 quos
1696 3089 1947 3153 tamen
1985 3085 2051 3151 si
2096 3083 2271 3168 quid
2314 3101 2446 3167 per
2494 3083 2888 3149 humanam
2938 3080 3222 3165 fragili-

226 3195 463 3259 tatem
506 3211 809 3276 peccare
837 3193 1260 3277 contigerit,
1297 3193 1430 3260 illa
1464 3193 1805 3277 Apostoli
1847 3196 1964 3260 est
1996 3192 2090 3260 ab
2132 3192 2239 3260 eis
2273 3192 2636 3259 servanda
2672 3190 3095 3275 praeceptio
3139 3194 3223 3256 ut

163 3317 166 3318 *
226 3301 403 3369 illos
449 3306 796 3386 arguant,
845 3303 1250 3383 obsecrent,
1299 3303 1681 3386 increpent
1729 3302 1809 3369 in
1853 3302 2055 3368 omni
2101 3301 2435 3368 bonitate
2489 3305 2565 3369 et
2614 3299 3005 3384 patientia,
3053 3317 3221 3366 cum

226 3428 449 3495 saepe
491 3411 661 3495 plus
694 3425 870 3495 erga
907 3410 1382 3494 corrigendos
1414 3415 1591 3494 agat
1624 3411 2133 3479 benevolentia
2168 3428 2386 3494 quam
2431 3409 2859 3491 austeritas,
2898 3409 3069 3492 plus
3106 3427 3219 3475 ex-

227 3520 561 3588 hortatio
622 3539 839 3605 quam
888 3520 1387 3601 comminatio,
1439 3519 1609 3604 plus
1658 3520 1939 3588 caritas
1989 3538 2207 3605 quam
2259 3522 2610 3604 potestas3
2662 3518 2778 3585 sin
2831 3521 3080 3585 autem
3130 3516 3223 3584 ob

224 3629 487 3696 delicti
538 3628 979 3728 gravitatem
1019 3629 1230 3711 virga
1272 3647 1459 3713 opus
1500 3629 1669 3711 erit,
1724 3634 1906 3696 tunc
1948 3648 2115 3696 cum
2169 3621 2735 3696 mansuetudine
2779 3627 3005 3711 rigor,
3054 3643 3223 3693 cum

227 3738 738 3806 misericordia
765 3737 1147 3819 iudicium,
1175 3756 1343 3806 cum
1370 3738 1681 3806 lenitate
1712 3738 2068 3806 severitas
2093 3737 2512 3805 adhibenda
2539 3740 2677 3820 est,
2717 3740 2805 3805 ut
2832 3737 2993 3803 sine
3018 3752 3221 3819 aspe-

228 3844 460 3914 ritate
498 3846 920 3931 disciplina,
956 3847 1253 3931 populis
1293 3847 1650 3915 salutaris
1682 3865 1768 3915 ac
1804 3847 2244 3931 necessaria,
2277 3848 2755 3914 conservetur
2795 3849 2869 3912 et
2906 3845 3032 3929 qui
3066 3861 3221 3911 cor·

228 3956 416 4023 recti
459 3956 768 4038 fuerint,
805 3956 1287 4024 emendentur
1320 3962 1478 4039 aut,
1520 3958 1585 4023 si
1621 3957 2052 4040 resipiscere
2088 3956 2489 4038 noluerint,
2528 3954 2780 4036 ceteri,
2824 3953 3107 4020 salubri
3142 3952 3222 4019 in

224 4084 355 4132 eos
393 4063 1054 4133 animadversionis
1083 4066 1439 4150 exemplo,
1474 4084 1522 4132 a
1550 4065 1757 4132 vitiis
1794 4066 2314 4134 deterreantur
2346 4082 2389 4134 ))
2438 4063 2491 4130 ⁸.

416 4329 437 4363 ¹
475 4328 540 4380 Ο.
573 4328 625 4389 3,
655 4329 721 4387 Χ,
756 4330 827 4379 de
857 4329 1068 4379 clerico
1106 4337 1467 4388 percussore,
1498 4329 1566 4388 V,
1598 4328 1679 4379 m.

409 4427 434 4461 ²
476 4421 542 4473 0.
573 4421 655 4482 21,
681 4422 764 4482 31,
792 4422 859 4474 O.
885 4422 986 4482 xl,
1015 4434 1068 4482 q.
1101 4422 1152 4475 3:
1173 4433 1224 4473 c.
1253 4424 1305 4481 6,
1338 4422 1404 4482 X,
1432 4423 1503 4472 de
1530 4421 1868 4472 maiontate
1903 4424 1962 4471 et
1996 4420 2349 4478 obedientia,
2378 4420 2429 4480 I,
2455 4420 2537 4482 33;
2570 4431 2618 4471 c.
2652 4421 2736 4480 13,
2767 4421 2834 4481 Χ,
2865 4424 2938 4473 de
2964 4421 3223 4480 indicite,

238 4515 324 4575 11,
360 4516 410 4577 1;
440 4526 492 4566 c.
527 4515 611 4575 10,
641 4515 709 4573 X,
755 4515 827 4563 de
862 4514 1194 4572 haereticis,
1229 4515 1298 4574 V,
1343 4514 1392 4575 73
1432 4525 1482 4565 c.
1519 4514 1602 4574 35,
1639 4515 1704 4588 Χ,
1745 4514 1816 4564 ele
1850 4513 2147 4564 sententia
2184 4513 2824 4573 excommunicationi-n,
2861 4514 2930 4574 V,
2968 4515 3051 4576 393
3083 4526 3134 4565 c.
3170 4515 3223 4587 3,

238 4609 312 4658 ao
341 4607 563 4666 poenis,
589 4608 658 4667 V,
684 4608 737 4667 9,
764 4608 827 4658 ln
853 4607 980 4666 V103
1002 4606 1175 4659 conc.
1207 4606 1494 4667 Trident„
1521 4618 1663 4658 sess.
1695 4606 1831 4666 VII,
1868 4606 1941 4656 de
1979 4605 2287 4666 baptismo,
2313 4617 2440 4656 can.
2471 4607 2553 4666 14:
2585 4618 2728 4658 sess.
2759 4607 2958 4666 XXI-v,
2991 4609 3062 4658 dc
3089 4607 3226 4666 res..

235 4711 288 4751 c.
321 4701 373 4762 ὃς
401 4712 545 4752 sess.
578 4701 743 4760 XXV,
784 4701 856 4751 de
883 4701 1020 4760 res„
1048 4711 1099 4751 c.
1139 4701 1193 4759 3,
1232 4701 1313 4761 143
1345 4700 1597 4751 Ioannes
1626 4700 1805 4760 xxn,
1841 4702 2027 4751 const.
2062 4715 2094 4749 α
2126 4699 2290 4750 Licet
2321 4713 2372 4760 »,
2406 4699 2624 4772 23‘oct,
2650 4699 2799 4760 1321,
2837 4708 2955 4752 art.
2986 4699 3039 4761 5,
3068 4711 3226 4751 erro-

238 4804 371 4844 rum
403 4793 658 4844 Max-sini
686 4793 963 4844 Patavini
990 4796 1052 4845 et
1080 4793 1321 4844 Ioannis
1349 4792 1422 4844 de
1448 4793 1485 4843 J
1488 4791 1743 4851 anduno,
1775 4791 1995 4853 damn.;
2022 4791 2320 4844 Martinus
2346 4793 2396 4843 V
2442 4793 2530 4852 (ln
2565 4793 2739 4845 Cone.
2769 4791 3226 4853 constantien),

237 4888 426 4938 const.
451 4901 483 4935 α
511 4885 679 4936 Inter
702 4887 943 4936 manetes
967 4899 1016 4945 ι,
1043 4885 1109 4935 22
1131 4885 1279 4938 febr.
1313 4885 1461 4946 1418,
1494 4887 1609 4936 art.
1641 4885 1724 4945 12,
1754 4884 1998 4936 Ioannis
2022 4884 2271 4946 chlen',
2302 4885 2521 4946 damn..
2549 4887 2663 4937 art.
2694 4885 2778 4945 31,
2804 4885 2888 4946 33,
2916 4885 2991 4936 de
3014 4886 3231 4946 qulbus

239 4988 507 5030 errorum
541 4977 773 5029 chletr
798 4980 859 5029 et
891 4978 1055 5029 Husz
1083 4978 1350 5038 suspecti
1371 4977 1794 5039 interroganda
1821 4976 2092 5029 Clemens
2121 4978 2222 5039 XI,
2252 4981 2438 5030 const.
2471 4994 2503 5028 α
2547 4976 2894 5037 Uulcanium
2932 4992 2983 5038 n,
3014 4978 3049 5031 8
3079 4980 3228 5040 sept.

241 5071 392 5130 1713,
441 5081 602 5131 prop.
639 5071 722 5130 90,
773 5071 1078 5122 Paschasli
1115 5070 1387 5132 Quesnel,
1429 5070 1647 5132 damn.;
1681 5073 1866 5123 const.
1909 5087 1941 5121 α
1982 5071 2311 5122 Pastor-aliu
2347 5071 2522 5130 officii
2560 5085 2610 5131 »,
2651 5070 2716 5122 28
2751 5083 2887 5131 aug.
2926 5066 3075 5132 1⁷18,
3117 5073 3145 5133 1
3183 5073 3233 5134 4;

242 5163 386 5215 Pius
424 5163 526 5224 vl,
569 5166 754 5215 const.
797 5179 829 5213 α
867 5164 1181 5214 Auctorem
1219 5164 1360 5224 ndei
1399 5177 1449 5224 ι,
1493 5164 1560 5215 28
1597 5176 1731 5225 aug.
1775 5164 1924 5225 1794,
1978 5175 2138 5224 prop.
2194 5165 2244 5223 4,
2275 5165 2327 5224 5,
2372 5164 2590 5225 synodi
2635 5164 2969 5224 Pistor-len..
3011 5164 3230 5225 damn.;

213 5255 385 5328 ‘Plus
417 5255 514 5315 1x,
544 5256 661 5307 utt.
690 5266 784 5315 ap.
814 5271 843 5304 α
871 5255 961 5305 Aa
986 5254 1358 5314 Apoetouoae
1392 5273 1442 5317 ι,
1478 5257 1544 5307 22
1568 5270 1702 5318 aug.
1731 5257 1879 5318 1851;
1907 5267 1997 5316 ep.
2026 5258 2246 5318 encycl.
2278 5273 2310 5307 α
2339 5256 2575 5317 Quanta
2604 5267 2752 5306 cura·
2779 5271 2829 5317 ι,
2860 5256 3046 5309 sdec.
3079 5256 3227 5317 180oe

239 5343 518 5408 syllabus
541 5359 826 5407 errorum,
860 5358 1021 5407 prop.
1052 5347 1135 5409 24;
1158 5360 1249 5408 ep.
1279 5351 1499 5410 encycl.
1531 5364 1563 5401 ι
1595 5350 1706 5400 Vis
1736 5352 1875 5400 dum
1904 5362 1939 5399 a
1977 5348 2158 5401 Nobis
2195 5366 2245 5410 ι,
2275 5350 2307 5401 7
2336 5351 2510 5401 mart.
2541 5349 2689 5402 1874.

412 5445 440 5481 ³
480 5439 545 5490 Ο.
577 5440 627 5499 4,
664 5440 716 5499 6,
745 5440 797 5499 9,
829 5441 912 5500 14,
943 5441 1027 5501 16,
1060 5441 1131 5492 D.
1163 5442 1329 5504 XLv3
1356 5453 1407 5494 c.
1441 5441 1490 5503 2,
1522 5443 1595 5494 D.
1636 5443 1665 5493 Ι
1685 5442 1931 5504 xxxvl,
1966 5454 2017 5494 c.
2050 5444 2100 5504 1,
2131 5442 2182 5504 3,
2215 5442 2281 5495 C.
2314 5443 2528 5504 xxln,
2564 5456 2620 5505 q,
2651 5443 2701 5505 ὅς
2730 5442 2903 5495 conc.
2938 5443 3226 5503 Trident„

241 5543 387 5584 sess.
417 5531 583 5592 XXV,
616 5533 686 5583 de
719 5532 854 5591 ret„
882 5544 933 5584 c.
965 5533 1015 5595 33
1045 5534 1189 5586 Plus
1218 5535 1315 5596 IX,
1348 5546 1439 5595 ep.
1471 5537 1688 5597 encyel.
1723 5551 1754 5586 α
1782 5533 2087 5587 Neminem
2126 5539 2388 5588 vestram
2426 5551 2475 5598 ι,
2508 5537 2542 5588 2
2571 5537 2719 5589 febr.
2753 5536 2899 5588 1854.
