3753 5871
1166 328 1344 382 tator
1387 331 1647 393 ουοήυο
1681 353 1700 365 ·
1736 328 1824 379 De
1868 327 2245 380 processibus
2308 318 2321 337 ⁰
3103 321 3211 381 537

394 512 427 596 ξ
473 514 537 582 3.
594 515 826 583 Iudex
892 519 1139 600 potest
1210 515 1608 583 terminum
1672 515 2213 599 praescriptum
2279 514 2396 581 vel
2461 513 2806 581 reducere
2866 513 2984 581 vel
3048 530 3210 597 pro·

209 622 534 706 trahere,
579 624 690 690 ita
730 628 978 691 tamen
1034 626 1121 691 ut
1163 640 1396 708 neque
1437 623 1640 689 infra
1690 623 2039 689 bimestre
2080 625 2526 705 coarctetur,
2585 639 2820 706 neque
2863 625 3214 688 semestre

207 728 519 796 excedat
556 727 606 794 ¹.

1480 837 1658 904 CAN.
1720 836 1916 905 1923.
2945 926 2961 935 η

391 958 424 1042 ξ
472 964 538 1027 1.
590 960 683 1027 In
722 961 1187 1029 exsecutione
1225 961 1642 1046 peragenda
1691 964 2078 1028 exsecutor
2123 964 2383 1027 caveat
2434 963 2517 1027 ut
2561 977 2778 1044 quam
2822 958 3207 1024 minimum

207 1066 568 1135 damnato
606 1071 983 1151 noceatur,
1024 1086 1254 1154 eaque
1289 1070 1380 1136 de
1416 1086 1642 1135 causa
1680 1068 1997 1153 incipiat
2042 1068 2584 1135 exsecutionem
2624 1085 2672 1133 a
2706 1064 3211 1134 distrahendis

210 1174 433 1241 rebus
466 1192 653 1258 quae
688 1176 934 1243 minus
966 1176 1036 1243 ei
1077 1175 1532 1244 necessariae
1574 1179 1774 1267 sunt,
1821 1175 2050 1242 salvis
2081 1192 2368 1259 semper
2404 1193 2589 1259 quae
2622 1175 2782 1242 eius
2816 1174 3051 1242 victui
3094 1174 3210 1240 vel

207 1279 630 1350 industriae
663 1282 1112 1376 deserviunt3
1149 1287 1226 1351 et
1260 1284 1324 1350 si
1360 1289 1632 1368 agatur
1666 1284 1759 1352 de
1801 1267 2098 1367 clerico,
2140 1285 2347 1351 salva
2382 1283 2693 1350 honesta
2729 1282 3054 1350 eiusdem
3093 1301 3205 1348 su·

209 1389 667 1456 stentatione
709 1389 806 1457 ad
852 1408 1184 1457 normam
1227 1408 1392 1457 can.
1434 1390 1586 1457 122.
1900 1466 1901 1469 Ἴ

392 1494 425 1576 ξ
472 1495 539 1561 2.
589 1497 707 1565 Ad
740 1498 1279 1566 exsecutionem
1318 1497 1763 1581 privationis
1806 1497 2141 1566 beneficii
2176 1499 2397 1567 iudex
2435 1517 2527 1567 ne
2561 1498 2912 1583 procedat
2948 1502 3215 1565 contra

206 1601 563 1669 clericum
614 1605 740 1689 qui
795 1604 1145 1672 Sanctam
1200 1605 1459 1674 Sedem
1510 1606 1804 1690 adierit;
1860 1607 1987 1674 sed
2040 1606 2105 1673 si
2168 1611 2440 1692 agatur
2501 1607 2592 1674 de
2655 1606 3029 1687 beneficio,
3084 1606 3208 1673 cui

206 1708 502 1778 adnexa
537 1710 640 1778 sit
674 1712 1091 1779 animarum
1129 1706 1337 1795 cura,
1390 1713 1837 1781 ordinarius
1878 1715 2265 1797 provideat
2303 1733 2436 1799 per
2473 1713 3057 1799 designationem
3106 1712 3204 1779 vi·

201 1816 402 1883 carii
449 1818 838 1887 substituti
874 1818 925 1883 ¹.

1484 1929 1662 1998 CAN.
1712 1928 1908 1996 1924.

385 2048 797 2119 Exsecutor
841 2058 1105 2120 utatur
1146 2053 1357 2137 prius
1400 2053 1704 2121 monitis
1744 2059 1820 2122 et
1863 2054 2280 2138 praeceptis
2325 2071 2500 2138 erga
2548 2053 3058 2134 reluctantem3
3112 2049 3208 2117 ad

201 2173 487 2240 poenas
528 2161 775 2226 autem
797 2159 1245 2261 ’spirituales
1286 2166 1362 2229 et
1397 2162 1492 2229 ad
1526 2180 1880 2230 censuras
1916 2181 2008 2230 ne
2050 2160 2418 2243 deveniat,
2456 2161 2603 2227 nisi
2646 2179 2734 2228 ex
2772 2159 3209 2227 necessitate

199 2264 289 2331 et
323 2263 694 2347 gradatim
745 2263 798 2330 ⁸.

1470 2540 1812 2612 SECTIO
1863 2540 1955 2611 ΙΙ.

1112 2702 1240 2786 De
1292 2704 1905 2832 peculiaribus
1968 2705 2311 2789 normis

723 2842 821 2926 in
877 2838 1150 2928 certis
1207 2843 1741 2949 quibusdam
1796 2845 2160 2930 iudiciis
2216 2844 2704 2930 servandis.

1322 3091 1747 3160 TITULUS
1799 3092 2081 3160 XVIII.

859 3235 962 3304 De
1008 3235 1237 3304 modis
1285 3237 1599 3305 evitandi
1642 3237 1984 3305 iudicium
2030 3237 2569 3304 contentiosum.

1471 3465 1482 3475 ³
1523 3448 1783 3514 CAPUT
1835 3448 1899 3514 Ι.

1360 3570 1472 3637 Dc
1519 3570 2047 3640 transactione.

1495 3748 1672 3815 CAN.
1726 3747 1920 3814 1925.

397 3888 430 3972 ξ
478 3893 544 3956 1.
595 3891 783 3958 Oum
820 3890 1034 3957 valde
1074 3890 1482 3975 optandum
1531 3890 1632 3957 sit
1673 3893 1760 3957 ut
1795 3889 1968 3956 lites
2006 3889 2206 3957 inter
2254 3890 2506 3959 fideles
2543 3891 2942 3973 evitentur,
2993 3889 3213 3957 iudex
3323 3933 3328 3942 ›

208 3998 768 4067 exhortationes
799 3999 1172 4080 adhibeat,
1208 4003 1293 4066 ut
1320 4017 1487 4065 cum
1520 3998 1776 4083 aliqua
1804 3998 2269 4066 contentiosa
2302 4000 2810 4067 controversia
2850 4016 3039 4083 quae
3069 3996 3213 4081 pri·

209 4110 470 4173 vatum
513 4125 767 4174 eorum
821 4106 1090 4173 bonum
1140 4107 1514 4190 respiciat,
1571 4107 1640 4173 ei
1683 4107 2129 4191 proponitur
2174 4107 2437 4175 iudicii
2489 4108 2733 4175 forma
2771 4104 3215 4187 dirimenda,

212 4231 348 4298 per
385 4213 990 4297 transactionem,
1033 4214 1097 4280 si
1147 4232 1289 4298 qua
1328 4214 1764 4282 concordiae
1805 4233 1972 4300 spes
2010 4215 2406 4299 affulgeat,
2439 4215 2534 4283 lis
2570 4218 3061 4298 componatur
3102 4211 3158 4276 ⁴.

398 4320 431 4404 ἓ
477 4321 545 4387 2.
597 4321 795 4387 Huic
838 4320 1072 4388 officio
1113 4320 1332 4388 iudex
1381 4323 1812 4390 satisfacere
1867 4323 2146 4408 poterit
2191 4325 2343 4391 sive
2386 4328 2782 4406 antequam
2829 4325 3083 4405 partes
3136 4322 3215 4386 in

215 4428 575 4496 iudicium
606 4434 986 4511 vocentur,
1023 4429 1175 4496 sive
1204 4446 1372 4496 cum
1408 4431 1727 4514 primum
1763 4431 2043 4499 iudicio
2082 4414 2454 4512 steterint,
2493 4431 2644 4497 sive
2685 4428 3001 4512 denique
3046 4446 3213 4512 quo·

213 4555 505 4622 cunque
562 4540 891 4621 tempore
950 4542 1025 4606 et
1089 4538 1453 4605 efficacius
1513 4544 1586 4607 et
1645 4540 2140 4624 opportunius
2206 4539 2283 4607 id
2345 4539 2625 4606 tentari
2694 4555 2907 4622 posse
2967 4535 3213 4604 existi·

215 4643 531 4712 maverit
572 4643 624 4708 ⁸.

402 4869 422 4904 1
460 4869 525 4921 C.
565 4868 649 4928 15,
689 4869 755 4929 X,
790 4871 861 4920 de
893 4869 1188 4920 sententia
1219 4873 1279 4920 et
1309 4882 1373 4920 re
1403 4871 1688 4929 iudaeam,
1723 4871 1805 4929 ΙΙ,
1838 4869 1920 4920 27.

393 4966 419 5000 ²
466 4960 530 5012 c.
557 4972 679 5020 un..
709 4960 774 5020 X,
801 4962 873 5012 de
894 4959 1125 5012 cledon
1149 4960 1680 5025 permanantibus,
1710 4961 1791 5019 ΙΙ,
1817 4960 1899 5020 29;
1920 4959 2093 5011 Oonc.
2117 4958 2405 5018 Trident„
2432 4970 2575 5010 sese.
2601 4959 2816 5021 xxnl,
2842 4963 2913 5012 de
2937 4962 3072 5021 ret„
3097 4975 3147 5014 c.
3170 4965 3219 5014 1.

396 5056 422 5093 ³
463 5051 527 5103 G.
571 5050 622 5111 7,
653 5051 719 5111 X,
771 5051 843 5100 de
889 5049 1076 5110 officio
1115 5054 1175 5101 et
1213 5053 1509 5110 potestate
1545 5051 1759 5101 indic-u
1799 5049 2073 5109 delectui,
2116 5049 2166 5108 1,
2197 5047 2279 5111 293
2314 5048 2488 5101 Cone.
2530 5049 2821 5112 Trident„
2862 5064 3006 5104 sess.
3052 5054 3219 5116 XXV,

219 5137 295 5195 de'
330 5142 465 5201 ref„
498 5153 548 5193 c.
582 5143 632 5203 8;
668 5140 726 5193 S.
759 5141 823 5193 Ο.
857 5140 945 5201 G..
992 5139 1332 5200 Taurinam,
1369 5141 1434 5214 29
1470 5154 1603 5202 aug.
1641 5140 1788 5200 1592:
1821 5140 2083 5200 Regulae
2117 5139 2444 5192 servandae
2480 5141 2541 5191 in
2577 5140 2817 5193 iudiciis
2850 5143 3008 5203 apud
3049 5143 3106 5195 S.
3148 5143 3217 5193 R.

222 5233 413 5286 Rotae
452 5232 759 5291 Tribunal,
802 5233 835 5282 4
866 5243 1001 5292 aug.
1038 5232 1186 5293 1910,
1224 5232 1251 5292 ς
1284 5230 1365 5284 80.

395 5327 425 5362 ⁴
464 5323 529 5375 O.
563 5325 646 5383 11,
677 5323 745 5383 X,
776 5324 846 5374 de
885 5321 1404 5380 transactionibus,
1437 5323 1486 5381 Ι,
1517 5321 1599 5381 3ος
1624 5331 1675 5371 c.
1707 5322 1759 5381 1,
1790 5321 1855 5376 X.
1892 5321 1962 5370 de
1991 5319 2214 5369 mutuis
2242 5319 2647 5380 petitionibus,
2679 5322 2763 5382 ΙΙ,
2793 5324 2842 5372 4.

404 5417 430 5454 ⁸
464 5414 528 5465 G.
557 5415 608 5473 1,
638 5414 705 5473 X,
736 5415 807 5465 de
833 5410 1059 5463 mutuis
1087 5411 1490 5473 petitionibus,
1528 5412 1611 5471 ΙΙ,
1649 5412 1697 5472 4;
1723 5411 1985 5472 Regulae
2014 5410 2341 5462 servandae
2368 5410 2431 5462 in
2459 5410 2699 5463 iudiciis
2726 5413 2885 5473 apud
2918 5411 2975 5465 S.
3010 5413 3079 5464 R.
3114 5413 3222 5463 Ro·

222 5508 324 5559 tae
362 5504 669 5564 Tribunal,
704 5505 737 5554 4
771 5514 906 5565 aug.
943 5503 1092 5564 1910,
1129 5503 1156 5563 ς
1192 5502 1275 5555 38.
