3753 5871
415 336 523 394 286
1551 336 1748 387 Gom
1793 334 1955 386 luris
1994 333 2275 386 canonici

598 524 631 606 ἓ
678 524 744 591 2.
796 524 1210 608 Episcopus
1256 524 1580 591 alienum
1631 523 2008 590 subditum
2061 524 2213 591 sive
2274 523 2723 592 saecularem
2774 524 2926 593 sive
2979 525 3405 609 religiosum

418 632 771 700 ordinans
809 650 976 698 cum
1020 631 1372 716 legitimis
1407 630 1683 699 litteris
1722 631 2190 713 dimissoriis,
2231 632 2497 717 quibus
2529 632 2892 700 asseritur
2925 633 3406 701 candidatum

417 739 917 807 examinatum
945 740 1178 806 fuisse
1201 739 1296 806 ad
1327 757 1657 806 normam
1695 740 1728 821 ξ
1756 742 1822 821 1,
1850 745 1927 808 et
1951 740 2293 807 idoneum
2320 745 2721 824 repertum,
2749 745 2996 824 potest
3019 742 3192 808 huic
3218 745 3399 810 atte-

419 848 732 913 stationi¹
767 846 1252 931 acquiescere,
1298 846 1423 913 sed
1478 865 1622 913 non
1664 850 1982 931 tenetur3
2032 852 2109 915 et
2156 848 2222 914 si
2265 866 2401 932 pro
2442 867 2580 915 sua
2615 848 3070 916 conscientia
3107 854 3409 917 censeat

330 984 333 988 *
415 953 894 1020 candidatum
916 940 1081 1020 'non
1116 972 1274 1021 esse
1309 954 1676 1035 idoneum,
1726 973 1892 1022 eum
1936 973 2025 1023 ne
2062 960 2488 1039 promoveat
2515 954 2563 1020 ¹.

1718 1131 1896 1199 CAN.
1940 1133 2091 1199 998.

597 1256 629 1338 §
677 1259 743 1322 1.
795 1256 1114 1323 Nomina
1161 1256 1819 1340 promovendorum
1866 1255 1963 1323 ad
2012 1255 2344 1341 singulos
2402 1274 2652 1323 sacros
2710 1255 3029 1337 ordines,
3081 1257 3412 1342 exceptis

422 1364 787 1449 religiosis
822 1383 870 1431 a
904 1366 1097 1431 votis
1132 1364 1510 1448 perpetuis
1544 1365 1696 1432 sive
1732 1364 2209 1431 sollemnibus
2252 1365 2405 1432 sive
2440 1364 2924 1449 simplicibus,
2962 1364 3252 1449 publice
3286 1365 3402 1432 de·

421 1472 862 1539 nuntientur
903 1472 981 1538 in
1026 1472 1423 1555 paroeciali
1453 1472 1811 1556 cuiusque
1843 1471 2225 1540 candidati
2258 1472 2587 1556 ecclesia3
2630 1473 2756 1540 sed
2792 1472 3237 1540 ordina-rius
3272 1490 3415 1558 pro

420 1597 556 1645 sua
587 1579 984 1663 prudentia
1018 1583 1262 1662 potest
1296 1584 1452 1645 tum
1495 1580 1587 1646 ab
1628 1579 1764 1646 hac
1798 1579 2299 1662 publicatione
2337 1577 2765 1663 dispensare
2799 1599 2886 1647 ex
2920 1580 3123 1646 iusta
3152 1598 3406 1661 causa,

419 1691 575 1753 tum
616 1687 1038 1771 praecipere
1087 1692 1170 1754 ut
1207 1687 1284 1753 in
1325 1686 1497 1753 aliis
1536 1705 1821 1771 quoque
1866 1687 2196 1754 ecclesiis
2245 1690 2670 1771 peragatur,
2714 1691 2871 1755 tum
2917 1688 3405 1771 publicationi

417 1795 867 1862 substituere
909 1794 1279 1878 publicam
1319 1795 1414 1862 ad
1453 1794 1708 1861 valvas
1748 1795 2096 1863 ecclesiae
2146 1795 2554 1862 affixionem
2598 1814 2730 1879 per
2768 1795 3055 1879 aliquot
3093 1795 3277 1878 dies,
3325 1796 3405 1861 in

418 1901 683 1985 quibus
722 1920 913 1968 unus
957 1902 1219 1968 saltem
1261 1902 1420 1970 dies
1453 1902 1691 1969 festus
1725 1902 2390 1986 comprehendatur
2420 1900 2473 1969 ².

597 2008 631 2090 ξ
679 2008 745 2074 2.
797 2006 1217 2076 Publicatio
1246 2008 1379 2075 fiat
1406 2009 1526 2077 die
1561 2009 1755 2076 festo
1782 2010 1872 2077 de
1902 2013 2294 2093 praecepto
2326 2010 2405 2076 in
2434 2008 2742 2076 ecclesia
2778 2009 2975 2076 inter
3009 2009 3404 2075 Missarum

421 2115 804 2184 sollemnia
837 2120 973 2184 aut
1001 2116 1153 2184 alia
1182 2117 1302 2184 die
1334 2120 1410 2184 et
1447 2117 1629 2183 hora
1669 2118 1935 2201 quibus
1968 2118 2204 2184 maior
2238 2117 2489 2201 populi
2533 2116 2951 2202 frequentia
2986 2118 3062 2182 in
3099 2117 3409 2184 ecclesia

419 2223 828 2290 habeatur.-

600 2333 633 2413 ξ
680 2332 746 2398 3.
800 2331 881 2399 si
918 2349 1043 2399 sex
1079 2333 1280 2398 intra
1317 2349 1598 2399 menses
1630 2332 2077 2400 candidatus
2116 2337 2497 2416 promotus
2541 2351 2686 2399 non
2723 2331 2978 2414 fuerit,
3028 2332 3413 2417 repetatur

422 2440 849 2523 publicatio,
892 2440 1036 2505 nisi
1072 2440 1276 2506 aliud
1318 2440 1717 2508 Ordinario
1752 2440 2117 2508 videatur.

1706 2617 1885 2684 CAN.
1928 2617 2079 2683 999.

599 2744 869 2810 Omnes
898 2741 1149 2808 fideles
1174 2741 1624 2826 obligatione
1648 2744 1999 2808 tenentur
2027 2740 2553 2824 impedimenta
2583 2739 2679 2806 ad
2709 2757 2960 2807 sacros
2992 2740 3311 2823 ordines,
3348 2742 3410 2808 si

426 2866 570 2932 qua
608 2849 882 2937 norint,
915 2849 1316 2916 Ordinario
1342 2850 1458 2916 vel
1493 2849 1816 2933 parocho
1847 2852 2023 2915 ante
2050 2865 2336 2914 sacram
2372 2847 2911 2916 ordinationem
2951 2849 3321 2916 revelandi
3355 2849 3405 2915 ³.

1685 3034 1862 3102 CAN.
1924 3033 2118 3100 1000.

594 3157 628 3239 ξ
675 3158 742 3223 1.
793 3157 1126 3225 Parocho
1159 3158 1285 3242 qui
1319 3157 1893 3240 publicationem
1934 3156 2248 3241 peragit,
2284 3161 2360 3223 et
2398 3156 2623 3223 etiam
2658 3156 2820 3239 alii,
2857 3157 2923 3223 si
2954 3155 3031 3224 id
3066 3155 3409 3241 expedire

418 3266 785 3347 videatur,
832 3266 1278 3333 ordinarius
1325 3266 1747 3333 committat
1790 3269 1874 3333 ut
1923 3265 2016 3333 de
2056 3266 2635 3333 ordinandorum
2678 3265 3007 3333 moribus
3045 3270 3123 3333 et
3161 3265 3318 3333 vita
3360 3283 3411 3332 a

417 3371 560 3441 fide
600 3373 848 3456 dignis
890 3373 1288 3456 diligenter
1333 3372 1701 3456 exquirat,
1755 3378 1832 3440 et
1874 3373 2169 3441 litteras
2223 3373 2781 3455 testimoniales,
2828 3374 3066 3457 ipsam
3110 3373 3405 3440 investi·

417 3481 786 3565 gationem
824 3486 899 3548 et
934 3480 1506 3565 publicationem
1543 3480 1970 3562 referentes,
2008 3481 2104 3548 ad
2139 3480 2443 3548 Curiam
2489 3481 2957 3548 transmittat
2982 3480 3034 3546 ⁴.

599 3587 633 3669 ἓ
680 3588 747 3655 2.
798 3588 1002 3655 Idem
1041 3587 1487 3656 Ordinarius
1523 3588 1714 3655 alias
1751 3588 2346 3672 percontationes
2382 3589 2605 3656 etia-m
2647 3588 3005 3672 privatas,
3056 3590 3122 3656 si
3167 3590 3245 3657 id
3287 3609 3403 3658 ne·

418 3695 819 3762 cessarium
868 3700 1002 3763 aut
1044 3699 1542 3780 opportunum
1582 3696 2048 3779 iudicaverit,
2089 3696 2335 3764 facere
2385 3714 2475 3764 ne
2515 3696 2838 3765 omittat.

421 3981 545 4032 tius
575 3979 742 4040 XIII,
774 3981 959 4030 const.
994 3993 1025 4027 α
1054 3977 1376 4037 apostonci
1409 3976 1729 4028 ministerii
1761 3992 1809 4040 n,
1851 3977 1916 4030 23
1948 3977 2092 4029 mall
2123 3977 2271 4038 1723,
2309 3978 2336 4039 1
2366 3976 2417 4039 0;
2447 3976 2804 4030 Benedictus
2833 3976 2999 4036 XIII,
3031 3978 3215 4028 const.
3260 3990 3291 4025 ι
3329 3973 3404 4025 In

422 4080 693 4128 supremo
725 4084 774 4129 ιο,
817 4068 882 4121 23
923 4070 1071 4127 sept.
1105 4067 1253 4127 1724,
1291 4067 1318 4128 1
1352 4069 1403 4128 4,
1438 4066 1520 4128 283
1550 4070 1735 4119 const.
1774 4082 1805 4117 ι
1840 4066 2170 4118 Pastorum
2212 4066 2391 4126 offlou
2423 4081 2472 4127 ι,
2510 4066 2576 4117 27
2610 4069 2783 4118 mart.
2820 4064 2968 4125 1720,
3009 4064 3036 4125 1
3072 4064 3124 4125 3:
3157 4063 3403 4116 Benedi-

420 4160 555 4210 ctus
581 4158 732 4218 XIV,
762 4160 947 4209 const.
978 4171 1009 4206 ι
1035 4155 1306 4216 lmpoem
1337 4152 1519 4208 Nobis
1546 4171 1597 4217 υ,
1634 4156 1699 4208 27
1728 4157 1878 4208 tebr.
1908 4156 2056 4218 1747ς
2084 4156 2228 4208 Pius
2254 4156 2319 4215 X,
2350 4158 2513 4208 motu
2542 4166 2735 4216 propr.
2767 4169 2798 4204 ι
2833 4152 3265 4213 Belia-iocorum
3302 4151 3405 4202 Or-

422 4248 626 4302 diuum
658 4260 707 4306 n,
750 4247 817 4299 19
855 4248 1030 4298 mart.
1065 4245 1211 4307 190ος
1244 4243 1304 4298 8.
1340 4243 1405 4297 C.
1441 4246 1546 4305 Ep.
1582 4248 1645 4297 et
1676 4244 1841 4306 Beg„
1880 4243 2188 4303 Caietam,
2222 4244 2288 4297 m
2318 4242 2443 4296 dec.
2480 4242 2628 4305 1588:
2659 4242 2928 4301 Jadren„
2971 4242 3037 4293 17
3071 4244 3218 4302 sept.
3260 4241 3408 4302 100ος

424 4334 662 4385 Ordinato
687 4334 1086 4386 mantuanam
1112 4334 1671 4393 camaldulensium,
1699 4334 1763 4387 13
1793 4335 1897 4386 lul.
1930 4334 2077 4395 173oe
2103 4333 2162 4386 S.
2199 4333 2265 4386 Ο.
2301 4333 2389 4393 0.,
2430 4331 2847 4390 venantum..
2875 4342 3075 4383 mense
3100 4331 3223 4382 dec.
3254 4330 3403 4390 1587,

421 4425 500 4476 ad
526 4425 608 4485 14:
634 4424 789 4477 decr.
818 4425 884 4477 15
909 4427 1083 4488 mart.
1121 4425 1268 4486 1590;
1300 4423 1597 4482 Emona..
1623 4423 1657 4475 2
1683 4427 1746 4477 et
1772 4423 1837 4476 23
1864 4435 2000 4485 aug.
2034 4423 2182 4484 1721,
2219 4422 2298 4476 ad
2326 4423 2376 4484 33
2411 4421 2755 4473 Pontificale
2785 4421 2975 4479 Rom..
3007 4421 3102 4472 tlt.
3137 4418 3224 4469 De
3253 4418 3405 4469 orat-

422 4515 596 4563 uibus
627 4513 1016 4570 conterendis.

602 4613 619 4647 ι
661 4602 831 4653 Cone.
865 4594 1151 4661 Trident„
1186 4614 1328 4653 sess
1360 4602 1573 4663 XXIII,
1615 4603 1686 4652 de
1723 4603 1857 4661 ref„
1888 4613 1938 4653 c.
1970 4602 2020 4662 ὃς
2050 4600 2428 4652 Innocentius
2457 4599 2623 4658 XIII,
2655 4601 2839 4650 const.
2876 4611 2908 4647 ι
2947 4596 3269 4656 Amazones
3301 4595 3402 4644 mi-

424 4694 659 4744 nisterii
691 4708 740 4754 n,
774 4693 838 4744 23
866 4692 1009 4743 maii
1036 4690 1183 4751 1⁷23,
1216 4691 1242 4751 1
1273 4692 1323 4752 0;
1361 4691 1715 4743 Benedictus
1744 4691 1912 4751 XIII,
1942 4693 2129 4743 const.
2164 4705 2195 4740 ι
2222 4689 2295 4740 In
2323 4699 2594 4747 supremo
2633 4702 2682 4747 ιι,
2722 4686 2787 4738 23
2815 4688 2962 4746 sept.
2996 4685 3144 4745 1724,
3181 4685 3208 4746 1
3242 4687 3293 4745 4,
3325 4684 3408 4745 283

420 4787 605 4837 const.
633 4799 664 4833 α
690 4780 1018 4832 Pastor-alio
1041 4781 1215 4840 officii
1246 4796 1296 4840 n,
1328 4781 1392 4832 27
1414 4784 1589 4833 mart.
1615 4780 1762 4840 1720,
1791 4780 1818 4840 1
1842 4779 1894 4841 33
1920 4779 1978 4833 S.
2011 4779 2076 4832 Ο.
2110 4779 2197 4840 0..
2232 4778 2517 4837 ussetan..
2542 4777 2608 4828 20
2631 4788 2763 4826 nov.
2790 4775 2936 4836 1592,
2964 4772 3406 4834 αᾱ.2;-Νιιῑιίιιε,

423 4873 488 4924 10
517 4872 637 4923 lan.
671 4871 819 4932 1595;
846 4870 911 4921 17
939 4871 1057 4921 lan.
1089 4869 1235 4930 1603:
1263 4869 1557 4927 Elborm„
1595 4869 1629 4919 2
1655 4872 1719 4921 et
1742 4868 1811 4920 23
1839 4879 1975 4929 aug.
2006 4867 2155 4928 1721,
2185 4858 2265 4919 ad
2301 4867 2405 4918 1·3.
3276 4861 3277 4864 ’

600 4964 626 4999 2
659 4961 832 5012 Cone.
867 4959 1155 5019 Trident„
1191 4970 1334 5010 sess.
1368 4957 1582 5018 XXIII,
1625 4959 1697 5008 de
1737 4959 1872 5018 res„
1907 4969 1958 5009 c.
1992 4957 2043 5018 5;
2072 4955 2407 5008 Alexander
2437 4954 2573 5015 vu,
2607 4956 2792 5006 const.
2829 4967 2861 5003 ι
2894 4950 3231 5012 Apostolum
3272 4950 3406 5002 solt-

423 5051 620 5101 ouudo
653 5065 703 5111 n,
734 5049 767 5101 7
797 5062 930 5111 aug.
969 5048 1116 5106 1002,
1163 5048 1190 5109 1
1223 5048 1272 5108 2;
1304 5046 1363 5100 S.
1397 5047 1462 5100 Ο.
1495 5047 1583 5108 0..
1617 5045 2032 5100 Mediolanen..
2065 5057 2263 5097 mense
2292 5055 2428 5106 aug.
2463 5043 2611 5104 1587,
2649 5041 2727 5094 ad
2768 5043 2818 5104 43
2856 5040 3142 5098 Mssaten„
3177 5039 3242 5091 27
3272 5050 3401 5100 apr.

422 5139 569 5200 15963
602 5136 1063 5198 Monopolitanm
1101 5137 1166 5189 27
1200 5137 1348 5189 tebr.
1396 5136 1542 5198 1002;
1587 5134 1990 5196 [ewulm—ium,
2031 5134 2097 5187 28
2132 5135 2280 5186 febr.
2318 5132 2466 5195 1002,
2502 5131 2560 5184 S.
2598 5131 2669 5182 R.
2706 5129 2794 5190 O..
2833 5128 3130 5187 Numana,
3168 5131 3231 5180 11
3269 5139 3401 5179 nov.

421 5229 568 5290 1041;
605 5226 949 5279 pontificale
982 5226 1170 5287 Rom..
1202 5226 1297 5278 tlt.
1331 5222 1419 5274 De
1449 5224 1755 5276 ordinibus
1788 5222 2176 5283 conterendis.

603 5319 628 5355 ³
656 5316 998 5368 pontificale
1029 5317 1217 5376 Rom..
1253 5316 1348 5368 tit.
1391 5314 1479 5366 De
1517 5313 1887 5365 ordinacione
1919 5311 2169 5370 diaconi:
2200 5312 2294 5364 tlt.
2331 5309 2418 5359 De
2449 5307 2819 5361 ordinatione
2849 5305 3195 5367 presbyteri.

601 5409 629 5445 ⁴
654 5405 720 5457 C.
754 5405 805 5465 5,
840 5406 910 5455 D.
947 5405 1145 5466 xxw:
1174 5404 1349 5457 conc.
1380 5404 1670 5464 Trident..
1704 5415 1846 5455 sess.
1886 5401 2100 5462 XXIII,
2144 5401 2215 5452 de
2246 5401 2382 5460 ret..
2413 5411 2463 5451 c.
2498 5399 2549 5461 5,
2585 5398 2636 5461 7;
2667 5397 3004 5450 Alexander
3034 5396 3170 5455 vn,
3212 5396 3398 5446 const.

423 5513 454 5548 ι
485 5494 822 5556 apostolica
851 5494 1165 5545 solicitudo
1190 5508 1241 5556 υ,
1274 5493 1308 5545 7
1332 5506 1466 5556 aug.
1495 5493 1644 5554 1002,
1677 5493 1704 5554 1
1729 5492 1779 5549 2:
1805 5490 2150 5544 Pontificale
2184 5489 2372 5550 Rom„
2406 5489 2502 5541 tit.
2532 5488 2620 5539 De
2647 5485 2952 5539 ordinibus
2980 5480 3367 5543 conterendis.
