3753 5871
462 228 569 289 394
1599 239 1794 289 codem
1839 239 1872 289 1
1874 240 2002 291 uris
2042 241 2321 292 canonici

644 420 677 510 ξ
725 420 790 486 2.
841 421 1271 490 Curandum
1312 430 1397 493 ut
1433 427 1512 492 in
1550 429 1954 495 maioribus
1992 432 2439 514 praesertim·
2474 432 2925 500 dioecesibus
2963 435 3136 502 bina
3181 439 3468 505 consti-

463 528 780 593 tuantur
825 528 1283 597 Seminaria:
1346 533 1614 615 minus,
1658 535 1966 617 scilicet,
2012 556 2148 620 pro
2189 539 2440 621 pueris
2490 540 2912 608 litterarum
2959 543 3266 610 scientia
3321 545 3465 611 im·

465 632 800 717 buendis,
843 637 1084 704 maius
1128 657 1264 722 pro
1301 640 1622 708 alumnis
1660 643 2166 726 philosophiae
2201 664 2289 712 ac
2330 647 2735 731 theologiae
2772 651 3207 717 vacantibus
3243 651 3293 717 ².

643 742 677 825 ξ
722 742 788 809 3.
843 745 924 810 Si
945 748 1304 813 constitui
1341 748 1833 817 Seminarium
1866 752 2376 819 dioecesanum
2408 761 2745 839 nequeat,
2777 762 2909 824 aut
2935 757 3015 823 in
3041 760 3469 827 constituto

469 850 882 924 seminario
932 855 1370 951 conveniens
1413 857 1816 940 institutio,
1864 862 2299 941 praesertim
2345 862 2422 927 in
2468 862 2993 946 philosophicis
3036 882 3123 931 ac
3177 866 3463 933 theolo-

465 958 650 1042 gicis
675 960 1118 1043 disciplinis,
1151 963 1635 1046 desideretur,
1677 965 2090 1051 Episcopus
2119 968 2456 1035 alumnos
2492 970 2568 1035 in
2598 971 2920 1037 alienum
2959 972 3466 1040 Seminarium

465 1067 745 1148 mittat,
794 1067 939 1140 nisi
986 1069 1477 1137 Seminarium
1557 1072 2265 1142 interdioecesanum
2343 1078 2457 1143 vel
2528 1078 2921 1161 regionale,
3003 1080 3469 1148 auctoritate

465 1173 897 1256 apostolica,
936 1177 1425 1244 constitutum
1462 1179 1693 1247 fuerit
1725 1180 1776 1247 ².

1741 1339 1919 1405 CAN.
1969 1339 2163 1406 1355.

644 1471 791 1539 Pro
820 1474 1353 1541 constitutione
1397 1475 1795 1543 Seminarii
1837 1482 1913 1545 et
1953 1478 2419 1545 alumnorum
2460 1481 3024 1563 sustentatione,
3063 1480 3129 1548 si
3164 1484 3461 1566 proprii

468 1578 752 1646 reditus
789 1578 1162 1662 deficiant,
1216 1582 1621 1666 Episcopus
1659 1589 1948 1667 potest:
2476 1633 2491 1640 -

727 1689 824 1752 1.⁰
867 1686 1238 1757 Parochos
1266 1690 1541 1757 aliosve
1564 1692 2035 1759 ecclesiarum
2061 1695 2285 1761 etiam
2312 1701 2815 1779 exemptarum
2849 1702 3170 1766 rectores
3199 1698 3466 1767 iubere

470 1799 553 1861 ut
599 1794 820 1863 statis
854 1797 1308 1880 temporibus
1347 1798 1425 1863 in
1463 1800 1770 1866 ecclesia
1805 1801 1899 1867 ad
1941 1802 2134 1868 hunc
2171 1802 2389 1869 finem
2430 1804 2693 1886 stipem
2734 1805 3151 1889 exquirant;

726 1902 825 1969 2.⁰
869 1903 1259 1972 'tributum
1308 1924 1436 1972 seu
1486 1909 1735 1972 tamam
1776 1908 1852 1974 in
1892 1927 2028 1976 sua
2066 1910 2380 1977 dioecesi
2427 1911 2811 1996 imperare;

725 2010 825 2076 3.⁰
871 2009 956 2077 Si
1004 2012 1180 2079 haec
1229 2031 1376 2080 non
1426 2014 1818 2092 sufficiant,
1869 2017 2280 2085 attribuere
2333 2018 2748 2086 Seminario
2796 2020 3053 2105 aliqua
3098 2019 3466 2089 beneficia

464 2117 832 2202 simplicia
868 2118 895 2155 ²
1078 2159 1092 2190 ι

1735 2232 1912 2300 CAN.
1963 2232 2158 2300 1356.

642 2370 677 2453 ξ
724 2372 790 2435 1.
843 2370 1153 2438 Tributo
1208 2389 1345 2455 pro
1403 2371 1816 2440 Seminario
1864 2373 2182 2440 obnoxia
2226 2377 2426 2456 sunt,
2480 2375 2739 2459 quavis
2795 2375 3295 2458 appellatione
3342 2394 3453 2442 re·

466 2482 691 2560 mota,
747 2479 1144 2563 reprobata
1204 2479 1532 2565 qualibet
1578 2480 1962 2547 contraria
2007 2481 2541 2549 consuetudine
2590 2485 2666 2550 et
2714 2483 3073 2567 abrogato
3122 2482 3456 2568 quolibet

462 2586 841 2654 contrario
879 2586 1292 2672 privilegio,
1332 2605 1583 2654 mensa
1619 2587 2086 2672 episcopalis,
2136 2590 2382 2656 omnia
2423 2589 2772 2657 beneficia
2809 2589 3032 2658 etiam
3076 2589 3459 2675 regularia

463 2699 599 2762 aut
647 2693 1305 2778 iurispatronatus,
1350 2695 1731 2778 paroeciae
1773 2700 1909 2764 aut
1959 2696 2610 2780 quasi-paroeciae,
2660 2696 2991 2781 quamvis
3030 2697 3219 2765 alios
3262 2697 3451 2765 redi·

464 2806 614 2885 tus,
660 2805 957 2885 praeter
991 2801 1317 2869 fidelium
1356 2803 1790 2887 oblationes,
1829 2822 1975 2871 non
2013 2804 2359 2887 habeant,
2405 2804 2667 2871 domus
2703 2804 3095 2889 hospitalis
3129 2805 3451 2872 auctori·

464 2912 621 2978 tate
649 2909 1150 2978 ecclesiast-ica-
1178 2915 1448 2991 erecta,
1480 2911 1915 2979 sodalitates
1941 2912 2292 2980 canonice
2321 2916 2606 2981 erectae
2637 2915 2714 2981 et
2749 2911 3077 2980 fabricae
3114 2911 3450 2980 ecclesia·

466 3036 656 3101 rum,
700 3019 765 3085 si
806 3037 979 3086 suos
1030 3018 1312 3087 reditus
1354 3020 1697 3099 habeant,
1743 3020 2112 3104 quaelibet
2160 3020 2504 3105 religiosa
2546 3020 2832 3102 domus,
2886 3020 3029 3088 etsi
3080 3025 3448 3105 exempta,

465 3127 611 3194 nisi
647 3127 826 3193 solis
854 3126 1330 3213 eleemosynis
1356 3127 1558 3196 vivat
1589 3128 1827 3196 autin
1858 3146 1945 3196 ea
1974 3127 2364 3214 collegium
2401 3128 2844 3196 discentium
2882 3128 2997 3195 vel
3026 3127 3451 3196 docentium

464 3234 554 3300 ad
596 3252 977 3303 commune
1009 3234 1383 3302 Ecclesiae
1417 3235 1684 3303 bonum
1729 3236 2301 3319 promovendum
2337 3240 2511 3304 actu
2546 3235 2909 3303 habeatur
2939 3233 2994 3302 ⁴.

644 3479 666 3514 ¹
704 3478 849 3530 Plus
872 3478 970 3538 IX,
995 3489 1086 3540 ep.
1113 3479 1330 3539 encycl.
1361 3492 1392 3526 ι
1416 3476 1619 3529 Noetu
1650 3480 1709 3528 et
1743 3475 2056 3528 Nobiscum
2082 3493 2131 3537 n,
2157 3477 2193 3529 8
2216 3476 2339 3528 dec.
2368 3477 2514 3539 18493
2540 3477 2655 3529 Leo
2688 3476 2855 3536 xm,
2885 3475 3003 3528 utt.
3029 3474 3249 3535 encycl.
3279 3487 3311 3523 ι
3338 3472 3449 3521 De·

467 3569 599 3629 puto
628 3569 681 3620 le
705 3568 848 3627 jour
873 3584 921 3629 »‚
954 3568 988 3620 8
1022 3570 1170 3628 sept.
1201 3568 1346 3628 189oe
1376 3566 1433 3620 S.
1467 3567 1532 3620 Ο.
1565 3567 1841 3628 Οοοείεῐ.,
1874 3569 1993 3620 lltt.
2024 3569 2346 3619 circumi-es
2374 3567 2440 3619 16
2477 3568 2580 3618 lul.
2622 3566 2771 3626 1912,
2802 3578 2861 3617 n.
2892 3566 2942 3627 1;
2976 3563 3035 3617 S.
3069 3563 3134 3616 C.
3167 3563 3241 3615 de
3272 3563 3445 3623 Pron.

468 3658 631 3719 mdc,
666 3659 838 3710 instr.
883 3658 984 3716 (ad
1015 3659 1139 3709 Vic.
1177 3658 1283 3718 Ap.
1322 3657 1493 3719 Sin),
1535 3658 1601 3710 18
1638 3661 1752 3710 oct.
1788 3657 1937 3719 1883,
1970 3670 2030 3709 n.
2068 3658 2169 3718 lv,
2204 3657 2254 3708 2.

651 3751 677 3788 ²
704 3749 877 3800 Oonc.
917 3748 1204 3808 Trident„
1239 3760 1380 3800 sess.
1411 3749 1624 3809 XXIII,
1656 3746 1727 3798 de
1756 3750 1892 3808 ret„
1922 3760 1971 3798 c.
2004 3749 2086 3809 18;
2116 3748 2174 3800 S.
2206 3747 2273 3799 Ο.
2306 3747 2380 3799 de
2411 3748 2581 3807 Prop.
2625 3745 2788 3805 Fide,
2829 3745 3001 3797 Instr.
3044 3742 3147 3804 (ad
3180 3742 3304 3795 vic.
3336 3744 3445 3802 Ap.

469 3838 641 3901 Sin),
670 3839 737 3891 18
763 3842 876 3891 oct.
907 3838 1055 3899 1888,
1089 3852 1146 3890 n.
1180 3839 1278 3899 IV,
1309 3839 1358 3899 ὃς
1388 3838 1504 3891 litt.
1542 3840 1761 3899 encycl.
1809 3839 1915 3899 (ad
1944 3838 2050 3899 Ep.
2084 3837 2356 3897 Indum),
2389 3835 2455 3889 28
2482 3848 2616 3897 aug.
2650 3835 2798 3888 18⁹3.

649 3932 674 3968 ³
704 3930 876 3980 Cone.
911 3928 1197 3987 Trident„
1232 3940 1372 3979 sess.
1410 3929 1623 3988 XXIII,
1668 3931 1739 3979 ae
1769 3928 1905 3986 ret„
1938 3939 1988 3979 c.
2022 3927 2105 3989 18;
2139 3927 2492 3980 Benedictus
2523 3926 2689 3986 XIII,
2724 3928 2908 3977 const.
2954 3939 2984 3974 α
3028 3922 3302 3976 Creditus
3336 3921 3446 3973 No·

470 4020 559 4070 bis
584 4035 631 4080 n,
660 4022 694 4072 9
715 4020 858 4071 mall
882 4019 1027 4080 1725,
1053 4020 1080 4081 3
1104 4019 1153 4079 2,
1184 4020 1234 4079 5;
1262 4018 1614 4071 Benedictus
1644 4019 1795 4078 XIV,
1827 4021 2013 4070 const.
2042 4032 2074 4069 ι
2100 4019 2190 4068 Λα
2216 4016 2532 4069 militantis
2559 4031 2607 4076 n,
2632 4017 2700 4067 30
2724 4019 2900 4068 mart.
2932 4015 3080 4074 1742,
3111 4014 3138 4075 1
3173 4014 3255 4075 δίς
3285 4012 3345 4067 S.
3379 4012 3445 4065 Ο.

468 4109 575 4170 Bp.
606 4113 668 4162 et
697 4110 860 4171 Reg„
893 4109 1237 4166 Rossanen„
1272 4110 1336 4160 15
1363 4112 1538 4161 mart.
1570 4108 1716 4170 1580:
1745 4108 2140 4167 surana-mna,
2174 4108 2240 4160 w
2274 4120 2408 4168 aug.
2439 4107 2587 4167 16⁰1:
2624 4105 2963 4164 Tantam„
2991 4106 3058 4156 15
3086 4106 3263 4155 mart.
3294 4103 3444 4163 1830,

465 4200 544 4253 ad
576 4202 626 4260 4,
657 4200 708 4262 5;
741 4199 799 4251 S.
832 4199 897 4251 Ο.
931 4199 1018 4259 0.,
1054 4199 1411 4257 Cremonen„
1444 4210 1500 4250 a.
1541 4199 1688 4257 1581,
1731 4199 1805 4251 ad
1839 4199 1975 4260 VII;
2007 4197 2432 4258 caputaquen„
2465 4210 2664 4250 mense
2693 4210 2829 4260 aug.
2866 4197 3014 4259 1586,
3048 4197 3126 4249 ad
3165 4198 3219 4258 13
3252 4196 3441 4247 sater-

467 4291 696 4348 suana,
734 4301 932 4341 mense
964 4291 1065 4341 lul.
1098 4289 1244 4349 1589,
1275 4289 1353 4341 ad
1379 4290 1428 4350 ‘st
1458 4288 1861 4349 Albinnum„
1891 4289 1957 4340 21
1988 4289 2110 4341 lun.
2150 4289 2298 4347 1596,
2338 4288 2415 4340 ad
2447 4288 2497 4350 33
2528 4287 2795 4345 Samen„
2825 4288 2891 4341 23
2921 4290 3070 4349 sept.
3103 4287 3250 4346 1506,
3287 4286 3367 4339 ad
3398 4289 3447 4348 1,·

468 4382 800 4435 cartonen„
832 4379 898 4429 22
928 4391 1045 4430 lan.
1081 4380 1226 4430 1628.

644 4474 673 4509 ⁴
705 4471 878 4521 Cone.
911 4469 1196 4528 Trident„
1232 4481 1372 4520 sess.
1410 4469 1623 4527 xx111.
1667 4470 1738 4519 ao
1769 4469 1904 4527 ref„
1939 4481 1987 4520 c.
2024 4470 2104 4530 18;
2138 4470 2491 4522 Benedictus
2525 4471 2687 4529 XIII.
2723 4474 2907 4522 const.
2953 4486 2984 4520 «ι
3028 4469 3302 4521 credi-tae
3336 4467 3443 4518 No·

470 4559 558 4611 bis
587 4575 615 4609 υ
665 4563 699 4612 9
725 4559 871 4610 maii
898 4559 1046 4618 1725,
1077 4559 1102 4619 5
1140 4559 1189 4619 2;
1222 4559 1575 4611 Benedictus
1601 4559 1753 4619 xlv,
1782 4562 1969 4613 const.
2004 4574 2034 4609 α
2071 4561 2160 4610 Aa
2196 4558 2515 4611 militantis
2548 4575 2594 4619 »,
2625 4561 2691 4611 30
2722 4563 2895 4612 mart.
2928 4560 3074 4619 1742,
3109 4559 3136 4619 1
3167 4560 3250 4620 34:
3282 4559 3341 4610 S.
3375 4559 3438 4610 Ο.

469 4651 571 4710 Ep.
607 4656 670 4702 et
699 4650 864 4711 neg„
900 4648 1309 4708 Saeculum„
1341 4649 1407 4700 19
1437 4661 1573 4711 aug.
1611 4649 1757 4710 157&
1795 4647 2110 4710 Nepesina,
2143 4651 2208 4701 10
2238 4662 2369 4701 nov.
2404 4650 2550 4710 15793
2586 4649 3011 4709 Caputaquen„
3055 4651 3119 4699 14
3149 4653 3262 4701 oct.
3300 4648 3445 4711 168oe

469 4740 863 4797 Terrae-luen„
892 4740 1083 4791 261111.
1116 4739 1262 4801 1593:
1285 4738 1451 4803 Euyu
1463 4739 1614 4798 bina,
1646 4742 1677 4791 1
1711 4744 1885 4792 mart.
1923 4740 2069 4801 1805;
2100 4739 2157 4792 S.
2189 4740 2253 4793 G.
2283 4740 2371 4800 0.,
2407 4740 2847 4799 Panormitano,
2886 4753 3084 4793 mense
3112 4746 3259 4802 sept.
3294 4742 3441 4803 1585,

465 4830 543 4881 ad
578 4831 626 4889 1;
662 4828 939 4886 Civitatis
973 4828 1208 4888 Renoua
1243 4830 1305 4878 in
1340 4827 1529 4881 lnam
1580 4828 1896 4891 (Limane),
1937 4841 2134 4882 mense
2169 4830 2316 4882 febr.
2353 4830 2500 4888 1586,
2538 4830 2615 4882 ad
2657 4830 2739 4890 32
2785 4829 3211 4890 ennumquam,
3247 4844 3445 4884 mense

468 4923 571 4972 lul.
600 4920 746 4979 1586,
772 4921 850 4971 ad
872 4922 922 4981 13
947 4920 1274 4978 Hieracem,
1302 4932 1498 4972 mense
1522 4924 1695 4973 mart.
1730 4921 1879 4973 1587.
1906 4921 1984 4973 ad
2016 4922 2063 4979 1:
2094 4920 2444 4976 Messenen..
2473 4931 2671 4970 mense
2697 4920 2818 4971 dec.
2850 4921 2996 4981 1587:
3030 4921 3442 4979 Audemus-en„

464 5012 532 5064 80
558 5014 731 5061 mart.
764 5010 910 5069 15943
935 5010 1295 5069 Atrebatem,
1325 5012 1359 5062 9
1387 5015 1533 5071 sept.
1572 5012 1718 5073 1594}
1753 5011 2187 5068 Beneventano,
2216 5002 2455 5069 13'sept.
2491 5010 2636 5069 1595;
2674 5008 3025 5068 Messenen„
3064 5011 3097 5062 2
3126 5024 3260 5073 ang.
3294 5012 3441 5071 1506,

467 5101 543 5153 ad
577 5100 627 5159 2,
660 5102 709 5158 4,
741 5101 791 5159 5:
829 5100 1154 5158 Octauiam,
1189 5100 1253 5153 20
1287 5104 1460 5153 mart.
1500 5102 1647 5162 15973
1688 5101 1994 5158 maulam,
2040 5100 2106 5153 20
2141 5102 2261 5153 lun.
2301 5101 2446 5162 1597:
2482 5100 2857 5160 Derthusen„
2896 5106 2962 5155 11
3007 5116 3143 5167 ang.
3174 5105 3321 5167 16053
3357 5105 3422 5155 Si

465 5192 664 5250 onina,
700 5191 766 5243 18
798 5202 927 5243 nov.
968 5190 1111 5251 1628:
1146 5190 1440 5251 Sabinou..
1477 5191 1543 5244 23
1585 5192 1706 5243 lun.
1747 5192 1894 5252 1040,
1931 5192 2010 5245 ad
2042 5192 2093 5250 3.
2125 5192 2175 5254 4;
2208 5189 2514 5252 Nan-nien„
2560 5193 2593 5243 2
2635 5204 2785 5253 apr..
2816 5192 2884 5246 28
2910 5195 3057 5245 mail
3087 5195 3234 5256 1001:
3270 5193 3442 5244 Foro-

465 5283 873 5341 sempmnien„
901 5281 1106 5333 281an.
1137 5282 1280 5343 1662;
1309 5280 1672 5341 υνυωαισπ..
1700 5283 1765 5335 10
1795 5288 1970 5335 mart.
2006 5282 2154 5343 1663,
2182 5283 2262 5335 ad
2285 5283 2367 5345 13;
2393 5282 2818 5343 ennumquam,
2849 5284 2915 5337 29
2946 5297 3082 5347 aug.
3114 5284 3262 5344 1682,
3291 5285 3371 5336 ad
3396 5281 3445 5345 1:

467 5374 870 5430 caesenaten„
903 5373 966 5423 19
995 5384 1119 5432 apr.
1154 5372 1299 5433 1704,
1332 5372 1398 5425 27
1429 5373 1549 5425 lun.
1590 5372 1736 5434 1705:
1770 5373 2188 5430 luter-omnen„
2219 5375 2285 5424 11
2314 5373 2456 5424 mall
2491 5373 2638 5433 1720:
2680 5373 2999 5429 Veliterno,
3041 5374 3105 5424 24
3139 5386 3263 5434 apr.
3298 5373 3443 5432 1723:
