3753 5871
1286 292 1459 344 Liber
1488 294 1726 345 Tertius
1760 319 1780 330 ·
1815 293 1905 344 Do
1944 294 2142 346 Rebus
3124 294 3232 353 263

1534 511 1709 578 CAN.
1751 511 1904 578 919.

422 652 457 734 ξ
504 655 570 718 1.
620 652 869 720 Novae
902 652 1434 737 indulgentiae,
1479 652 1807 719 ecclesiis
1840 653 2066 719 etiam
2105 650 2557 736 regularium
2598 669 3009 734 concessae,
3049 668 3234 735 quae

247 762 525 829 Romae
548 762 1061 847 promulgatae
1094 779 1240 828 non
1274 761 1559 842 sint,ne
1587 759 2992 844 pervulgentur,inconsultoOrdinario
3024 758 3166 825 loci
3186 755 3234 823 ².

421 870 455 952 ξ
502 870 569 936 2.
620 871 711 936 In
746 869 1047 938 edendis
1079 869 1315 936 libris,
1350 868 1648 951 libellis,
1686 872 1855 951 etc„
1905 868 2172 952 quibus
2202 867 2707 935 concessiones
2739 866 3230 951 indulgentia·

245 996 410 1044 rum
466 995 605 1061 pro
657 977 888 1044 variis
942 976 1284 1060 precibus
1328 981 1463 1043 aut
1508 975 1654 1060 piis
1701 976 2048 1059 operibus
2095 978 2591 1057 recensentur,
2644 978 2978 1042 servetur
3027 992 3230 1058 prae-

242 1084 605 1167 scriptum
649 1101 815 1151 can.
856 1083 1051 1152 1388.

1542 1217 1720 1285 CAN·
1771 1216 1925 1283 920.

422 1360 569 1440 Qui
608 1379 656 1427 a
699 1360 1001 1428 Summo
1041 1358 1403 1427 Pontifice
1441 1357 2008 1442 impetraverint
2047 1355 2681 1440 indulgentiarum
2731 1356 3236 1424 concessiones

243 1485 383 1553 pro
412 1467 753 1536 omnibus
782 1467 1149 1549 fidelibus,
1191 1466 1644 1550 obligatione
1672 1468 2048 1547 tenentur,
2087 1465 2224 1531 sub
2255 1482 2490 1549 poena
2533 1463 2910 1532 nullitatis
2948 1463 3237 1549 gratiae

241 1576 612 1657 obtentae,
643 1574 1075 1643 authentica
1103 1573 1553 1658 exemplaria
1579 1573 1977 1641 earundem
2006 1572 2558 1640 concessionum
2588 1571 2684 1638 ad
2717 1570 3019 1638 Sacram
3057 1570 3231 1639 Poe-

242 1682 755 1750 nitentiariam
794 1680 1175 1749 deferendi
1203 1681 1256 1749 ².

1535 1820 1714 1888 CAN.
1756 1819 1910 1886 921.

419 1963 453 2045 ξ
500 1965 567 2029 1.
618 1963 1095 2049 Indulgentia
1146 1963 1485 2047 plenaria
1542 1980 1891 2031 concessa
1951 1980 2087 2046 pro
2136 1961 2352 2029 festis
2401 1959 2706 2026 Domini
2757 1957 3018 2025 Nostri
3067 1956 3238 2023 Iesu

242 2068 532 2138 Christi
569 2071 686 2139 vel
717 2089 854 2156 pro
884 2071 1101 2139 testis
1136 2072 1414 2139 Beatae
1456 2071 1740 2139 Mariae
1779 2069 2134 2155 Virginis,
2169 2066 2624 2153 intelligitur
2653 2082 2999 2133 concessa
3033 2062 3235 2130 dum·

238 2181 457 2246 taxat
494 2196 632 2263 pro
659 2178 877 2246 festis
912 2198 1097 2264 quae
1128 2180 1208 2246 in
1246 2179 1676 2247 calendario
1709 2179 2114 2248 universali
2149 2179 2624 2263 reperiuntur
2655 2183 2706 2248 ³.

423 2285 459 2368 ξ
505 2285 571 2352 2.
622 2286 989 2355 Concessa
1029 2287 1495 2372 indulgentia
1537 2288 1878 2371 plenaria
1926 2287 2043 2356 vel
2088 2288 2436 2374 partialis
2480 2288 2617 2374 pro
2657 2291 2873 2359 festis
2925 2292 3234 2375 Aposto-

240 2394 509 2478 lorum,
547 2395 1000 2481 intelligitur
1031 2413 1378 2464 concessa
1409 2395 1803 2463 dumtaxat
1839 2414 1977 2480 pro
2019 2415 2271 2464 eorum
2306 2397 2502 2466 testo
2541 2398 2779 2464 natali
2810 2397 2863 2465 ⁴.

423 2502 458 2584 ξ
504 2502 571 2570 3.
622 2502 1101 2588 Indulgentia
1153 2502 1487 2588 plenaria
1534 2521 1884 2572 concessa
1930 2507 2017 2572 ut
2074 2503 2507 2588 quotidiana
2560 2509 2920 2590 perpetua
2976 2506 3094 2574 vel
3142 2507 3236 2571 ad

240 2613 535 2694 tempus
566 2596 1048 2678 visitantibus
1086 2611 1414 2696 aliqua-m
1453 2611 1835 2679 ecclesiam
1869 2613 1987 2679 vel
2028 2611 2405 2696 publicum
2440 2613 2850 2681 oratorium
2883 2613 2996 2682 ita
3027 2615 3237 2683 intel·

237 2717 543 2805 ligenda
577 2724 691 2788 est
736 2722 822 2787 ut
869 2736 1302 2804 quacunque
1334 2719 1481 2799 die,
1521 2718 1647 2786 sed
1686 2719 1913 2787 semel
1945 2723 2243 2787 tantum
2279 2721 2360 2787 in
2407 2739 2630 2806 anno,
2670 2722 2764 2789 ab
2801 2740 3240 2806 unoquoque

238 2824 443 2895 fideli
477 2825 766 2911 acquiri
808 2826 1069 2911 possit,
1111 2827 1256 2894 nisi
1299 2826 1507 2894 aliud
1550 2827 1629 2894 in
1663 2826 1962 2896 decreto
1997 2845 2336 2911 expresse
2368 2827 2668 2896 dicatur
2693 2828 2746 2894 ⁵.

1536 2997 1714 3065 CAN.
1769 2998 1922 3066 922.

420 3140 941 3226 Indulgentiae
980 3139 1309 3209 adnexae
1343 3139 1560 3208 testis
1593 3139 1710 3207 vel
1756 3140 1992 3207 sacris
2029 3138 2701 3224 supplicationibus
2746 3138 2862 3206 vel
2899 3139 3240 3223 precibus
3325 3224 3331 3230 ι

240 3248 831 3333 novendialibus,
860 3248 1329 3333 septenariis,
1364 3247 1764 3331 triduanis,
1796 3265 1983 3332 quae
2008 3240 2184 3315 ante
2206 3251 2343 3315 aut
2369 3251 2540 3332 post
2563 3241 2838 3315 festum
2864 3247 2981 3315 vel
3015 3246 3238 3314 etiam

238 3355 405 3424 eius
446 3356 826 3423 octavario
876 3355 1328 3441 perdurante
1371 3358 1857 3441 peraguntur,
1915 3355 2329 3423 translatae
2371 3355 2901 3440 intelliguntur
2943 3354 3023 3422 in
3070 3373 3235 3423 eum

236 3463 464 3548 diem,
505 3482 651 3549 quo
682 3464 877 3532 testa
913 3463 1335 3531 huiusmodi
1370 3463 1695 3549 legitime
1730 3463 2314 3544 transferantur,
2354 3463 2420 3529 si
2463 3463 2738 3530 festum
2785 3463 3236 3530 translatum

239 3572 515 3641 habeat
552 3570 867 3638 officium
908 3590 1075 3638 cum
1118 3567 1348 3639 Missa
1390 3572 1549 3639 sine
1598 3570 2096 3638 sollemnitate
2137 3576 2212 3638 et
2263 3575 2571 3638 externa
2607 3570 3102 3638 celebratione
3150 3590 3238 3638 ac

238 3678 647 3748 translatio
682 3678 817 3746 flat
854 3680 936 3746 in
984 3682 1448 3764 perpetuum,
1490 3679 1609 3746 vel
1645 3678 1713 3745 si
1752 3678 2258 3746 transferatur
2302 3678 2454 3745 sive
2492 3679 2588 3746 ad
2634 3682 2925 3762 tempus
2966 3679 3120 3747 sive
3159 3679 3236 3746 in

232 3791 677 3870 perpetuum
721 3786 1180 3854 sollemnitas
1212 3792 1289 3855 et
1321 3792 1626 3856 externa
1660 3789 2064 3859 celebratio
2100 3793 2150 3862 ⁸.

424 4015 449 4051 ²
484 4014 658 4067 Cone.
700 4015 988 4075 Trident„
1032 4028 1175 4068 sess.
1228 4016 1376 4075 XXI,
1431 4018 1501 4067 de
1542 4018 1677 4077 res„
1727 4030 1777 4069 c.
1819 4019 1869 4080 9;
1908 4019 2177 4071 Clemens
2219 4020 2386 4081 VIII,
2429 4023 2613 4073 const.
2658 4037 2688 4071 α
2734 4021 3140 4081 Quaecumque
3187 4039 3234 4081 ιι,

238 4104 277 4154 7
307 4104 430 4155 dec.
465 4103 613 4164 1604,
646 4104 673 4166 ς
702 4104 753 4166 7;
783 4105 842 4157 S.
873 4105 939 4157 C.
975 4103 1033 4156 S.
1067 4103 1183 4157 Off.
1228 4105 1690 4167 (Memnona),
1730 4107 1763 4158 8
1794 4108 1898 4159 lul.
1933 4107 2081 4169 1846,
2115 4108 2192 4160 ad
2222 4110 2272 4165 1:
2305 4108 2364 4161 S.
2397 4110 2462 4161 O.
2495 4109 2583 4169 0..
2617 4109 2931 4169 Aquilam,
2963 4112 3029 4164 10
3067 4113 3232 4171 mail,

237 4192 276 4242 7
302 4195 363 4244 et
386 4192 453 4243 21
482 4193 605 4244 iun.
640 4193 788 4254 1760,
816 4193 894 4245 ad
926 4196 976 4255 1;
1001 4194 1059 4246 S.
1092 4194 1157 4246 C.
1191 4195 1446 4256 Indulg„
1476 4195 1904 4254 Caloedonien„
1933 4199 1964 4248 1
1991 4197 2094 4248 iul.
2123 4197 2271 4259 1839,
2300 4197 2380 4249 ad
2408 4198 2457 4259 63
2491 4197 2667 4250 Urbis
2695 4202 2753 4250 et
2787 4199 2979 4258 Orbis,
3009 4202 3075 4252 14
3104 4213 3229 4262 apr.

236 4273 391 4341 1850:
428 4279 603 4331 Urbis
638 4285 697 4332 et
737 4280 929 4339 Orbis,
968 4282 1033 4334 25
1067 4295 1201 4345 aug.
1237 4283 1387 4343 1897,
1425 4284 1502 4336 ad
1539 4285 1587 4346 1;
1620 4284 1778 4336 Ordo
1814 4284 2142 4337 servandus
2188 4287 2250 4337 in
2289 4285 2347 4338 S.
2396 4286 2979 4350 congregationibus,
3029 4289 3232 4342 Tribu-

238 4371 500 4430 nalibus,
528 4370 746 4423 Officiis
770 4372 1071 4424 Romanae
1098 4371 1336 4433 Curiae,
1370 4374 1436 4425 m
1462 4377 1607 4434 sept.
1642 4374 1791 4434 1908,
1820 4375 1969 4425 Pars
1993 4375 2075 4435 11,
2105 4375 2358 4428 Normae
2384 4377 2730 4436 peculiares,
2758 4390 2884 4439 cap.
2918 4378 3036 4438 111,
3066 4391 3124 4429 n.
3157 4380 3230 4428 4⁰.

421 4461 450 4499 2
491 4460 632 4512 Pius
672 4461 738 4521 X,
781 4465 943 4513 motu
987 4473 1179 4522 propr.
1222 4477 1252 4511 ι
1294 4461 1437 4510 Cum
1477 4474 1583 4522 per
1620 4463 1987 4521 apostolicas
2028 4480 2076 4523 w,
2117 4465 2149 4516 7
2188 4477 2313 4524 apr.
2366 4465 2514 4532 1910,
2557 4478 2614 4516 n.
2667 4467 2821 4526 10-30,
2874 4466 2949 4528 5ος
2991 4466 3233 4518 Benedi-

239 4551 379 4601 ctus
406 4549 525 4610 ΧΥ,
567 4552 729 4602 motu
769 4561 964 4610 propr.
999 4565 1029 4600 α
1062 4549 1538 4609 Quandoquidem
1575 4566 1624 4611 n,
1657 4553 1723 4603 16
1755 4555 1902 4613 sept.
1939 4554 2087 4614 1915;
2121 4552 2179 4605 S.
2223 4553 2287 4606 C.
2328 4554 2583 4615 Indulg„
2619 4554 2686 4606 28
2716 4554 2834 4605 ian.
2870 4555 3016 4616 175oe
3058 4553 3231 4605 Urbis

237 4641 304 4689 et
342 4636 534 4695 Orbis,
570 4640 636 4689 14
668 4650 779 4699 apr
831 4639 978 4700 185&
1011 4638 1169 4691 Ordo
1202 4640 1528 4692 servandus
1564 4643 1624 4691 in
1663 4640 1721 4693 S.
1759 4642 2343 4702 congregationibus,
2380 4643 2818 4702 Tribunalibus‚
2868 4643 3085 4695 Officiis
3123 4644 3231 4694 Ro·

237 4738 455 4780 manae
491 4727 726 4787 Curiae,
768 4728 833 4780 29
863 4731 1010 4788 sept.
1045 4729 1193 4789 1908,
1229 4729 1378 4780 Pars
1418 4730 1501 4784 11.
1534 4729 1786 4782 Normae
1817 4731 2164 4790 peculiares,
2199 4742 2326 4790 cap.
2361 4730 2496 4791 vn,
2531 4733 2645 4782 art.
2685 4731 2733 4790 1,
2769 4744 2825 4781 n.
2859 4732 2933 4783 80.

421 4819 448 4856 ³
482 4816 540 4868 s.
575 4816 640 4869 o.
680 4817 933 4879 ruduig„
975 4816 1148 4868 ortu
1180 4822 1238 4869 et
1275 4818 1467 4877 orma,
1499 4818 1566 4871 18
1596 4822 1742 4879 sept.
1778 4819 1929 4878 1862,
1962 4818 2040 4870 aa
2073 4821 2122 4879 1,
2166 4819 2216 4870 3.
2626 4801 2630 4805 '

417 4910 449 4946 ⁴
483 4906 540 4958 Β.
578 4906 643 4958 C.
681 4907 934 4967 Indulg„
985 4906 1157 4958 Urbis
1198 4911 1257 4958 et
1294 4907 1485 4966 Orbis,
1528 4909 1594 4959 18
1625 4911 1772 4969 sept.
1807 4907 1956 4970 1862,
1993 4908 2070 4960 ad
2102 4908 2152 4960 5.

420 5000 449 5036 ⁸
481 4995 539 5048 S.
578 4996 643 5048 Ο.
684 4996 936 5058 Indulg„
973 4996 1351 5053 Mac-craten„
1385 4997 1451 5048 15
1482 5001 1657 5050 mart.
1693 4997 1839 5050 1852.

422 5088 450 5125 ⁸
483 5085 542 5137 Β.
574 5086 639 5138 C.
680 5086 738 5138 S.
775 5086 890 5138 Off.
942 5086 1119 5144 (sect.
1170 5087 1244 5138 de
1290 5087 1570 5148 Indulg.),
1612 5087 1765 5139 decr.
1809 5088 1874 5139 13
1924 5088 2044 5139 lun.
2086 5088 2232 5149 1912,
2274 5088 2351 5139 ad
2394 5089 2563 5150 1-111;
2610 5088 2787 5147 (sect.
2831 5089 2902 5141 de
2945 5089 3224 5150 Indulg.),

235 5177 395 5228 decr.
430 5178 496 5227 14
529 5176 654 5228 dec.
689 5176 834 5238 191oe
867 5177 925 5228 S.
961 5176 1026 5228 C.
1067 5176 1321 5238 Indulg„
1368 5176 1704 5234 Warmien„
1741 5178 1806 5228 12
1838 5177 1961 5228 dec.
1999 5177 2146 5239 17313
2178 5176 2437 5237 Beloica,
2472 5177 2505 5229 8
2537 5179 2686 5230 febr.
2721 5178 2870 5239 1762,
2917 5179 2993 5230 ad
3036 5180 3086 5240 13
3122 5177 3225 5230 Ca·

237 5277 551 5325 nemeen„
590 5267 656 5317 22
703 5268 874 5328 febr„
927 5267 990 5317 12
1029 5268 1131 5318 lul.
1173 5267 1321 5328 1847,
1364 5266 1441 5318 ad
1479 5268 1528 5328 45
1573 5265 1963 5325 Valentinos„
2005 5267 2071 5318 12
2113 5267 2215 5318 lul.
2271 5267 2419 5328 1847,
2464 5267 2542 5319 ad
2582 5269 2633 5329 15
2675 5266 2962 5326 Briooen„
3004 5268 3038 5319 0
3079 5268 3225 5319 mail

234 5357 387 5416 1852,
422 5357 502 5409 ad
535 5357 586 5418 1,
624 5357 674 5419 33
713 5357 887 5407 Urbis
922 5361 978 5407 et
1017 5356 1209 5414 Orbis,
1243 5358 1277 5408 9
1311 5369 1442 5417 aug.
1481 5356 1626 5419 18523
1660 5356 1928 5415 lanuen„
1976 5356 2040 5408 12
2080 5358 2194 5407 lun.
2236 5357 2382 5416 1878,
2430 5356 2508 5407 ad
2545 5358 2596 5414 1,
2630 5356 2678 5418 2;
2728 5355 2900 5407 Urbis
2937 5359 2995 5405 et
3032 5355 3223 5414 Orbis,

234 5445 307 5498 m
346 5446 496 5501 febr.
533 5446 680 5498 1917.
