3753 5871
572 212 684 271 620
1709 214 1937 293 codes„
1950 214 2114 267 luris
2153 214 2434 268 canonici

1834 456 2013 525 CAN.
2064 457 2262 525 2301.

752 597 1197 665 Ordinarius
1242 598 1498 682 nequit
1533 600 2032 683 praescribere
2067 605 2154 667 ut
2196 600 2510 668 clericus
2542 605 2746 669 certo
2783 602 2861 668 in
2905 602 3092 685 loco,
3137 606 3367 669 extra
3404 602 3555 669 fines

495 700 503 707 ’
576 723 753 773 suae
791 706 1168 787 dioecesis,
1207 712 1724 789 commoretur,
1776 708 1923 774 nisi
1959 708 2262 776 accedat
2307 727 2706 776 consensus
2747 710 3137 777 ordinarii
3182 710 3402 777 illins
3438 712 3553 777 loci

577 814 690 879 vel
737 817 1007 896 agatur
1054 814 1147 882 de
1195 813 1410 881 domo
1457 816 1956 898 poenitentiae
2016 835 2142 883 seu
2192 816 2726 884 emendationis
2771 817 3064 884 clericis
3128 836 3289 885 non
3341 818 3555 885 solun

571 920 1048 1002 dioecesanis,
1075 921 1200 988 sed
1231 922 1454 988 etiam
1481 923 1856 990 extraneis
1878 923 2277 1006 destinata,
2311 927 2448 991 aut
2469 924 2561 992 de
2579 923 2797 1049 domo
2820 924 3175 1009 religiosa
3207 931 3557 1010 exempta.

575 1027 970 1111 Superiore
1001 1026 1324 1095 eiusdem
1356 1030 1885 1098 consentiente.

1835 1189 2011 1257 CAN.
2061 1188 2256 1257 2302.

747 1323 926 1389 Tam
964 1325 1455 1408 praescriptio
1498 1343 1714 1409 quam
1755 1327 2156 1410 prohibitio
2193 1331 2399 1395 certo
2432 1328 2513 1394 in
2559 1328 2721 1395 loco
2754 1329 3267 1396 commorandi
3318 1335 3401 1397 et
3432 1331 3551 1397 eol·
3634 1304 3635 1365 Ψ

570 1428 845 1497 locatio
885 1432 964 1496 in
1021 1433 1236 1499 domo
1291 1434 1791 1516 poenitentiae
1836 1440 1973 1502 aut
2015 1436 2097 1502 in
2138 1435 2356 1503 domo
2404 1436 2774 1520 religiosa,
2826 1439 3276 1520 praesertim
3328 1440 3399 1504 si
3441 1438 3551 1506 diu
3634 1442 3635 1517 j

568 1536 976 1605 duraturae
1017 1539 1194 1622 sint,
1240 1542 1721 1624 imponantur
1753 1545 2047 1610 tantum
2082 1544 2162 1609 in
2194 1543 2491 1610 casibus
2523 1544 2895 1629 gravibus,
2932 1545 3013 1611 in
3051 1546 3365 1629 quibus,
3405 1566 3551 1632 prn-

566 1642 774 1711 denti
816 1645 1200 1714 Ordinarii
1238 1649 1538 1731 iudicio,
1586 1668 1715 1717 eae
1764 1668 2042 1735 poenae
2094 1651 2548 1719 necessariae
2591 1652 2743 1719 sint
2785 1653 2881 1720 ad
2923 1652 3184 1721 clerici
3225 1656 3550 1722 emenda-

574 1749 847 1818 tionem
887 1758 1024 1822 aut
1058 1756 1391 1822 scandali
1433 1758 1975 1840 reparationem
2008 1756 2059 1825 ¹.

1838 1934 2015 2002 CAN.
2061 1934 2257 2003 2303.

740 2070 774 2152 ξ
823 2073 887 2137 1.
938 2072 1347 2156 Depositio,
1389 2074 1620 2141 firmis
1650 2075 2227 2160 obligationibus
2253 2096 2294 2145 e
2324 2082 2667 2162 suscepto
2697 2077 2955 2147 ordine
2981 2079 3276 2147 exortis
3306 2085 3387 2148 et
3424 2081 3551 2164 pri·
3634 2140 3635 2145 ,

563 2178 852 2264 vilegiis
893 2179 1385 2263 clericalibus,
1429 2183 1825 2250 secumtert
1871 2187 2030 2250 tum
2070 2185 2622 2269 suspensionem
2658 2187 2752 2253 ab
2789 2186 3048 2269 officio,
3095 2191 3179 2255 et
3215 2187 3551 2255 inhabili·
3634 2260 3635 2275 ¹

562 2288 792 2353 tatem
852 2287 947 2353 ad
996 2288 1364 2371 quaelibet
1413 2284 1673 2372 officia,
1725 2291 2157 2375 dignitates,
2210 2292 2587 2376 beneficia,
2635 2293 3048 2377 pensiones,
3100 2312 3430 2362 munera
3484 2298 3550 2361 in

562 2392 921 2476 Ecclesia,
963 2398 1121 2462 tum
1168 2396 1392 2463 etiam
1432 2398 1919 2481 privationem
1960 2399 2259 2466 illorum
2301 2418 2487 2486 quae
2534 2420 2705 2468 reus
2740 2400 3033 2485 habeat,
3072 2402 3259 2471 licet
3309 2421 3549 2471 eorum

571 2499 796 2568 titulo
833 2501 1068 2570 fuerit
1103 2503 1493 2570 ordinatus
1520 2503 1570 2567 ².

740 2608 773 2690 ξ
820 2609 886 2675 2.
940 2609 1082 2677 Sed
1128 2610 1262 2677 hoc
1305 2611 1570 2679 ultimo
1623 2611 1701 2679 in
1744 2631 1950 2697 casu,
2000 2614 2066 2681 si
2107 2614 2422 2682 clericus
2472 2634 2643 2683 vere
2687 2614 3041 2701 indigeat,
3099 2616 3546 2685 ordinarius

561 2732 696 2798 pro
747 2734 883 2782 sua
922 2718 1262 2799 caritate,
1311 2737 1455 2803 quo
1500 2720 1799 2787 meliore
1841 2721 2059 2789 modo
2097 2721 2258 2789 fieri
2301 2727 2570 2807 potest,
2624 2723 2694 2790 ei
2737 2723 3123 2808 providere
3171 2731 3424 2807 curet,
3466 2744 3544 2791 ne

556 2839 722 2889 cum
759 2822 1110 2891 dedecore
1144 2828 1388 2893 status
1428 2826 1797 2895 clericalis
1828 2829 2245 2897 mendicare
2276 2835 2612 2915 cogatur.

737 2932 770 3014 ἓ
817 2932 883 2999 3.
936 2933 1180 3001 Poena
1207 2934 1692 3019 depositionis
1722 2938 1962 3019 infligi
1990 2940 2270 3023 nequit,
2302 2939 2448 3006 nisi
2472 2938 2553 3007 in
2578 2940 2873 3007 casibus
2896 2940 3059 3007 iure
3084 2943 3469 3025 expremit
3490 2940 3534 3006 ³.

1831 3114 2009 3182 CAN·
2060 3113 2257 3181 2304.

730 3250 763 3333 §
814 3254 877 3317 1.
931 3253 1012 3320 Si
1047 3253 1361 3320 clericus
1402 3254 1784 3338 depositus
1821 3274 1968 3322 non
2002 3256 2130 3324 det
2162 3257 2699 3325 emenda-tionis
2742 3257 2954 3343 signa
2990 3260 3068 3325 et
3105 3259 3535 3343 praesertin

555 3359 619 3425 si
667 3359 1097 3427 scandalum
1135 3360 1313 3428 dare
1352 3366 1612 3445 pergat
1654 3364 2122 3448 monitusque
2162 3382 2309 3431 non
2348 3365 2762 3449 resipiscat,
2804 3365 3256 3434 ordinarius
3306 3371 3535 3452 poten

552 3484 717 3533 eum
761 3472 1119 3550 perpetuo
1160 3468 1453 3552 privare
1503 3470 1665 3537 iure
1704 3470 2084 3539 deferendi
2123 3471 2458 3540 habitum
2500 3472 3099 3540 ecclesiasticum.

730 3572 764 3654 ξ
811 3573 878 3640 2.
933 3574 1133 3642 Haec
1171 3574 1495 3659 privatio
1535 3578 1935 3647 secumfert
1970 3580 2459 3663 privationem
2495 3579 3046 3666 privilegiorum
3083 3581 3531 3649 clericalium

550 3686 626 3748 et
661 3682 1143 3750 cessationem
1182 3684 1625 3769 praescripti
1652 3703 1821 3753 can.
1869 3686 2067 3770 2303,
2119 3687 2153 3771 ἓ
2189 3686 2256 3754 2.

1811 3861 1989 3930 OAN.
2040 3860 2238 3930 2305.

723 3999 756 4080 ξ
807 4001 870 4064 1.
922 4000 1376 4085 Degradatio
1406 4000 1484 4067 in
1518 4020 1594 4069 se
1621 4003 1958 4070 continet
1983 4001 2541 4086 depositionem,
2576 4006 3005 4088 perpetuam
3042 4002 3523 4088 privationem
3634 4079 3635 4094 1

546 4104 845 4173 habitus
883 4107 1364 4176 ecclesiastici
1411 4114 1487 4177 et
1525 4109 2025 4178 reductionem
2062 4109 2316 4178 clerici
2353 4111 2448 4178 ad
2499 4114 2779 4179 statum
2829 4110 3163 4178 laicalem
3203 4108 3262 4176 ⁴.

719 4213 752 4296 §
799 4214 865 4280 2.
921 4216 1122 4283 Haec
1171 4235 1406 4301 poena
1452 4217 1640 4285 ferri
1697 4217 2155 4286 solummodo
2201 4220 2447 4303 potest
2491 4223 2794 4304 propter
2841 4217 3191 4287 delictum
3241 4219 3327 4286 ln
3373 4220 3523 4286 iure

729 4467 749 4502 ¹
787 4467 852 4520 O.
882 4467 932 4526 7,
964 4466 1015 4526 8,
1047 4467 1129 4526 10,
1162 4468 1245 4525 11,
1273 4467 1344 4516 D.
1381 4464 1623 4528 Lxxxn
1652 4464 1712 4518 S.
1744 4465 1809 4518 Ο.
1843 4467 1950 4526 191).
1977 4469 2040 4518 et
2066 4466 2229 4527 neg..
2265 4466 2605 4527 spoletana,
2630 4466 2666 4519 0
2689 4471 2864 4521 mart.
2892 4468 3039 4531 181ος
3064 4467 3124 4522 Β.
3155 4469 3222 4522 G.
3258 4469 3333 4522 de
3360 4470 3519 4530 Pron

550 4557 711 4617 Fide,
751 4558 920 4608 instr.
966 4555 1070 4617 (ad
1111 4556 1234 4607 Vlc.
1271 4557 1379 4616 Ap.
1423 4555 1594 4616 Sim),
1632 4556 1698 4609 18
1727 4559 1841 4608 oct.
1879 4556 2027 4617 1883,
2063 4569 2121 4607 n.
2159 4556 2228 4616 V,
2271 4556 2322 4608 0.

715 4657 740 4689 ²
786 4648 851 4700 C.
898 4650 948 4707 4,
980 4648 1030 4707 7,
1063 4648 1145 4707 10,
1183 4647 1256 4698 D.
1295 4647 1359 4707 123
1393 4657 1442 4697 c.
1476 4647 1542 4706 4„
1564 4647 1636 4697 D.
1674 4645 1950 4708 Lxxxln
1992 4657 2041 4697 c.
2075 4645 2126 4706 8,
2157 4647 2223 4707 Χ,
2262 4648 2333 4697 de
2369 4647 2500 4699 doio
2536 4650 2596 4699 et
2630 4647 3018 4708 contumacia,
3056 4648 3141 4710 11,
3181 4650 3268 4712 143
3298 4662 3351 4702 e.
3382 4651 3435 4712 0,
3462 4650 3518 4708 Χ.
3634 4677 3635 4686 1

489 4721 492 4726 ⁴
545 4741 616 4791 ae
658 4738 991 4796 merenas,
1025 4738 1093 4798 v,
1128 4737 1178 4799 ἰς
1207 4748 1257 4787 c.
1291 4736 1340 4796 2,
1373 4737 1439 4797 x,
1479 4738 1550 4787 aa
1583 4735 1943 4796 raptoribus,
1974 4734 2357 4789 incenatum«
2391 4739 2451 4789 ot
2482 4734 2870 4790 violatoribus
2901 4736 3303 4799 emman,
3346 4741 3415 4801 v.
3448 4739 3520 4798 re:

541 4843 591 4882 c.
626 4832 677 4890 1,
712 4831 779 4888 Χ,
817 4831 889 4881 de
921 4828 1132 4880 cler-ico
1173 4825 1692 4885 communicato,
1728 4826 2013 4886 deposito,
2056 4828 2150 4879 vei
2183 4825 2498 4878 interdicto
2530 4825 2928 4888 ministrante,
2963 4828 3034 4889 V,
3068 4828 3152 4891 213
3187 4828 3517 4883 mum»

542 4922 730 4981 Rom..
770 4923 864 4974 tlt.
906 4921 1060 4972 Ordo
1094 4918 1516 4980 suspensionis,
1559 4917 2077 4976 reconciliationis,
2113 4916 2515 4978 depositionis,
2554 4917 3032 4979 dispensationis,
3066 4919 3515 4979 domums.
3634 4911 3635 4960 ἐ

542 5013 599 5061 ei
638 5011 1034 5060 restitutionis
1069 5019 1366 5060 sacrorum
1404 5006 1693 5058 ordinum.
3634 5015 3635 5018 ¹

716 5108 742 5142 ³
785 5101 851 5153 C.
887 5102 938 5162 7,
972 5103 1038 5162 Χ,
1075 5102 1147 5151 de
1180 5098 1491 5152 homicidio
1521 5098 1856 5151 voluntario
1891 5099 1985 5156 voi
2017 5097 2264 5157 msuaii,
2306 5099 2377 5160 V,
2412 5097 2494 5161 12:
2524 5108 2574 5151 c.
2614 5098 2697 5160 12,
2728 5099 2795 5159 Χ,
2839 5101 2911 5150 de
2944 5097 3327 5159 poenitentiis
3355 5106 3415 5152 es
3444 5109 3515 5147 n-

541 5193 938 5249 missionibus,
973 5191 1042 5252 V,
1087 5191 1169 5244 38.

714 5291 739 5326 ⁴
783 5285 848 5337 C.
888 5284 938 5344 7,
970 5285 1053 5342 10,
1086 5283 1157 5333 Ι).
1191 5283 1256 5345 L;
1281 5294 1332 5333 c.
1365 5282 1416 5340 7,
1447 5282 1514 5341 Χ,
1546 5283 1617 5331 de
1649 5279 1892 5332 numine
1920 5280 2086 5340 taisi,
2120 5281 2190 5341 V,
2221 5279 2304 5342 m:
2331 5292 2382 5332 c.
2415 5279 2498 5341 27,
2530 5280 2596 5341 Χ,
2634 5281 2706 5331 do
2743 5280 3053 5330 vei-bomin
3081 5279 3513 5341 simmam,

545 5377 612 5436 V,
643 5378 723 5436 403
748 5387 799 5427 c.
838 5375 888 5435 2,
921 5377 991 5425 de
1021 5374 1243 5433 poenis,
1281 5374 1350 5433 V,
1384 5374 1435 5432 9,
1469 5373 1532 5423 in
1561 5370 1688 5434 νιος
1719 5371 2065 5425 Pontificale
2096 5370 2284 5432 Rom..
2316 5370 2413 5423 tlt.
2447 5367 2903 5429 Demdoiionis
2930 5368 3147 5428 tom.
