3753 5871
1147 315 1322 364 Liber
1367 314 1626 375 Quartus
1667 340 1683 350 ·
1719 313 1805 363 Dc
1844 311 2220 364 Procerum
3064 312 3180 370 4OE

362 499 396 582 ξ
442 499 510 567 2.
560 500 1049 568 Renuntiatio
1081 505 1168 569 ut
1207 500 1478 583 valeat,
1526 500 1944 586 peragenda
1979 505 2091 568 est
2127 501 2206 567 in
2245 500 2571 584 scriptis,
2611 505 2686 567 et
2729 519 2774 567 a
2812 504 3025 584 parte
3058 499 3174 567 vel

160 608 271 674 ab
338 608 499 675 eius
548 612 1051 693 procuratore,
1103 609 1406 692 speciali
1458 613 1704 676 tamen
1753 609 2106 676 mandato
2156 608 2466 690 munito,
2516 608 2732 676 debet
2781 608 3169 689 subscribi,

160 714 407 782 alteri
446 716 644 800 parti
676 716 1229 800 communicari,
1265 716 1359 783 ab
1390 734 1620 800 eaque
1649 717 2047 801 acceptari,
2089 715 2206 783 vel
2246 716 2508 783 saltem
2543 735 2688 782 non
2721 716 3171 800 impugnari,
3235 751 3238 754 >

162 828 250 888 et
296 840 348 888 a,
386 822 629 890 iudice
666 824 965 892 admitti
1011 821 1061 891 ¹.

1463 946 1640 1015 om.
1689 947 1886 1013 1741.

359 1091 732 1173 Admissa,
760 1092 919 1174 ‘pro
962 1091 1153 1158 actis
1210 1090 1476 1176 quibus
1525 1092 2035 1158 renuntiatum
2093 1094 2230 1172 est,
2278 1090 2568 1157 eosdem
2617 1089 2824 1174 parit
2871 1089 3176 1156 effectus

166 1214 267 1263 ac
304 1199 715 1281 peremptio
748 1198 1197 1269 instantiae:
1244 1203 1319 1267 et
1353 1198 1635 1282 obligat
1668 1199 2215 1266 renuntiantem
2261 1196 2354 1264 ad
2400 1197 2786 1265 solvendas
2821 1213 3180 1280 expensas

167 1308 550 1387 actorum,
595 1305 861 1389 quibus
899 1305 1406 1373 renuntiatum
1450 1306 1598 1373 fuit
1639 1303 1690 1368 ¹.

1364 1692 1790 1761 TITULUS
1837 1694 1959 1758 1x.

664 1839 767 1906 De
811 1837 1492 1920 interrogationibus
1536 1837 1860 1922 partibus
1906 1837 1985 1903 in
2029 1836 2294 1904 iudicio
2339 1833 2705 1903 faciendis.

1464 2059 1643 2127 CAN.
1702 2057 1898 2125 1742.

370 2203 405 2285 ἓ
452 2206 519 2269 1.
571 2201 802 2270 Iudex
842 2203 939 2269 ad
974 2202 1372 2269 eruendam
1432 2201 1818 2268 veritatem
1890 2200 2077 2267 facti
2140 2198 2329 2284 quod
2394 2198 2685 2282 publice
2747 2198 3060 2268 interest
3097 2201 3184 2263 ut

179 2317 405 2377 extra
439 2309 744 2377 dubium
783 2313 1131 2394 ponatur,
1167 2309 1384 2377 debet
1416 2313 1669 2393 partes
1711 2308 2195 2391 interrogare.

368 2417 404 2498 ἓ
451 2418 517 2482 2.
570 2419 660 2483 ln
691 2418 865 2484 aliis
894 2416 1188 2483 casibus
1223 2422 1466 2501 potest
1502 2435 1728 2483 unum
1761 2434 1850 2483 ex
1891 2415 2508 2482 contendentibus
2543 2414 3003 2498 interrogare
3037 2430 3185 2479 non

181 2528 433 2592 solum
477 2526 569 2592 ad
609 2526 1044 2593 instantiam
1091 2525 1403 2592 alterius
1447 2524 1713 2608 partis,
1752 2526 1880 2590 sed
1917 2524 2142 2591 etiam
2182 2541 2268 2590 ex
2307 2521 2567 2606 officio,
2611 2522 2897 2606 quoties
2932 2521 3186 2607 agitur

183 2633 278 2701 de
316 2632 773 2701 illustranda
822 2632 1255 2716 probatione
1294 2631 1616 2698 adducta
1663 2628 1714 2693 ³.

371 2741 408 2823 ξ
455 2741 522 2808 3.
574 2741 1076 2826 Interrogatio
1099 2740 1425 2824 partium
1454 2739 1616 2806 fieri
1640 2758 1689 2806 a
1711 2740 1953 2808 iudice
1985 2744 2231 2824 potest
2259 2741 2338 2807 in
2368 2740 2624 2824 quovis
2657 2739 2900 2807 stadio
2927 2739 3186 2806 iudicii

186 2856 369 2916 ante
409 2848 951 2915 conclusionem
993 2849 1071 2914 in
1112 2866 1359 2931 causa,·
1401 2851 1566 2931 post
1609 2847 2151 2914 conclusionem
2204 2849 2283 2913 in
2324 2861 2552 2914 causa
2593 2851 2927 2914 servetur
2979 2865 3182 2931 prae·

187 2957 556 3041 scriptum
596 2973 761 3023 can.
815 2955 1009 3022 1861.

1465 3081 1643 3148 CAN.
1703 3081 1900 3148 1743.

373 3217 410 3299 ξ
459 3219 523 3282 1.
576 3217 818 3285 Iudici
843 3217 1169 3303 legitime
1197 3217 1691 3303 interroganti
1721 3220 1974 3301 partes
2006 3217 2447 3301 respondere
2475 3222 2826 3286 tenentur
2852 3221 2929 3286 et
2962 3217 3189 3285 fateri

192 3325 611 3407 veritatem,
659 3325 805 3391 nisi
837 3332 1108 3410 agatur
1141 3325 1233 3393 de
1260 3324 1533 3393 delicto
1569 3326 1661 3392 ab
1704 3325 1890 3409 ipsis
1921 3325 2309 3392 commisso
2346 3324 2399 3388 ⁴.

375 3432 411 3513 ξ
458 3430 525 3497 2.
578 3433 660 3501 Si
697 3451 871 3517 pars
897 3434 1222 3519 legitime
1249 3434 1711 3518 interrogata
1744 3433 2184 3518 respondere
2214 3438 2525 3517 recuset,
2559 3433 2820 3518 quanti
2847 3433 3192 3501 facienda

197 3541 297 3607 sit
341 3540 521 3607 haec
561 3542 951 3618 recusatio,
991 3546 1241 3609 utrum
1286 3542 1486 3608 iusta
1525 3543 1650 3624 sit,
1687 3561 1784 3609 an
1822 3541 2271 3609 confessioni
2307 3541 2885 3626 aequiparanda,
2937 3559 3187 3624 necne,

199 3644 471 3714 iudicis
507 3653 620 3714 est
666 3647 1081 3715 aestimare.

379 3755 413 3837 §
460 3753 528 3821 3.
580 3755 794 3838 Pars,
845 3773 1031 3839 quae
1077 3757 1516 3841 respondere
1561 3757 1803 3839 debet,
1854 3758 1921 3824 si
1976 3756 2361 3841 illegitime
2409 3757 2848 3840 respondere
2906 3775 3188 3824 recusa·

201 3863 393 3930 verit
429 3867 563 3930 aut
611 3864 674 3929 si
717 3868 1105 3948 postquam
1149 3864 1614 3948 responderit
1650 3865 1965 3932 mendax
2016 3868 2309 3949 reperta
2352 3864 2611 3948 fuerit,
2665 3865 3049 3949 puniatur,
3096 3865 3191 3932 ad

204 3971 495 4054 tempus
530 3989 578 4037 a
615 3971 858 4037 iudice
896 3989 1034 4055 pro
1071 3989 1314 4038 rerum
1363 3972 1739 4040 adiunctis
1775 3972 2273 4040 definiendum
2316 3974 2718 4041 remotione
2758 3974 2853 4041 ab
2901 3973 3201 4041 actibus-

204 4074 556 4161 legitimis
594 4078 1133 4163 ecclesiasticis;
1175 4085 1250 4147 et
1284 4082 1352 4148 si
1386 4085 1560 4147 ante
1598 4080 2144 4164 responsionem
2191 4080 2708 4148 iusiurandum
2744 4081 2837 4148 de
2880 4081 3202 4150 veritate

205 4183 517 4357 dignda
584 4187 1071 4271 praestiterit,
1125 4188 1362 4255 laicus
1422 4187 1825 4256 interdicto
1887 4189 2285 4272 personali,
2331 4189 2645 4256 clericus
2719 4188 3205 4273 suspensione

205 4305 253 4370 p
362 4295 576 4360 tatur
615 4294 668 4361 ⁶.

391 4573 411 4607 ¹
449 4572 512 4625 C.
552 4575 634 4633 11.
666 4574 731 4634 X,
769 4575 841 4624 de
883 4574 1381 4634 procuratoribus,
1422 4572 1471 4633 1,
1507 4572 1591 4635 882
1631 4586 1681 4624 c.
1714 4574 1765 4633 4,
1803 4576 1874 4625 de
1912 4573 2410 4633 procuratoribus,
2449 4573 2499 4634 1,
2539 4575 2621 4634 19,
2668 4574 2730 4624 in
2770 4573 2896 4635 V1⁰;
2932 4573 3072 4635 Reg.
3111 4572 3194 4632 81,

219 4657 288 4709 Β.
320 4662 399 4721 J„
426 4664 487 4714 in
514 4663 639 4727 V103
661 4666 782 4716 Lex
813 4664 1046 4724 propria
1077 4663 1135 4716 S.
1164 4663 1239 4715 Β.
1263 4663 1454 4716 Rotae
1474 4667 1538 4716 et
1565 4663 1921 4725 signaturae
1953 4665 2083 4726 Ap„
2113 4663 2179 4716 29
2203 4664 2325 4716 iun.
2353 4663 2501 4725 1908,
2526 4675 2656 4715 can.
2684 4664 2769 4725 84,
2800 4664 2827 4725 1
2859 4666 2909 4725 1;
2939 4663 3208 4725 Regulae

221 4753 540 4806 servandae
564 4754 628 4805 in
655 4754 893 4817 iudiciis
917 4753 1076 4815 apud
1105 4753 1163 4808 S.
1197 4754 1268 4806 Β.
1300 4754 1489 4806 Rotae
1514 4755 1820 4816 Tribunal,
1851 4756 1885 4805 4
1912 4767 2047 4816 aug.
2077 4755 2225 4814 1910,
2261 4754 2289 4815 1
2317 4753 2433 4814 219,
2463 4765 2521 4805 n.
2561 4753 2612 4814 2,
2649 4755 2701 4814 4,
2739 4754 2789 4804 5.

387 4849 411 4882 ²
450 4844 571 4895 Lex
602 4844 836 4905 propria
870 4843 927 4897 S.
961 4844 1031 4896 Β.
1065 4844 1254 4898 Rotae
1280 4848 1343 4897 et
1374 4843 1729 4905 signaturae
1759 4846 1890 4906 Ap..
1925 4845 1991 4898 29
2028 4845 2149 4897 iun.
2183 4845 2331 4909 1908,
2363 4857 2493 4896 can.
2525 4845 2609 4906 34,
2645 4845 2673 4906 1
2704 4844 2753 4905 2;
2790 4844 3052 4906 Regulae
3084 4855 3201 4895 ser-

224 4931 445 4987 vandae
476 4935 537 4986 in
575 4933 815 4987 iudiciis
843 4934 1001 4996 apud
1033 4934 1091 4987 S.
1125 4934 1196 4986 Β.
1229 4935 1418 4987 Rotae
1448 4935 1753 4996 Tribunal,
1793 4938 1826 4986 4
1856 4948 1990 4996 aug.
2027 4936 2174 4992 1910.
2210 4936 2238 4997 1
2270 4936 2386 4995 219,
2427 4947 2486 4986 ιι.
2517 4934 2569 4995 0,
2608 4935 2635 4996 1
2668 4934 2782 4986 223.

392 5026 416 5062 ³
455 5025 716 5087 Regulae
757 5026 1083 5079 servandae
1127 5026 1189 5077 ln
1232 5025 1470 5078 iudiciis
1511 5024 1671 5086 apud
1718 5024 1775 5078 S.
1834 5026 1906 5076 Β.
1956 5025 2145 5078 Rotae
2189 5026 2496 5083 Tribunul,
2553 5027 2586 5075 4
2630 5037 2763 5087 nug.
2812 5024 2960 5085 1910,
3012 5024 3040 5085 1
3086 5025 3209 5085 140,

223 5106 334 5168 146,
362 5123 420 5163 n.
450 5114 501 5167 5.

393 5209 420 5243 ⁴
455 5204 716 5267 Regulae
741 5205 1066 5258 servandae
1100 5206 1163 5257 in
1198 5206 1437 5259 iudiciis
1462 5205 1621 5268 apud
1652 5206 1709 5259 S.
1742 5207 1813 5257 Β.
1852 5204 2043 5258 Rotae
2071 5205 2376 5266 Tribunal,
2410 5206 2441 5255 4
2473 5217 2608 5266 aug.
2640 5206 2790 5266 1910,
2824 5206 2851 5267 1
2881 5205 2996 5257 139.

393 5299 418 5332 ⁸
458 5294 522 5347 Ο.
559 5295 609 5353 2,
640 5295 706 5347 C.
742 5297 856 5354 111,
901 5309 956 5358 q.
988 5298 1069 5359 10;
1107 5309 1156 5349 c.
1188 5298 1294 5358 1-3,
1326 5299 1377 5358 8,
1422 5296 1488 5350 C.
1543 5298 1611 5358 V,
1656 5310 1711 5359 q.
1743 5297 1793 5359 ος
1830 5309 1881 5348 c.
1914 5296 1998 5357 15,
2028 5296 2096 5356 X,
2141 5298 2212 5347 aa
2255 5296 2613 5354 temporibus
2664 5294 3103 5345 ordinationum
3144 5298 3208 5344 et

232 5381 507 5437 qualitate
537 5385 1015 5446 ordinandorum,
1048 5388 1097 5449 1,
1129 5390 1212 5451 11;
1241 5400 1291 5440 c.
1322 5389 1374 5449 5,
1404 5388 1472 5449 Χ,
1516 5390 1587 5440 do
1620 5387 1753 5440 dolo
1789 5392 1848 5439 et
1881 5386 2270 5447 contumacia,
2315 5386 2398 5447 11,
2433 5387 2515 5448 143
2546 5397 2596 5437 c.
2627 5386 2712 5447 33,
2742 5385 2809 5446 X,
2845 5385 2916 5435 de
2953 5383 3207 5434 testibus

233 5471 288 5517 et
323 5474 819 5534 attestationibus,
852 5476 933 5536 11,
963 5476 1044 5540 2⁰:
1069 5488 1120 5529 e.
1153 5479 1204 5539 1,
1236 5478 1286 5539 2,
1316 5479 1383 5539 X,
1418 5480 1488 5530 de
1518 5476 2064 5535 calumniator-ibus,
2096 5478 2165 5538 V,
2197 5476 2244 5527 2.
