3753 5871
490 379 597 437 184
896 398 903 402 ·
1626 380 1824 432 Gom
1868 378 2031 430 lario
2070 377 2352 431 canonici

1797 584 1978 652 CAN.
2017 584 2170 652 633.

673 708 708 790 ξ
756 709 822 774 1.
873 708 1273 775 'transiens
1312 707 1408 775 ad
1448 707 1675 774 aliam
1717 707 2145 791 religionem
2190 705 2632 775 novitiatum
2671 715 3021 793 peragere
3057 707 3294 792 debet;
3336 726 3484 792 quo

491 815 839 900 durante,
868 817 1338 884 manentibus
1363 816 1583 898 votis,
1608 816 1779 883 iura
1811 820 1890 884 et
1913 816 2400 901 obligationes
2433 815 2949 900 particulares,
2988 835 3171 901 quas
3203 817 3284 883 in
3312 816 3479 884 reli·

490 922 710 1010 gione
741 923 1099 991 derelicta
1129 924 1414 1007 habuit,
1453 941 1810 1008 suspensa
1844 929 2172 1006 manent,
2210 929 2287 992 et
2321 924 2480 1008 ipse
2515 923 2963 1009 obligatione
3006 928 3302 992 tenetur
3345 923 3480 991 Su·

495 1031 912 1115 perioribus
966 1049 1196 1099 novae
1239 1032 1619 1118 religionis
1670 1037 1747 1101 et
1787 1032 1938 1117 ipsi
1980 1032 2428 1100 novitiorum
2475 1032 2839 1118 Magistro
2891 1032 3201 1116 parendi
3254 1032 3484 1099 etiam

499 1138 787 1207 ratione
816 1139 974 1207 voti
1007 1139 1488 1207 obedientiae.

673 1247 707 1329 ξ
752 1245 820 1312 2.
873 1247 956 1315 Si
991 1248 1070 1313 in
1102 1247 1455 1333 religione
1482 1246 1577 1314 ad
1607 1266 1826 1334 quam
1862 1247 2194 1332 transiit,
2226 1248 2755 1333 professionem
2793 1267 2942 1316 non
2978 1248 3175 1330 edat,
3208 1249 3303 1317 ad
3334 1250 3480 1334 pri·

497 1354 770 1423 stiuam
800 1355 1225 1441 religionem
1255 1356 1493 1424 redire
1517 1357 1756 1440 debet,
1786 1357 1936 1424 nisi
1959 1356 2258 1425 interim
2283 1360 2620 1425 votorum
2645 1361 2938 1440 tempus
2968 1357 3481 1441 exspiraverit.

676 1462 711 1544 ξ
757 1462 825 1529 3.
876 1463 1276 1531 Transiens
1322 1465 1417 1531 ad
1455 1464 1663 1532 aliud
1712 1464 2242 1533 monasterium
2280 1465 2605 1532 eiusdem
2646 1464 2953 1532 Ordinis
2993 1483 3126 1532 nec
3175 1465 3483 1532 novitia·

497 1570 656 1636 tum
701 1570 996 1655 peragit
1030 1589 1161 1639 nec
1198 1589 1459 1639 novam
1496 1572 1778 1640 emittit
1814 1572 2367 1657 professionem.

1780 1730 1957 1798 CAN.
2009 1730 2162 1798 634.

676 1852 1149 1921 Sollemniter
1179 1854 1559 1938 professus
1591 1857 1727 1922 aut
1758 1855 2136 1939 protessus
2170 1873 2219 1922 a
2249 1854 2444 1921 votis
2480 1854 2938 1939 simplicibus
2972 1854 3374 1939 perpetuis,
3423 1854 3493 1921 si

497 1961 887 2029 transierit
919 1961 1015 2029 ad
1051 1962 1276 2028 aliam
1315 1962 1742 2045 religionem
1768 1980 1936 2030 cum
1965 1962 2159 2029 votis
2188 1962 2667 2031 sollemnibus
2692 1962 2809 2030 vel
2838 1962 3299 2047 simplicibus
3327 1978 3489 2046 per·

498 2069 769 2151 petuis,
809 2074 979 2152 post
1016 2069 1484 2152 novitiatum,
1526 2070 2050 2155 praetermissa
2085 2070 2540 2155 professione
2575 2069 3052 2154 temporaria,
3089 2069 3181 2137 de
3216 2087 3364 2154 qua
3407 2069 3491 2136 in

496 2187 660 2243 ean.
699 2175 853 2259 574,
899 2177 1017 2244 vel
1052 2177 1501 2245 admittatur
1538 2178 1633 2245 ad
1671 2178 2200 2262 professionem
2241 2178 2664 2247 sollemnem
2701 2182 2835 2245 aut
2874 2176 3279 2261 simplicem
3327 2194 3488 2261 per-

498 2286 795 2366 petuam
828 2285 943 2351 vel
975 2284 1071 2352 ad
1104 2285 1503 2369 pristinam
1539 2285 1792 2355 redeat
1826 2286 2276 2370 religionem3
2311 2285 2433 2353 ius
2462 2291 2713 2354 tamen
2753 2290 2868 2353 est
2904 2282 3285 2369 Superiori
3320 2301 3490 2351 eum

498 2390 861 2473 probandi
892 2389 1205 2476 diutius,
1251 2393 1377 2461 sed
1422 2412 1568 2460 non
1604 2393 1806 2462 ultra
1849 2401 2127 2461 annum
2162 2394 2255 2461 ab
2288 2393 2581 2478 expleto
2624 2392 3019 2461 novitiatu.

1793 2549 1972 2619 CAN.
2018 2549 2172 2619 635.

673 2671 1173 2741 Transeuntes
1218 2673 1314 2741 ad
1351 2672 1558 2741 aliud
1596 2674 2127 2741 monasterium
2166 2673 2491 2741 eiusdem
2540 2673 2922 2758 religionis
2968 2692 3016 2740 a.
3050 2673 3171 2742 die
3217 2673 3489 2742 transi·

498 2783 646 2863 tus,
680 2780 776 2848 ad
804 2781 1030 2848 aliam
1058 2800 1233 2848 vero
1261 2780 1688 2866 religionem
1719 2782 1813 2848 ab
1842 2781 2046 2850 edita
2077 2800 2268 2849 nova
2301 2781 2802 2865 professione:

757 2891 856 2955 1.⁰
898 2888 1286 2957 Amittunt
1326 2889 1573 2957 omnia
1609 2888 1777 2956 iura
1810 2892 1890 2957 et
1922 2888 2409 2974 obligationes
2451 2887 2726 2973 prioris
2771 2887 3151 2973 religionis
3184 2888 3299 2956 vel
3343 2905 3492 2956 mo·

499 2996 811 3064 nasterii
841 3001 920 3065 et
948 2996 1263 3064 alterius
1294 2995 1465 3063 iura.
1492 3001 1571 3065 et
1600 2995 1837 3064 officia
1868 2996 2309 3081 suscipiunt3

760 3103 859 3169 2.⁰
901 3103 1195 3189 Religio
1229 3105 1346 3172 vel
1386 3105 1915 3173 monasterium
1960 3123 2005 3171 a
2055 3122 2197 3189 quo
2248 3104 2441 3171 bona.
2489 3109 2761 3186 servat,
2806 3122 2992 3189 quae
3042 3104 3281 3188 ipsius
3324 3104 3491 3171 reh-

498 3210 688 3295 giosi
721 3212 1011 3279 ratione
1043 3212 1193 3278 iam
1224 3213 1295 3280 ei
1331 3212 1668 3296 quaesita
1701 3212 2030 3296 fuerunt3
2068 3212 2260 3297 quod
2299 3217 2586 3297 spectat
2628 3212 2724 3280 ad
2756 3212 3004 3280 dotem
3046 3212 3293 3279 eiusve
3335 3212 3492 3278 fru-

497 3323 667 3387 ctus
709 3323 785 3387 et
822 3318 977 3386 alia
1010 3321 1202 3389 bona
1238 3319 1684 3405 personalia,
1733 3320 1798 3388 si
1845 3339 1995 3405 qua
2028 3319 2299 3388 habeat
2343 3320 2758 3406 religiosus,
2803 3319 3243 3388 servandum
3281 3338 3490 3404 prae·

500 3427 861 3511 scriptum
899 3446 1064 3495 can.
1116 3429 1271 3510 551,
1316 3428 1351 3510 ξ
1393 3428 1459 3513 2;
1497 3429 1788 3497 demum
1853 3446 2044 3496 nova
2102 3429 2365 3515 religio
2422 3429 2543 3497 ius
2602 3429 2824 3497 habet
2885 3448 3022 3514 pro
3083 3430 3497 3498 novitiatus

499 3536 830 3618 tempore
894 3535 990 3603 ad
1061 3536 1336 3604 iustam
1408 3536 1997 3619 retributionem,
2081 3536 2146 3604 si
2225 3537 2459 3604 eidem
2539 3537 2748 3604 locus
2816 3536 2917 3606 sit
2992 3537 3088 3605 ad
3158 3555 3493 3605 normam

497 3659 663 3708 can.
698 3641 851 3725 570,
889 3642 924 3725 ᾗ
955 3645 1021 3709 1.

1797 3751 1976 3821 om.
2021 3751 2173 3820 636.

682 3871 1161 3940 Sollemnitas
1182 3877 1520 3940 votorum
1549 3873 1627 3940 in
1656 3892 1742 3942 eo
1776 3874 1903 3958 qui
1937 3874 2265 3960 legitime
2290 3873 2691 3942 secundum
2726 3873 3144 3957 superiores
3175 3892 3500 3943 canones

500 3984 674 4047 vota
705 3981 1075 4064 simplicia
1102 3981 1182 4046 in
1213 3980 1802 4066 Gongregatione
1830 3982 2179 4068 religiosa
2208 3986 2616 4066 nuncupat,
2647 3999 2736 4050 eo
2761 3981 2928 4066 ipso
2961 3981 3494 4067 exstinguitur,

504 4087 649 4155 nisi
692 4088 898 4155 aliud
936 4088 1014 4154 in
1058 4088 1469 4172 apostolico
1510 4088 1805 4158 indulto
1840 4108 2182 4174 expresse
2215 4094 2590 4158 caveatur.

1660 4354 2085 4424 TITULUS
2145 4356 2296 4422 XV.

1510 4490 1615 4558 Do
1659 4507 1948 4573 egressu
1992 4507 2030 4556 e
2074 4489 2443 4572 rengione.

1805 4682 1983 4751 OAN.
2028 4681 2180 4748 637.

678 4810 1073 4878 Professus
1096 4828 1142 4876 a
1172 4807 1367 4875 votis
1397 4806 1895 4890 temporariis,
1928 4805 2222 4889 expleto
2246 4807 2584 4871 votorum
2611 4807 2965 4887 tempore,
2991 4800 3222 4869 libere
3248 4803 3497 4886 potest

460 4972 466 4981 .
503 4918 930 5003 religionem
964 4918 1319 4998 deserere3
1353 4915 1639 4999 pariter
1677 4913 1937 4998 religio
1972 4915 2063 4980 ob
2101 4913 2341 4979 iustas
2382 4931 2469 4979 ac
2505 4910 2986 4980 rationabiles
3021 4927 3286 4977 causas
3321 4928 3492 4977 eun·

498 5027 662 5095 dem
704 5030 952 5110 potest
983 5044 1029 5092 a
1068 5024 1509 5092 renovandis
1553 5022 1747 5090 votis
1794 5020 2265 5105 temporariis
2311 5020 2426 5088 vel
2464 5021 2557 5087 ab
2595 5019 3003 5087 emittenda
3040 5017 3498 5102 professione

500 5138 859 5219 perpetua
898 5133 1310 5212 excludere,
1355 5149 1500 5198 non
1544 5133 1791 5198 tamen
1835 5129 2124 5198 ratione
2166 5127 2655 5206 infirmitatis,
2702 5127 2849 5194 nisi
2897 5130 3104 5194 certo
3142 5125 3502 5210 probetur

498 5260 659 5310 eam
692 5244 869 5308 ante
897 5239 1426 5324 professionem
1456 5239 1690 5306 fuisse
1726 5239 1978 5307 dolose
2019 5236 2388 5305 reticitam
2427 5240 2563 5303 aut
2589 5233 3136 5303 dissimulatam
3182 5231 3229 5297 ¹.

682 5454 705 5490 ¹
751 5452 808 5504 S.
851 5452 917 5505 G.
962 5451 1068 5512 Ep.
1117 5454 1184 5504 et
1222 5450 1387 5513 neg„
1433 5443 1915 5508 Cumanorum,
1957 5447 2024 5499 10
2060 5447 2236 5498 mart.
2282 5444 2429 5507 166⁰:
2472 5442 2711 5495 Ordinis
2750 5442 2809 5494 8.
2867 5438 3191 5500 Benedicti,
3236 5440 3303 5493 13
3353 5440 3500 5492 mali

381 5560 387 5567 ⁹
505 5543 652 5604 1904,
685 5541 764 5596 ad
791 5541 842 5593 2.
