3753 5871
1059 374 1064 378 .
1126 296 1303 349 utor
1346 299 1608 361 osorem
1641 322 1661 335 -
1695 297 1784 349 no
1827 298 2207 351 rmoomw
3059 299 3171 360 463

439 485 541 553 2.·
583 486 676 553 In
713 486 978 554 ultima
1013 486 1378 555 instantia
1419 504 1686 555 causas
1720 488 1813 557 ab
1851 488 2017 573 ipsa
2054 488 2286 557 Sacra
2319 488 2515 558 Rota
2550 495 2626 559 et
2669 490 2763 559 ab
2798 490 2972 558 aliis
3010 492 3154 576 qui·

165 595 429 664 busvis
460 596 963 665 tribunalibus
991 598 1070 664 in
1108 597 1434 666 secunda
1457 598 1577 666 vel
1614 598 1969 668 ulteriore
1999 599 2368 668 instantia
2394 600 2544 668 iam
2581 600 2945 686 cognitas,
2981 619 3168 686 quae

164 707 253 773 in
298 725 449 774 rem
491 706 895 774 iudicatam
940 726 1087 775 non
1128 708 1568 777 transierint
1607 706 1661 776 ⁸.

363 821 399 910 ξ
444 821 511 888 2.
561 822 728 890 Hoc
756 822 1089 891 tribunal
1121 822 1409 891 iudicat
1436 822 1661 891 etiam
1694 823 1774 890 in
1805 823 2052 909 prima
2081 823 2449 892 instantia
2476 841 2742 892 causas
2773 824 2865 892 de
2897 825 3163 910 quibus

169 932 257 999 in
292 949 459 1000 can.
497 931 670 999 1557
675 980 694 1014 ,
743 930 777 1014 5
811 931 857 997 2
886 932 1166 1000 aliasve
1199 950 1382 1017 quas
1415 932 1797 1002 Romanus
1829 933 2180 1002 Pontifex
2215 934 2371 1003 sive
2401 938 2607 1002 motu
2641 934 2971 1020 proprio,
3009 935 3162 1002 sive

172 1041 276 1110 ad
324 1041 763 1110 instantiam
810 1043 1137 1126 partium
1184 1040 1280 1110 ad
1326 1060 1541 1109 suum
1587 1042 1923 1111 tribunal
1969 1043 2440 1112 advocaverit
2485 1047 2563 1111 et
2609 1043 2881 1112 Sacrae
2924 1044 3162 1112 Rotae

168 1152 653 1235 commiserim
686 1168 978 1236 easque,
1017 1151 1164 1218 nisi
1204 1141 1412 1220 aliud
1445 1155 1749 1220 cautum
1783 1152 1888 1221 sit
1918 1153 1999 1220 in
2031 1153 2573 1222 commissionis
2604 1153 2991 1238 rescripto,
3032 1154 3157 1222 Sa·-

168 1277 313 1327 cra
342 1259 540 1328 Rota
568 1260 857 1328 iudicat
887 1278 1173 1346 quoque
1202 1260 1283 1328 in
1316 1261 1641 1329 secunda
1670 1266 1749 1330 et
1779 1263 2010 1331 tertia
2038 1263 2408 1331 instantia
2436 1281 2573 1348 ope
2604 1267 2997 1330 turnorum
3033 1260 3161 1347 qui

170 1370 325 1437 sibi
359 1370 672 1438 invicem
702 1370 1106 1440 succedunt
1154 1368 1207 1435 ².

1453 1495 1631 1564 CAN·
1684 1495 1880 1562 1600.

351 1632 643 1703 Causae
675 1635 991 1704 maiores
1034 1635 1335 1721 penitus
1370 1635 1868 1705 excluduntur
1904 1636 1998 1705 ab
2042 1636 2326 1704 ambitu
2363 1634 2900 1721 competentiae
2946 1634 3168 1702 buius

166 1742 576 1811 tribunalis
623 1743 677 1813 ⁸.
2667 1747 2672 1757 ’

1443 1869 1622 1938 cm.
1680 1870 1875 1938 1601.

350 2011 635 2080 Contra
673 2012 1238 2081 ordinariorum
1284 2012 1583 2082 decreta
1619 2031 1766 2081 non
1812 2013 2039 2081 datur
2072 2012 2482 2099 appellatio
2520 2031 2649 2081 seu
2690 2030 3034 2081 recursus
3068 2011 3166 2081 ad

170 2120 485 2188 Sacram
521 2119 813 2205 Rotam;
848 2120 976 2189 sed
1011 2120 1104 2190 de
1137 2120 1495 2190 eiusmodi
1538 2121 1960 2189 recursibus
1996 2120 2366 2189 exclusive
2400 2125 2855 2207 cognoscunt
2894 2119 3168 2188 Sacrae

165 2233 805 2320 congregationes
844 2234 898 2302 ⁴.

955 2428 1126 2494 Aur.
1172 2429 1257 2493 11.
1307 2462 1380 2477 -
1424 2431 1522 2493 Dc
1563 2389 1950 2510 Simulata
1988 2430 2388 2510 Apostolico-

1447 2599 1625 2668 CAN.
1673 2599 1868 2668 1602.

357 2743 797 2827 Supremum
842 2741 1290 2828 Signaturae
1318 2742 1792 2827 Apostolicae
1824 2741 2183 2809 Tribunal
2216 2746 2512 2809 constat
2544 2741 2924 2809 nonnullis
2960 2739 3036 2808 S.
3075 2739 3166 2806 Β.

175 2851 264 2918 m.
306 2850 862 2934 cardinalibus,
904 2867 1213 2934 quorum
1255 2867 1449 2918 unus
1486 2850 1859 2920 Praefecti
1901 2868 2203 2919 munere
2238 2850 2584 2938 fungitur
2622 2849 2674 2918 ⁸.

1441 3027 1618 3096 CAN.
1671 3027 1866 3096 1603.

356 3173 393 3257 ξ
439 3174 506 3239 1.
554 3169 987 3258 Apostolica
1026 3169 1430 3269 Signatum
1469 3169 1671 3239 videt
1710 3172 2080 3254 potestate
2127 3168 2552 3236 ordinaria:

446 3286 545 3350 1.·
592 3283 704 3352 De
751 3283 1154 3351 violatione
1214 3282 1505 3365 secreti,
1559 3299 1647 3349 ac
1697 3281 1789 3350 de
1850 3282 2145 3350 damnis
2194 3281 2290 3348 ab
2344 3280 2836 3349 Auditoribus
2890 3278 3164 3347 Sacrae

180 3393 418 3464 Rotae
451 3395 689 3463 illatis
720 3414 807 3463 eo
853 3394 1045 3481 quod
1081 3400 1328 3463 actum
1376 3394 1663 3462 nullum
1700 3394 1815 3461 vel
1855 3394 2217 3461 iniustum
2254 3391 2660 3477 posuerint;

441 3507 541 3573 2.·
585 3507 697 3575 De
742 3506 1170 3592 exceptione
1227 3507 1674 3592 suspicionis
1716 3509 1981 3575 contra
2028 3505 2348 3591 aliquem
2412 3504 2684 3573 Sacrae
2733 3503 2969 3572 Rotae
3018 3504 3163 3569 Au-

180 3615 519 3699 ditorem3

440 3728 540 3796 3.·
584 3728 696 3798 De
735 3728 1030 3813 querela
1072 3728 1448 3797 nullitatis
1491 3732 1756 3797 contra
1793 3727 2237 3796 sententiam
2278 3726 2609 3810 rotalem3

440 3843 538 3908 4.·
582 3841 695 3910 De
735 3840 1329 3925 expostulatione
1371 3859 1511 3926 pro
1553 3841 2028 3910 restitutione
2062 3840 2143 3909 in
2178 3840 2551 3926 integrum
2587 3840 2941 3908 adversus
2977 3843 3167 3908 rota·

183 3952 322 4020 lem
369 3951 812 4021 sententiam
850 3969 1036 4037 quae
1070 3951 1152 4016 in
1196 3968 1348 4019 rem
1384 3950 1788 4018 iudicatam
1826 3948 2236 4033 transierit3

441 4064 540 4131 5.·
585 4063 700 4131 De
739 4063 1159 4131 recursibus
1199 4061 1552 4131 adversus
1606 4062 2016 4131 sententias
2060 4061 2335 4130 rotales
2379 4061 2460 4129 in
2504 4062 2752 4129 causis
2795 4061 3165 4130 matrimo-

187 4171 508 4241 nialibus
548 4190 732 4258 quas
775 4172 871 4240 ad
913 4189 1180 4241 novum
1216 4190 1521 4240 examen
1561 4172 1790 4241 Sacra
1830 4171 2028 4239 Rota
2072 4171 2466 4240 admittere
2504 4171 2773 4256 renuit3

439 4284 537 4351 6.·
581 4284 693 4353 De
732 4283 1083 4361 conflictu
1132 4284 1668 4368 competentiae
1710 4301 1923 4368 quem
1976 4284 2224 4352 enasci
2265 4284 2653 4367 contingat
2693 4285 2893 4353 inter
2937 4284 3166 4353 tribu·

190 4389 390 4459 nalia
420 4391 805 4475 inferiora,
842 4393 937 4461 ad
977 4410 1307 4461 normam
1338 4410 1503 4460 can.
1541 4391 1738 4477 1612,
1780 4390 1814 4474 ξ
1857 4391 1904 4457 2
1947 4397 1996 4466 ⁸,

367 4649 389 4686 ¹
425 4650 548 4701 Lex
579 4650 815 4712 propria
850 4649 908 4702 S.
944 4649 1014 4701 Β.
1059 4649 1247 4702 Rotae
1281 4652 1344 4703 et
1377 4649 1733 4721 Signatume
1765 4650 1896 4711 Δρ..
1929 4649 1996 4702 29
2028 4649 2149 4701 iun.
2184 4650 2333 4711 1908.
2375 4659 2504 4701 can.
2541 4648 2625 4710 14,
2664 4649 2691 4710 fi
2735 4647 2786 4709 2.
2820 4648 2872 4702 8.

359 4747 384 4781 ¹
426 4740 484 4792 S.
519 4740 582 4792 Ο.
620 4739 897 4801 Οοιιείεῐ..
931 4738 1218 4798 Romana,
1257 4741 1323 4793 20
1354 4740 1475 4792 ian.
1508 4741 1656 4801 1009:
1694 4739 1816 4792 Lex
1847 4740 2083 4800 propria
2122 4738 2180 4793 S.
2214 4739 2285 4790 Β.
2321 4738 2509 4791 Rotae
2542 4742 2605 4791 et
2642 4737 2996 4801 signaturae
3038 4739 3168 4800 Δρ..

195 4826 406 4891 minu.
441 4829 589 4893 1908.
623 4841 753 4881 can.
798 4830 881 4890 14,
922 4829 950 4891 ς
986 4830 1036 4881 1.

364 4924 391 4961 ³
424 4922 566 4973 Plus
600 4921 666 4980 X,
694 4923 879 4971 const.
910 4934 941 4970 α
971 4919 1242 4980 Sapienti
1276 4920 1520 4973 omniuo
1556 4934 1605 4979 s.
1634 4920 1699 4973 m
1727 4920 1849 4971 iun.
1884 4918 2034 4981 1908.
2069 4920 2097 4982 1
2129 4920 2213 4980 11,
2244 4931 2302 4970 n.
2334 4919 2408 4981 2⁰3
2437 4919 2558 4971 Lex
2586 4918 2823 4980 propria
2856 4916 2916 4971 S.
2949 4917 3021 4969 Β.
3055 4918 3165 4969 Βο-

197 5009 292 5061 tae
316 5013 379 5064 et
408 5009 762 5072 signaturae
789 5011 919 5071 Δρ..
949 5009 1017 5063 20
1051 5010 1173 5062 lun.
1207 5009 1358 5071 lssoe,
1388 5021 1519 5063 can-
1551 5010 1634 5063 16.

291 5161 302 5172 ‚
361 5105 389 5141 ⁴
428 5103 548 5155 Lex
579 5102 815 5162 propria
847 5101 906 5153 S.
938 5100 1007 5152 Β.
1045 5101 1235 5154 Rotae
1261 5104 1325 5154 et
1354 5099 1708 5164 signaturae
1744 5102 1874 5162 Δρ..
1903 5100 1970 5153 29
1998 5100 2119 5152 iun.
2149 5099 2298 5161 1908.
2328 5111 2456 5151 can.
2489 5099 2572 5151 16.

369 5195 396 5232 ⁸
429 5194 550 5244 Lex
578 5192 814 5253 prom-la
845 5191 904 5245 S.
934 5189 1005 5242 Β.
1045 5191 1233 5244 Rotae
1262 5194 1326 5245 et
1356 5191 1711 5253 signaturae
1738 5192 1869 5252 Δρ..
1898 5190 1965 5243 29
1994 5190 2115 5242 lun.
2145 5190 2295 5251 1908.
2332 5202 2468 5242 can.
2494 5188 2577 5242 35.

374 5284 399 5321 ⁸
431 5282 785 5334 Benedictus
809 5282 929 5342 XV,
954 5281 1406 5343 chirographum
1433 5296 1464 5332 α
1496 5278 1758 5333 Attente
1783 5278 2070 5342 “potitis
2096 5295 2145 5341 n,
2178 5279 2245 5333 28
2269 5281 2389 5332 iun.
2419 5279 2566 5341 191&
2589 5279 2711 5332 Lex
2737 5278 2973 5342 propria
3005 5275 3063 5330 S.
3099 5277 3169 5328 Β.

203 5364 382 5424 Rotae
413 5376 477 5426 et
506 5370 860 5434 signaturae
886 5374 1017 5433 Δρ..
1047 5371 1112 5424 20
1143 5370 1265 5423 iun.
1298 5371 1447 5432 1908.
1476 5380 1607 5422 can.
1636 5370 1721 5432 33.
1755 5370 1783 5432 fl
1812 5372 1863 5430 1,
1903 5380 2032 5422 can.
2065 5369 2148 5432 3⁷3
2178 5369 2441 5431 Regulae
2478 5367 2808 5422 servandae
2838 5368 2901 5419 in
2932 5365 3173 5419 iudiciis

202 5459 353 5517 &md
382 5460 642 5521 Sum-em.
676 5459 1030 5523 signaturae
1056 5462 1164 5523 Δρ.
1199 5460 1505 5522 Tribuni,
1534 5460 1571 5513 6
1594 5464 1771 5514 mart.
1806 5461 1956 5522 1012.
1985 5463 2102 5513 art.
2131 5462 2183 5513 1.
