3753 5871
536 222 612 283 82
1678 229 1876 280 Gom
1913 228 1943 280 1
1947 228 2075 279 urla
2123 228 2405 281 omnio!

544 417 825 501 sponsi,
887 417 1331 484 Sanctorum
1386 417 1915 502 Apostolorum
1963 416 2175 485 Petri
2219 424 2297 487 et
2352 418 2601 502 Pauli,
2654 420 3003 487 Omnium
3063 420 3535 506 Sanctorum,

544 529 841 591 servato
872 523 1338 609 praescripto
1362 541 1529 590 can.
1557 524 1716 606 339,
1751 523 1828 606 ἐξ
1865 523 1911 589 2
1939 542 2138 610 seqq.
2182 522 2233 590 ².

1830 701 2009 769 ΟΔΝ.
2044 700 2200 770 307.

725 837 760 920 ξ
807 841 873 906 1.
925 839 1123 924 Ipsis
1173 859 1320 908 non
1360 842 1561 925 licet,
1613 831 2040 911 incon'sulta
2091 844 2279 913 Sede
2313 846 2775 930 Apostolica,
2816 846 3212 918 concedere
3248 850 3534 918 missio-

544 941 782 1013 nariis
821 947 915 1013 ab
947 966 1034 1015 ea
1065 948 1313 1016 missis
1346 950 1637 1017 veniam
1670 951 1751 1018 in
1788 956 2227 1037 perpetuum
2262 952 2646 1021 deserendi
2678 954 3122 1023 vicariatum
3158 962 3294 1025 aut
3326 975 3536 1043 prae·

542 1054 935 1140 tecturam,
969 1057 1086 1124 vel
1125 1055 1276 1125 alio
1321 1059 1780 1143 transeundi,
1818 1077 1952 1128 nec
1991 1079 2116 1128 eos
2149 1078 2440 1146 quoquo
2472 1062 2688 1130 modo
2720 1064 3086 1147 expellere
3134 1063 3190 1131 ².

721 1163 756 1245 ξ
801 1163 869 1228 2.
920 1162 1013 1229 In
1038 1182 1216 1231 casu
1240 1170 1490 1234 autem
1518 1166 1800 1251 publici
1823 1168 2159 1235 scandali
2184 1174 2498 1252 possunt
2527 1170 2699 1255 ipsi,
2727 1171 2990 1240 audito
3013 1190 3150 1240 suo
3176 1173 3536 1254 Consilio,

542 1274 620 1337 et
657 1271 726 1336 si
768 1275 1040 1355 agatur
1075 1272 1169 1340 de
1217 1273 1608 1364 religiosis,
1658 1276 2146 1359 praemonito,
2191 1282 2549 1363 quantum
2591 1277 2753 1346 fieri
2792 1283 3063 1363 potest,
3110 1279 3536 1364 Superiore,

546 1379 1096 1447 missionarium
1155 1382 1412 1449 statim
1465 1401 1857 1467 removere,
1920 1384 2129 1451 facta
2173 1388 2421 1452 tamen
2471 1381 2679 1454 illico
2731 1388 3048 1455 certiore
3105 1388 3549 1472 Apostolica

547 1486 733 1554 Sede
767 1486 821 1554 ³.

1853 1597 2031 1665 CAN.
2068 1597 2223 1665 308.

719 1731 1045 1800 vicariis
1087 1737 1164 1800 et
1199 1731 1635 1814 Praefectis,
1671 1733 2100 1801 charactere
2137 1734 2541 1819 episcopali
2576 1735 2843 1820 auctis,
2887 1737 3279 1824 privilegia-
3314 1739 3537 1806 hono·

545 1837 756 1906 rifica
777 1844 1234 1924 competunt,
1272 1859 1458 1925 quae
1485 1841 1605 1908 ius
1634 1842 1973 1909 concedit
2005 1842 2398 1927 Episcopis
2423 1842 2881 1927 titularibus3
2909 1845 2976 1912 si
3001 1851 3249 1913 autem
3277 1845 3538 1914 chara·

544 1951 746 2015 ctere
783 1949 1188 2032 episcopali
1224 1954 1559 2032 careant,
1602 1949 1878 2018 habent
1914 1954 2236 2034 tantum,
2289 1952 2610 2020 durante
2652 1943 2954 2020 munere
2993 1958 3071 2021 et
3110 1954 3192 2021 in
3234 1955 3546 2038 proprio

543 2056 951 2138 territorio,
1005 2053 1332 2142 insignia
1369 2061 1447 2125 et
1484 2057 1878 2143 privilegia
1919 2059 2612 2127 Protonotariorum
2655 2061 3231 2144 apostolicorum
3268 2063 3361 2130 de
3405 2081 3539 2130 nu·

544 2179 748 2230 mero
783 2163 1399 2247 participantium
1444 2164 1497 2231 ⁴.

1852 2274 2030 2339 CAN.
2067 2274 2221 2342 309.

724 2414 759 2496 ξ
805 2417 873 2480 1.
923 2414 1209 2482 Vicarii
1246 2420 1323 2483 et
1363 2415 1762 2497 Praefecti,
1810 2416 1936 2483 ubi
1986 2417 2306 2500 primum
2347 2417 2428 2483 in
2468 2417 2931 2484 territorium
2977 2437 3190 2485 suum
3231 2419 3538 2488 advene-

547 2522 725 2606 rint,
773 2523 1136 2608 deputent
1172 2542 1261 2591 ex
1299 2541 1451 2592 uno
1490 2524 1611 2592 vel
1655 2525 1895 2592 altero
1931 2525 2132 2593 clero
2169 2525 2706 2594 Pro-vicarium
2745 2528 2864 2595 vel
2900 2527 3541 2613 Pro-praefectum

544 2629 914 2713 idoneum,
964 2631 1111 2698 nisi
1157 2632 1567 2700 Goadiutor
1619 2651 1786 2699 cum
1835 2633 2098 2700 futura
2145 2633 2602 2701 successione
2645 2653 2695 2701 a
2741 2635 3021 2703 Sancta
3069 2637 3255 2704 Sede
3312 2636 3544 2704 datus

541 2736 778 2805 fuerit
818 2739 872 2807 ⁵.

722 2845 757 2927 ξ
803 2844 870 2910 2.
920 2845 1424 2913 Pro-vicarius
1460 2851 1596 2914 aut
1632 2846 2237 2931 Pro-praefectus
2278 2847 2560 2915 nullam
2601 2850 2845 2933 habet,
2895 2850 3187 2919 vivente
3235 2852 3544 2920 Vicario

542 2958 680 3022 aut
715 2952 1129 3038 Praefecto,
1165 2958 1634 3039 potestatem,
1673 2956 1820 3023 nisi
1857 2974 2045 3042 quae
2078 2957 2312 3024 fuerit
2352 2957 2447 3025 ab
2489 2958 2739 3026 eodem
2778 2959 2919 3025 sibi
2962 2960 3371 3043 commissa3
3411 2960 3541 3029 sed

542 3060 928 3131 deficiente
952 3063 1257 3130 Vica-rio
1283 3066 1422 3132 aut
1445 3063 1860 3148 Praefecto,
1889 3064 2005 3132 vel
2029 3083 2281 3132 eorum
2307 3065 2822 3134 iurisdictione
2854 3066 3214 3152 impedita
3239 3069 3336 3136 ad
3370 3086 3539 3137 nor·

542 3188 737 3238 mam
776 3188 942 3238 can.
977 3170 1132 3251 429,
1170 3171 1206 3253 ξ
1241 3174 1309 3254 1,
1344 3176 1583 3240 totum
1619 3172 1837 3240 debet
1876 3172 2201 3258 regimen
2234 3191 2608 3247 assumere
2648 3179 2724 3243 et
2753 3174 2835 3242 in
2869 3176 3005 3243 hoc
3038 3193 3340 3243 munere
3375 3195 3539 3260 per-

548 3294 870 3362 manere,
913 3279 1144 3347 donec
1175 3298 1223 3346 a
1262 3279 1539 3348 Sancta
1576 3279 1764 3348 Sede
1794 3280 2019 3349 aliter
2049 3280 2285 3350 fuerit
2326 3283 2699 3365 provisum
2741 3281 2792 3350 ⁸.

724 3385 760 3467 ξ
805 3385 874 3452 3.
925 3385 1105 3453 Pari
1139 3387 1356 3454 modo
1397 3387 1902 3456 Pro-vicarius
1934 3393 2071 3457 aut
2101 3388 2728 3473 Pro-praefectus,
2766 3390 2895 3474 qui
2927 3389 3225 3458 titulari
3261 3408 3546 3459 succes·

546 3493 754 3577 serit,
789 3495 1047 3562 statim
1084 3495 1392 3579 deputet
1420 3495 1998 3565 ecclesiasticum
2027 3497 2298 3581 virum,
2334 3497 2463 3582 qui
2495 3497 2662 3581 sibi,
2698 3503 2784 3566 ut
2822 3515 3076 3583 supra,
3117 3498 3200 3564 in
3238 3514 3551 3567 munere

542 3601 890 3669 succedat
944 3603 996 3669 '.

655 3695 659 3699 ⁴
721 3708 758 3792 ξ
802 3710 871 3775 4.
923 3709 1006 3779 Si
1034 3709 1232 3778 forte
1261 3710 1651 3796 contingat
1680 3715 1769 3780 ut
1795 3729 2009 3780 nemo
2038 3712 2191 3780 sive
2228 3731 2274 3780 a
2306 3712 2604 3781 titulari
2643 3713 2796 3781 sive
2834 3731 2883 3780 a
2918 3713 3387 3797 pro-titulari
3424 3715 3545 3782 uti

541 3816 1110 3886 administrator
1132 3818 1369 3886 fuerit
1392 3818 1850 3904 designatus,
1883 3825 2062 3888 tunc
2090 3820 2337 3888 senior
2366 3804 2448 3887 in
2479 3821 2848 3890 vicariatu
2883 3821 3002 3889 vel
3035 3821 3543 3906 praefectura,

541 3924 635 4008 is,
673 3943 968 4015 nempe,
1003 3926 1133 4011 qui
1164 3927 1268 3994 sit
1299 3944 1649 4012 praesens
1683 3928 1762 3995 in
1798 3928 2183 3998 territorio
2216 3934 2293 3998 et
2335 3947 2510 3997 suas
2551 3928 3077 3997 destinationis
3120 3929 3420 3997 litteras
3458 3930 3543 3997 in

706 4154 728 4189 ¹
768 4154 826 4205 S.
864 4153 1043 4206 O.,de
1076 4154 1246 4223 Prop.
1286 4154 1450 4215 Fide,
1495 4154 1649 4206 decr.
1686 4155 1754 4207 18
1787 4169 1920 4218 aug.
1962 4157 2107 4209 1866.

707 4245 734 4282 ²
780 4245 838 4296 S.
865 4244 930 4297 O.
958 4244 1033 4297 de
1055 4245 1227 4305 Prop.
1254 4244 1400 4296 mue
1438 4244 1527 4305 (C.
1561 4244 1678 4306 G.,)
1702 4245 1748 4298 8
1758 4247 1903 4296 mun
1932 4247 2077 4308 1628;
2109 4247 2198 4305 (O.
2233 4247 2349 4307 G..)
2376 4247 2410 4298 2
2438 4250 2615 4300 mart.
2650 4247 2795 4309 1⁰65:
2828 4247 2917 4308 (Ο.
2952 4248 3068 4309 6.),
3095 4248 3163 4299 16
3191 4250 3368 4300 mart.
3397 4247 3554 4310 10⁸&

552 4331 641 4392 (Ο.
676 4334 743 4384 Ρ.
781 4310 887 4393 pro
921 4332 1093 4395 Sim),
1138 4333 1204 4385 28
1236 4334 1385 4387 febr.
1421 4332 1569 4395 1⁶:1⁰3
1610 4334 1765 4386 decr.
1809 4335 1845 4387 8
1880 4338 2028 4396 sept.
2060 4336 2207 4398 1781,
2240 4336 2395 4388 decr.
2438 4335 2504 4387 28
2538 4338 2686 4397 sept.
2717 4333 2866 4398 1812
2901 4337 3072 4389 lustr.
3129 4335 3232 4394 (ad
3261 4335 3385 4387 vie.
3426 4339 3545 4407 Δρ.

454 4408 458 4413 ’
546 4420 771 4473 Inmar.
803 4422 1078 4484 orient..)
1110 4423 1145 4476 8
1175 4425 1322 4483 sept.
1354 4422 1503 4484 1869.
1544 4436 1601 4474 n
1634 4424 1684 4485 1;
1722 4424 2052 4486 (Natchez),
2089 4426 2121 4475 4
2152 4425 2301 4477 τουπ.
2335 4425 2484 4484 1873,
2526 4426 2604 4477 au
2642 4425 2691 4475 5.

707 4513 734 4548 ³
781 4509 1562 4574 s.o.de1>rop.13·1de(o
1605 4511 2216 4574 G.,)16mart.16oe.

706 4604 735 4640 ⁴
779 4601 924 4652 Pius
950 4601 1017 4660 X,
1050 4605 1214 4653 motu
1247 4612 1440 4663 propr.
1474 4617 1505 4653 ι
1542 4601 1714 4653 Inter
1739 4602 2096 4664 multiplices
2127 4618 2178 4664 ι,
2214 4604 2278 4655 21
2311 4603 2459 4655 febr.
2496 4604 2643 4664 1905,
2685 4616 2744 4654 n.
2787 4603 2923 4655 2-12.

714 4690 1136 4743 ⁸Benedictus
1160 4691 1313 4752 XIV,
1351 4692 1469 4744 litt.
1499 4704 1593 4753 ap.
1625 4707 1656 4743 ι
1685 4693 1778 4744 Bo
1812 4692 2054 4744 sublimi
2085 4708 2135 4755 ι,
2165 4693 2232 4746 ae
2259 4694 2378 4745 ian.
2411 4692 2561 4753 1753,
2594 4693 2620 4754 3
2651 4694 2700 4752 1,
2733 4693 2782 4755 23
2813 4702 2906 4753 ep.
2935 4693 3155 4754 encyel.
3189 4707 3220 4742 α
3251 4692 3449 4751 Quam
3477 4706 3557 4745 ω

553 4780 790 4831 ‚abuma
816 4795 866 4841 ι,
896 4780 932 4832 s
958 4793 1091 4843 ang.
1124 4777 1273 4841 1755.
1305 4780 1331 4841 ε
1368 4782 1419 4841 1,
1450 4780 1502 4841 2.
1532 4782 1583 4843 43
1612 4781 1671 4834 s.
1703 4781 1768 4834 c.
1799 4762 1875 4834 οὲ
1908 4784 2078 4842 prop.
2112 4782 2276 4842 mue,
2308 4775 2464 4834 aeci.
2502 4782 2569 4835 ω
2604 4782 2749 4833 man
2778 4781 2925 4843 178oe
2964 4781 3052 4842 (ο.
3088 4782 3153 4832 P.
3184 4794 3290 4843 pro
3322 4781 3452 4833 sin.
3486 4811 3558 4820 --

552 4868 918 4931 Sutchuen.)‚
969 4871 1003 4922 9
1040 4870 1163 4922 dec.
1206 4869 1356 4931 1822,
1397 4870 1475 4922 ad
1517 4872 1566 4933 1;
1624 4871 1713 4930 (C.
1747 4871 1865 4933 G.),
1917 4872 1951 4924 8
1989 4872 2134 4923 maii
2163 4871 2310 4934 1847;
2353 4872 2524 4924 instr.
2580 4871 2683 4931 (ad
2725 4871 2849 4922 vic.
2883 4872 2991 4931 Ap.
3026 4870 3251 4922 Indiar.
3285 4870 3556 4933 orient),

547 4961 583 5010 8
610 4960 760 5018 sept.
802 4959 950 5019 1889,
982 4972 1041 5010 n.
1077 4960 1127 5010 2.

710 5051 736 5086 ⁸
780 5049 1136 5102 Benedictus
1164 5049 1315 5107 XIV.
1346 5051 1464 5103 litt.
1495 5062 1589 5109 ap.
1622 5066 1652 5100 ι
1686 5050 1778 5100 Eo
1814 5050 2055 5101 sublimi
2087 5066 2136 5110 ι,
2168 5050 2234 5102 26
2262 5052 2381 5101 ian.
2414 5050 2562 5108 1753,
2599 5049 2625 5110 3
2657 5052 2708 5110 1,
2739 5050 2788 5111 2:
2814 5062 2905 5110 ep.
2937 5050 3156 5108 encycl.
3191 5064 3221 5098 ι
3252 5048 3452 5105 Quam
3479 5062 3559 5099 eo

546 5138 785 5188 sublimi
818 5153 868 5199 ι,
895 5138 930 5191 8
954 5151 1088 5200 aug.
1120 5139 1267 5200 1755,
1301 5139 1327 5200 3
1356 5141 1408 5200 1,
1439 5139 1499 5201 2,·
1520 5140 1571 5202 4;
1600 5138 1660 5192 S.
1693 5139 1760 5192 C.
1791 5140 1865 5192 de
1894 5130 2076 5201 Prop.
2106 5140 2270 5202 Fide,
2309 5140 2463 5191 decr.
2504 5139 2570 5191 20
2595 5139 2740 5190 mali
2768 5138 2917 5200 1⁷8oe
2954 5138 3042 5197 (Ο.
3077 5139 3141 5188 Ρ.
3177 5149 3284 5198 pro
3316 5136 3448 5189 Sin.
3485 5167 3557 5175 —

548 5226 914 5289 Sutehuen.),
955 5230 989 5280 9
1023 5228 1147 5280 dec.
1187 5229 1336 5290 1822,
1375 5228 1453 5280 ad
1501 5229 1551 5290 2;
1605 5229 1694 5289 (O.
1745 5228 1863 5290 (1.),
1904 5229 1939 5282 8
1974 5231 2120 5280 maii
2161 5229 2308 5291 1847ς
2347 5230 2518 5280 instr.
2570 5227 2672 5288 (ad
2701 5228 2826 5279 Vic.
2859 5229 2967 5288 Ap.
3003 5227 3227 5280 Indiar.
3259 5226 3555 5291 orient),

544 5320 580 5369 8
613 5321 760 5377 sept.
800 5318 950 5379 1869,
985 5331 1042 5369 11.
1080 5319 1130 5370 2.

712 5410 737 5446 ⁷
781 5406 838 5459 S.
872 5407 936 5460 G.
979 5409 1054 5460 de
1094 5409 1263 5469 Prop.
1299 5408 1464 5470 Fide,
1497 5408 1652 5460 decr.
1685 5409 1752 5461 20
1783 5409 1928 5459 maii
1967 5407 2115 5461 1786.
