3753 5871
446 348 556 406 328
1581 340 1778 391 Gom
1824 336 1986 388 luris
2026 334 2307 389 cononici

630 532 664 615 ξ
711 531 777 597 2.
827 528 1435 598 Consecrationes
1480 545 1568 593 ac
1607 525 2151 593 benedictiones
2192 524 2344 591 nive
2379 522 2909 591 constitutivae
2957 522 3111 588 sive
3151 521 3438 587 invoca·

454 641 651 709 tivae
693 639 1061 707 invalidae
1105 640 1306 719 sunt,
1354 636 1417 702 si
1465 634 1803 702 adhibita
1848 651 1996 699 non
2044 633 2276 701 fuerit
2321 631 2647 699 formula
2700 631 2794 698 ab
2842 628 3176 697 Ecclesia
3234 645 3438 712 prae-

453 746 756 830 scripta.

1725 851 1903 917 CAN.
1955 850 2152 917 1149.

632 995 1218 1078 Benedictiones,
1275 994 1641 1078 imprimis
1681 991 2215 1078 impertiendae
2266 990 2677 1066 catholicis,
2730 989 2899 1057 dari
2955 1005 3240 1072 quoque
3283 1003 3443 1069 pos·

454 1108 632 1172 sunt
655 1102 1224 1183 catechumenia,
1256 1103 1427 1183 im0‚
1461 1102 1604 1168 nisi
1632 1102 1873 1169 obstet
1900 1100 2274 1167 Ecclesiae
2301 1098 2726 1183 prohibitio,
2758 1096 2981 1164 etiam
3011 1092 3446 1162 acatholicis

454 1211 550 1279 ad
589 1211 1065 1279 obtinendum
1105 1210 1275 1278 fidei
1310 1210 1558 1277 lumen
1602 1209 1743 1288 vel,
1792 1227 1942 1276 una
1984 1227 2149 1275 cum
2186 1207 2344 1289 illo,
2391 1205 2725 1290 corporis
2761 1206 3159 1271 sanitatem
3205 1204 3253 1274 ¹.

1721 1402 1899 1471 om.
1954 1400 2149 1467 1150.

630 1547 776 1615 Res
802 1551 1299 1627 consecratae,
1336 1547 1452 1614 vel
1479 1546 1905 1613 benedictae
1939 1547 2427 1615 constitutiva
2460 1547 2991 1629 benedictione,
3033 1555 3452 1617 reverenter

454 1659 875 1723 tractentur
939 1672 1171 1738 neque
1220 1654 1311 1720 ad
1357 1672 1569 1720 usum
1633 1653 2031 1736 profanum
2092 1655 2208 1722 vel
2271 1673 2416 1721 non
2481 1656 2862 1739 proprium
2927 1655 3448 1737 adhibeantur,

454 1762 747 1828 etiamsi
795 1761 872 1827 in
912 1760 1240 1828 dominio
1281 1760 1742 1844 privatorum
1789 1760 1944 1829 sint
1976 1761 2028 1831 '.

1725 1956 1904 2023 CAN.
1956 1955 2152 2023 1151.
2233 2045 2237 2050 ι

635 2095 669 2179 §
716 2100 782 2162 1.
834 2098 1089 2179 Nemo,
1133 2102 1502 2181 potestate
1538 2098 2005 2165 exorcizandi
2047 2096 2455 2181 praeditus,
2508 2096 2951 2164 exorcismos
2991 2097 3069 2163 in
3121 2097 3452 2165 obsessos

458 2204 790 2288 proferre
824 2206 1149 2288 legitime
1175 2210 1444 2287 potest.
1485 2204 1629 2270 nisi
1656 2205 1750 2270 ab
1776 2205 2179 2272 ordinario
2207 2205 2651 2288 peculiarem
2680 2209 2755 2272 et
2783 2223 3200 2289 expressam
3230 2204 3444 2272 licen·

456 2310 638 2377 tiam
680 2311 1088 2378 obtinuerit
1122 2311 1177 2380 ⁸.

637 2419 669 2500 ξ
718 2417 783 2483 2.
835 2418 1040 2486 Haec
1072 2419 1393 2486 'licentia
1441 2419 1535 2486 ab
1581 2419 1985 2487 Ordinario
2035 2419 2484 2487 concedatur
2530 2419 3046 2488 tantummodo
3087 2419 3452 2488 sacerdoti

397 2524 407 2533 ’
459 2525 760 2609 pietate,
813 2526 1213 2610 prudentia
1263 2545 1349 2593 ac
1394 2527 1592 2594 vitae
1637 2527 2074 2611 integritate
2120 2528 2481 2611 praedit03
2543 2528 2667 2612 qui
2726 2527 2822 2595 ad
2872 2528 3315 2595 exorcismos
3361 2546 3453 2595 ne

456 2633 833 2717 procedat,
875 2634 1021 2701 nisi
1058 2639 1446 2718 postquam
1484 2635 1828 2718 diligenti
1866 2633 2362 2719 prudentique
2407 2634 2977 2719 investigatione
3012 2634 3453 2719 compererit

456 2741 1018 2809 exorcizandum
1052 2760 1208 2809 esse
1247 2761 1501 2810 revera
1531 2762 1578 2809 a
1606 2743 1959 2810 daemone
1997 2743 2370 2810 obsessum
2398 2741 2451 2807 ⁴.

1110 2942 1116 2973 *
1744 2940 1921 3006 CAN.
1970 2937 2164 3005 1152.

639 3081 1052 3147 Exorcismi
1085 3099 1133 3146 a
1165 3080 1518 3164 legitimis
1553 3079 1920 3146 ministris
1959 3079 2119 3147 fieri
2156 3084 2467 3163 possunt
2502 3099 2648 3147 non
2685 3080 2922 3148 solum
2960 3081 3039 3147 in
3086 3080 3336 3149 fideles
3380 3054 3488 3148 et*

461 3189 1048 3268 catechumenos,
1089 3187 1213 3255 sed
1251 3188 1474 3254 etiam
1510 3187 1584 3253 in
1634 3187 2086 3255 acatholicos
2129 3188 2245 3256 vel
2279 3188 2947 3257 excommunicatos
2980 3186 3033 3255 ⁸.

1737 3381 1914 3448 CAN.
1966 3380 2161 3449 1153.

642 3520 972 3589 Ministri
1005 3523 1575 3589 exorcismorum
1621 3523 1746 3608 qui
1789 3525 2193 3590 occurrunt
2224 3524 2302 3589 in
2345 3523 2714 3606 baptismo
2754 3527 2829 3591 et
2861 3523 2941 3589 in
2973 3524 3455 3591 consecratio·

467 3628 684 3697 nibus
731 3629 846 3696 vel
897 3630 1554 3708 benedictionibus,
1610 3640 1788 3700 sunt
1840 3631 2059 3699 iidem
2116 3632 2241 3716 qui
2291 3630 2687 3699 eorundem
2740 3649 3117 3699 sacrorum
3176 3632 3452 3700 rituum

463 3735 775 3820 legitimi
809 3736 1135 3804 ministri
1169 3745 1345 3807 sunt
1381 3739 1432 3808 ⁸.

651 4011 674 4046 ¹
713 4009 772 4062 S.
808 4011 873 4063 O.
910 4011 968 4062 S.
1004 4010 1140 4071 Off„
1175 4010 1346 4061 lustr.
1399 4010 1501 4068 (ad
1535 4010 1639 4069 Ep.
1686 4009 2009 4070 Scodren.),
2043 4010 2108 4061 11
2139 4007 2262 4060 dec.
2298 4008 2445 4070 17492
2486 4008 2803 4069 (sconiae),
2838 4009 2903 4058 11
2935 4019 3070 4069 aug.
3108 4007 3256 4069 1768:
3290 4006 3350 4060 8.
3389 4008 3457 4060 O.

468 4102 540 4153 de
585 4100 753 4160 Prop.
797 4099 943 4151 Fide
985 4100 1072 4159 (O.
1114 4099 1230 4158 G.),
1264 4098 1331 4150 17
1363 4109 1488 4157 apr.
1528 4098 1676 4158 1758,
1712 4097 1789 4149 ad
1821 4098 1871 4150 3.

640 4194 665 4227 ²
706 4189 771 4240 C.
806 4189 887 4247 17,
920 4190 984 4239 C.
1017 4188 1149 4243 XII,
1182 4201 1236 4249 q.
1270 4188 1318 4248 23
1350 4187 1489 4247 neg.
1523 4189 1606 4245 51,
1641 4187 1709 4236 Β.
1752 4189 1786 4238 J
1797 4224 1831 4247 .,
1865 4188 1928 4238 ln
1969 4187 2095 4249 VI⁰3
2125 4186 2299 4238 Cone.
2333 4185 2573 4237 Nicaen.
2610 4184 2694 4246 11,
2729 4184 2887 4237 actio
2919 4185 3055 4245 vn,
3089 4183 3353 4244 definitio
3388 4184 3462 4234 de

468 4280 658 4330 sacris
689 4278 1063 4337 imoinibus:
1097 4277 1415 4337 Gregorius
1453 4276 1603 4336 xvl,
1640 4276 1878 4328 allocut.
1915 4290 1945 4326 ι
1980 4275 2243 4334 Afflictas
2276 4289 2324 4334 ι,
2359 4276 2391 4326 1
2422 4275 2597 4326 mart.
2632 4273 2780 4326 1841.

648 4371 674 4407 ³
710 4367 1065 4418 Benedictus
1091 4366 1242 4426 XIV,
1272 4378 1363 4426 ep.
1399 4381 1430 4415 ι
1458 4364 1858 4414 sollicitudini
1898 4380 1947 4425 n,
1979 4367 2011 4415 1
2047 4366 2159 4416 oct.
2193 4363 2341 4423 1745,
2376 4363 2403 4424 ς
2434 4364 2516 4424 43;
2545 4374 2635 4423 ep.
2668 4363 2885 4425 encycl.
2921 4378 2953 4414 ι
2984 4362 3199 4423 Moeno
3237 4373 3370 4413 cum
3404 4377 3457 4422 ι,

468 4459 501 4510 2
533 4459 654 4509 lun.
693 4458 840 4516 1751,
886 4458 912 4517 ὅ
948 4456 1030 4518 34;
1063 4455 1120 4509 S.
1157 4456 1221 4507 Ο.
1258 4456 1332 4507 de
1365 4456 1536 4516 Prop.
1574 4454 1735 4514 Flde.
1773 4455 1944 4505 lustr.
1999 4453 2101 4513 (ad
2134 4453 2239 4513 Dp.
2288 4452 2608 4513 Scodram,
2643 4453 2708 4504 11
2742 4455 2892 4513 sept.
2927 4453 3075 4511 1779,
3110 4464 3170 4503 n.
3201 4453 3251 4503 1.

643 4549 671 4583 ⁴
710 4546 1066 4599 Benedictus
1090 4546 1240 4605 xlv,
1267 4556 1357 4605 ep.
1395 4561 1426 4595 ι
1453 4543 1853 4595 sollicitudini
1880 4559 1929 4603 ι,
1956 4545 1989 4594 1
2021 4545 2134 4596 oct.
2164 4543 2311 4603 1745,
2344 4543 2371 4604 ὅ
2401 4542 2484 4604 43ς
2508 4542 2752 4594 thuale
2777 4540 2967 4601 Rom..
3001 4542 3097 4593 tit.
3127 4541 3193 4600 X,
3223 4551 3274 4591 c.
3304 4541 3357 4600 1,
3390 4541 3467 4591 de

469 4637 874 4686 exorcizandis
904 4637 1160 4686 obsessis
1190 4648 1228 4684 a
1259 4635 1584 4694 daemonio,
1623 4647 1681 4686 n.
1713 4619 1763 4694 1,
1794 4635 1844 4687 3.

647 4728 674 4763 ⁸
717 4726 774 4777 S.
813 4726 878 4777 Ο.
913 4726 986 4776 de
1029 4727 1198 4784 Prop.
1238 4725 1400 4782 Fide,
1437 4724 1607 4775 lustr.
1652 4724 1754 4783 (ad
1790 4725 1894 4785 1321).
1935 4723 2256 4783 Scodram,
2291 4724 2356 4773 11
2389 4726 2537 4782 sept.
2581 4722 2729 4773 1779.

649 4817 674 4851 ⁶
717 4815 776 4866 S.
811 4813 876 4865 C.
916 4815 974 4865 8.
1010 4813 1148 4873 off„
1181 4812 1247 4864 17
1288 4816 1435 4873 sept.
1470 4812 1617 4865 1681.
