3753 5871
1302 326 1480 378 Liber
1509 323 1813 376 Secundus
1854 349 1874 362 -
1908 323 1998 375 De
2040 322 2314 375 Per-sonu
3195 317 3299 378 151

311 517 522 600 gravi
567 515 1030 598 infirmitate,
1079 514 1366 600 quoties
1408 513 1805 596 voluerint,
1851 512 2217 595 confiteri,
2278 531 2409 580 nec
2459 512 2829 579 Antistita
2872 515 3118 596 potest
3174 528 3299 579 eas

312 623 468 690 sive
498 623 777 691 directe
816 624 970 691 sive
1010 621 1369 690 indirecte
1404 621 1789 707 prohibere
1837 621 1887 689 ².

1580 802 1756 870 OAN.
1822 800 1975 868 524.

492 929 526 1010 ἓ
574 930 640 994 1.
691 929 782 995 In
813 946 1084 994 munus
1115 926 1553 995 confessarii
1584 925 2096 1011 religiosarum
2124 929 2203 993 et
2229 925 2593 993 ordinarii
2623 933 2698 994 et
2725 927 3302 995 extraordinarii

310 1037 767 1121 deputentur
797 1035 1239 1118 sacerdotes,
1267 1035 1420 1102 sive
1443 1054 1484 1102 e
1506 1034 1706 1102 clero
1733 1034 2124 1117 saeculari,
2162 1035 2314 1103 sive
2348 1034 2675 1119 religiosi
2701 1036 2792 1103 de
2822 1036 3301 1121 Superiorum

314 1143 641 1226 licentia,
676 1162 963 1211 morum
995 1143 1428 1230 integritate
1461 1160 1548 1210 ac
1581 1143 1982 1230 prudentia
2024 1148 2510 1228 praestantes3
2545 1144 2698 1213 sint
2731 1145 3036 1228 insuper
3069 1162 3304 1213 annos

315 1254 478 1321 nati
518 1253 1038 1338 quadraginta,
1089 1252 1234 1319 nisi
1278 1251 1478 1318 iusta
1523 1269 1775 1334 causa,
1816 1252 2096 1319 iudicio
2131 1251 2539 1332 Ordinarii,
2580 1252 2788 1320 aliud
2827 1253 3101 1337 exigat,
3145 1254 3300 1320 nui·

314 1359 466 1427 lam
501 1364 942 1445 potestatem
986 1361 1066 1426 in
1103 1359 1390 1428 easdem
1433 1359 1816 1444 religiosas
1849 1360 1928 1427 in
1965 1359 2132 1426 foro
2167 1364 2472 1427 externo
2508 1361 2859 1427 habentes
2900 1358 2951 1424 ³.

495 1467 528 1551 ξ
574 1467 643 1534 2.
692 1467 1211 1535 Confessarius
1250 1466 1674 1534 ordinarius
1716 1485 1862 1534 non
1906 1471 2150 1552 potest
2202 1467 2619 1535 renuntiari
2669 1467 3307 1535 extraordinarius

315 1593 475 1659 nec,
514 1581 812 1660 praeter
853 1593 1071 1643 casus
1114 1576 1195 1642 in
1238 1594 1402 1643 can.
1446 1575 1576 1643 526
1613 1576 2038 1659 recensitos,
2083 1594 2341 1643 rursus
2377 1576 2724 1659 deputari
2763 1576 3189 1643 ordinarius
3226 1577 3305 1642 in

313 1683 568 1753 eadem
599 1683 1152 1766 communitate,
1191 1683 1334 1750 nisi
1364 1689 1533 1769 post
1559 1702 1836 1750 annum
1865 1685 1959 1751 ab
1990 1684 2283 1768 expleto
2315 1702 2638 1768 munere3
2666 1684 3307 1752 extraordinarius

315 1810 493 1861 vero
523 1791 946 1860 immediate
983 1796 1067 1860 ut
1102 1790 1526 1859 ordinarius
1561 1792 1977 1861 renuntiari
2016 1797 2261 1877 potest
2300 1789 2352 1858 ³.

499 1899 534 1983 ᾗ
577 1899 647 1968 3.
695 1899 1154 1969 confessarii
1199 1900 1710 1985 religiosarum
1751 1905 1911 1968 tum
1956 1900 2319 1968 ordinarii
2363 1904 2519 1968 tum
2572 1896 3148 1967 extraordinarii
3200 1900 3305 1966 in·

321 2012 538 2076 terno
567 2007 683 2076 vel
709 2012 1015 2076 externo
1038 2009 1594 2077 communitatis
1629 2008 1970 2095 regimini
2003 2009 2210 2076 nullo
2237 2008 2451 2077 modo
2481 2027 2639 2075 sese
2666 2007 3126 2075 immisceant
3164 2006 3218 2073 ⁴.

1620 2185 1797 2251 CAN.
1835 2184 1989 2252 525.

497 2307 581 2375 Si
621 2308 1134 2393 religiosarum
1182 2308 1659 2405 domus‘Sedi
1706 2307 2180 2393 Apostolicae
2220 2307 2642 2375 immediate
2680 2306 3011 2375 subiecta
3055 2306 3155 2373 sit
3194 2305 3310 2373 vel

318 2414 722 2484 ordinario
751 2417 920 2500 loci,
958 2417 1076 2484 hic
1105 2416 1317 2500 eligit
1348 2417 1764 2485 sacerdotes
1795 2434 1843 2483 a
1880 2416 2467 2484 confessionibus
2503 2420 2664 2483 tum
2699 2415 3117 2485 ordinarios
3151 2417 3310 2482 tum

318 2524 976 2609 extraordinario&
1016 2525 1081 2592 si
1124 2518 1509 2609 Superiori
1561 2525 1913 2608 regulari,
1958 2525 2077 2592 hic
2124 2523 2619 2592 confessarios
2660 2522 3065 2590 Ordinario
3105 2539 3309 2606 prae·

319 2634 594 2705 sentat.
624 2633 841 2700 cuius
875 2638 989 2700 est
1024 2633 1313 2701 eosdem
1344 2651 1484 2718 pro
1510 2633 1902 2702 audiendis
1929 2633 2229 2700 illarum
2266 2633 2696 2702 monialium
2727 2631 3315 2700 confessionibus

320 2739 734 2822 approbare
765 2745 842 2809 et
874 2739 1297 2825 Superioris
1337 2740 1889 2846 negligentiam4
1920 2742 1985 2808 si
2025 2759 2211 2825 opus
2243 2741 2368 2823 sit,
2403 2741 2747 2824 supplere
2785 2737 2840 2806 ⁸.

1620 2917 1798 2987 CAN.
1840 2917 1993 2986 526.

494 3040 1570 3128 Religiosarumconfessarius
1602 3045 2028 3112 ordinarius
2067 3063 2281 3111 suum
2315 3062 2584 3111 munus
2626 3061 2716 3110 ne
2747 3044 3085 3111 exerceat
3115 3041 3320 3109 ultra

323 3148 753 3233 triennium
794 3151 1242 3219 ordina-rius
1284 3157 1533 3222 tamen
1573 3171 1739 3221 eum
1791 3154 1888 3221 ad
1942 3153 2367 3236 secundum,
2412 3154 2564 3221 imo
2603 3152 2829 3220 etiam
2868 3150 2966 3220 ad
3010 3150 3314 3218 tertium

513 3373 535 3409 ²
572 3373 632 3426 Β.
665 3374 732 3428 0.
767 3375 841 3428 de
881 3375 1216 3438 Religiosis,
1249 3376 1406 3428 decr.
1444 3377 1478 3429 3
1517 3377 1667 3434 tebr.
1703 3378 1852 3440 1913,
1896 3391 1955 3431 ιι.
1995 3380 2077 3432 15.

504 3465 533 3503 ²
567 3462 925 3517 Benedictus
957 3465 1109 3526 xlv.
1154 3477 1246 3526 ep.
1284 3468 1503 3528 encycl.
1542 3481 1574 3518 α
1608 3467 2041 3525 Damnatam
2077 3485 2127 3531 ι,
2168 3470 2233 3521 24
2266 3471 2388 3523 dec.
2431 3472 2579 3534 1743,
2629 3474 2657 3535 3
2696 3473 2777 3535 24:
2821 3478 3005 3528 const.
3049 3490 3080 3526 ι
3117 3474 3318 3527 Pasto-

330 3552 481 3605 τοδί.
511 3562 689 3604 oum
715 3569 768 3614 ι,
804 3555 839 3606 3
868 3567 1002 3617 aug.
1038 3555 1185 3617 1748ς
1220 3559 1405 3609 const.
1440 3571 1473 3608 ι
1503 3555 1784 3617 Quamvis
1814 3558 1973 3610 iusto
2014 3572 2064 3619 ι,
2095 3559 2162 3611 30
2190 3571 2317 3620 apr.
2349 3561 2497 3620 1749.
2533 3562 2561 3623 3
2594 3563 2675 3625 14:
2709 3562 2768 3615 S.
2800 3563 2867 3615 O.
2902 3564 3008 3624 Ep.
3047 3567 3112 3616 et
3145 3564 3311 3626 Rex..

328 3641 595 3701 Pam„
620 3641 688 3694 21
714 3642 871 3696 mbr.
901 3644 1049 3706 1614:
1077 3643 1347 3703 omma,
1374 3645 1441 3698 28
1465 3658 1598 3697 nov.
1630 3637 1778 3709 1721:
1806 3645 1865 3700 Β.
1898 3647 1964 3700 O.
1998 3648 2074 3700 de
2108 3649 2443 3711 neumenia,
2474 3651 2629 3703 decr.
2669 3653 2702 3705 3
2731 3653 2880 3705 febr.
2912 3654 3061 3714 1913,
3091 3665 3151 3706 ιι.
3182 3653 3234 3715 7,
3267 3653 3317 3705 8.

502 3734 529 3770 ³
571 3730 630 3783 S.
663 3731 728 3783 C.
762 3732 868 3792 mp.
897 3735 961 3785 et
997 3732 1160 3795 neg..
1192 3733 1500 3793 Peraeam,
1531 3736 1597 3786 14
1626 3736 1775 3788 febr.
1815 3737 1963 3799 1031;
1993 3736 2372 3798 squillacen..
2409 3739 2474 3791 21
2509 3743 2656 3800 sept.
2689 3741 2837 3804 104ος
2871 3740 2930 3795 Β.
2962 3742 3028 3795 C.
3062 3744 3136 3796 de
3165 3742 3320 3795 Beli·

324 3818 530 3880 zio-is,
562 3818 718 3872 decr.
753 3820 787 3872 3
821 3820 975 3873 tebr.
1011 3821 1160 3883 1913,
1192 3834 1252 3875 ιι.
1287 3823 1337 3875 9.

324 3995 461 4050 1012
506 3910 536 3948 ⁴
575 3908 634 3961 S.
690 3909 756 3962 O.
804 3910 910 3971 Ep.
955 3914 1018 3963 et
1058 3911 1222 3974 neg..
1277 3911 1631 3972 Mensam..
1673 3914 1741 3967 17
1781 3927 1915 3967 nov.
1971 3915 2119 3978 1599;
2162 3915 2221 3970 8.
2278 3916 2343 3968 G.
2392 3916 2465 3969 de
2509 3918 2843 3980 Religiosis.
2891 3920 3047 3972 decr.
3092 3919 3127 3973 3
3168 3920 3318 3973 febr.

462 4034 478 4059 ‚
511 4009 570 4049 ιι.
602 3998 686 4049 10.

505 4090 533 4127 ⁸
570 4088 744 4140 Cone.
780 4088 1069 4150 Trident„
1105 4101 1248 4141 sess.
1289 4089 1458 4151 XXV,
1493 4093 1565 4141 ds
1598 4091 1990 4152 muniar-ibus,
2025 4105 2077 4145 c.
2112 4095 2195 4156 103
2236 4093 2553 4156 Gregorius
2586 4097 2703 4156 XV.
2738 4099 2923 4149 const.
2961 4113 2993 4147 ι
3026 4095 3323 4147 lusor-uta·

331 4176 440 4227 uu
465 4191 518 4239 ι,
545 4178 580 4231 δ
605 4178 755 4230 febr.
787 4178 935 4238 1022,
966 4180 993 4240 s
1023 4179 1073 4241 ὗς
1096 4179 1368 4232 Clemens
1397 4180 1464 4239 X.
1500 4184 1684 4233 const.
1719 4197 1750 4233 ι
1784 4182 2054 4243 Superum
2084 4199 2133 4243 ι.
2163 4183 2227 4235 21
2260 4185 2388 4236 iun.
2419 4184 2568 4246 1070,
2602 4186 2630 4247 3
2659 4186 2711 4247 4;
2738 4186 3120 4239 Innocentius
3154 4187 3321 4249 XIII,

325 4269 517 4318 const.
553 4283 585 4317 ι
612 4266 935 4326 Apostouot
961 4268 1280 4320 minister-u
1305 4279 1355 4330 »ς
1391 4269 1457 4321 23
1480 4270 1626 4321 maii
1654 4271 1801 4331 1723,
1840 4272 1868 4333 3
1898 4273 1979 4333 2ος
2015 4272 2371 4325 Benedictus
2400 4274 2567 4335 1111,
2595 4277 2781 4327 const.
2815 4290 2846 4326 ι
2871 4275 2946 4326 In
2972 4286 3244 4335 supremo
3272 4291 3323 4336 ι,

327 4353 397 4409 28
436 4358 584 4417 sept.
621 4357 769 4418 1724,
806 4357 834 4418 3
868 4357 952 4417 17,
986 4358 1067 4419 ae:
1096 4360 1282 4410 const.
1320 4374 1351 4410 ι
1393 4358 1722 4411 Pastor-am
1756 4360 1933 4420 officii
1965 4376 2015 4421 ι,
2052 4361 2118 4413 27
2159 4369 2336 4414 mart.
2376 4363 2525 4423 1720,
2565 4363 2591 4424 3
2635 4363 2686 4425 3,
2716 4363 2770 4423 8,
2801 4365 2852 4425 9;
2884 4364 3155 4417 Clemens
3188 4364 3321 4426 ΧΠ,

327 4447 517 4496 const.
557 4461 588 4497 ι
631 4446 918 4497 Admonet
957 4445 1074 4498 Nos
1110 4463 1159 4509 n,
1203 4449 1271 4500 11
1304 4461 1437 4510 aug.
1477 4449 1625 4510 1735,
1674 4449 1700 4510 3
1738 4452 1789 4510 1,
1820 4450 1870 4511 3;
1915 4449 2273 4503 Benedictus
2310 4452 2460 4512 xlv,
2498 4456 2683 4505 const.
2726 4468 2757 4504 ι
2792 4452 2882 4503 Ad
2918 4453 3237 4506 militantis
3274 4471 3325 4515 ι,

326 4533 398 4586 30
432 4537 609 4586 mart.
650 4535 796 4595 1742,
836 4535 862 4596 3
901 4536 982 4597 2ος
1016 4548 1106 4597 ep.
1143 4539 1362 4598 encycl.
1407 4553 1438 4589 ι
1482 4537 1916 4589 Demcndatam
1953 4555 2003 4600 ι,
2050 4540 2116 4591 24
2154 4541 2277 4592 dec.
2309 4541 2457 4602 1743,
2497 4542 2525 4603 3
2570 4541 2656 4603 24;
2691 4545 2877 4594 const.
2921 4558 2951 4593 α
2998 4542 3327 4594 Pastor-alis

329 4633 510 4673 curae
539 4640 588 4686 ο,
624 4626 659 4676 5
688 4637 821 4686 aug.
854 4626 1002 4688 1748:
1028 4628 1213 4678 const.
1250 4643 1286 4678 ι
1315 4626 1596 4687 Quamvis
1627 4627 1786 4679 lusto
1823 4644 1873 4690 ι,
1906 4630 1972 4681 30
2008 4641 2135 4691 apr.
2166 4630 2316 4692 1749,
2355 4630 2383 4691 3
2413 4630 2497 4691 13,
2528 4632 2611 4692 14;
2641 4631 2913 4684 Clemens
2940 4632 3107 4692 XIII,
3137 4636 3325 4686 const.

329 4726 365 4763 α
396 4712 567 4762 Inter
598 4713 956 4773 multiplices
987 4732 1037 4775 ι»,
1069 4717 1136 4767 11
1168 4716 1290 4767 dec.
1325 4716 1472 4776 1758,
1514 4717 1542 4778 3
1583 4717 1687 4778 5-7;
1721 4717 1837 4769 Leo
1878 4717 2044 4776 XIII.
2081 4722 2266 4771 const.
2302 4735 2334 4769 ι
2379 4718 2665 4771 conditae
2698 4733 2736 4771 a
2773 4718 3010 4773 Christo
3053 4738 3103 4781 ι,
3138 4722 3173 4774 8
3200 4722 3324 4774 dec.

329 4802 481 4863 1900,
512 4802 540 4863 3
575 4803 626 4863 1,
657 4816 716 4853 ιι.
748 4804 848 4864 xl,
883 4805 909 4864 ξ
939 4804 992 4865 2,
1021 4817 1079 4855 ιι.
1116 4805 1286 4867 V111;
1315 4806 1373 4856 S.
1406 4805 1471 4857 C.
1513 4808 1618 4867 mp.
1647 4810 1712 4859 et
1746 4808 1912 4869 Reg„
1951 4808 2255 4865 veronen„
2285 4809 2351 4861 15
2380 4810 2528 4861 febr.
2561 4810 2708 4871 1593ς
2737 4809 3080 4868 Bononien„
3110 4811 3143 4863 3
3175 4812 3325 4864 febr.

329 4891 479 4951 1599:
509 4890 861 4953 Gebennen„
893 4895 960 4945 19
989 4895 1106 4945 ian.
1139 4894 1286 4956 1618:
1316 4894 1658 4955 Tot-moen„
1688 4898 1754 4948 19
1780 4899 1895 4948 oct.
1927 4896 2075 4957 1021,
2111 4897 2190 4949 ad
2226 4898 2275 4959 2ς
2304 4894 2694 4954 Saluum-um.
2733 4899 2798 4951 23
2827 4898 2952 4951 dec.
2982 4900 3132 4960 1044,
3174 4900 3253 4952 ad
3281 4901 3332 4961 7;

328 4980 488 5031 decr.
521 4998 552 5031 α
588 4981 1086 5042 Quemadmodum
1114 4999 1162 5043 n,
1193 4983 1258 5034 17
1288 4984 1416 5035 dec.
1446 4981 1592 5045 1890,
1623 4997 1681 5036 ιι.
1721 4987 1769 5047 4;
1800 4985 1857 5038 S.
1891 4985 1957 5038 C.
1990 4986 2079 5046 C..
2119 4986 2461 5044 Ver-cellen„
2495 4987 2560 5039 23
2587 5000 2721 5049 aug.
2754 4988 2901 5049 1631:
2932 4989 3329 5048 eameram„

331 5069 401 5121 m
425 5069 550 5121 dee.
585 5071 730 5133 1031;
760 5071 972 5132 Belou,
1001 5071 1035 5123 0
1058 5083 1187 5132 apr.
1217 5071 1365 5134 1047;
1394 5073 1620 5132 Owen..
1648 5075 1714 5127 13
1748 5087 1882 5127 nov.
1915 5076 2061 5137 1049;
2095 5076 2441 5134 vadus-een..
2471 5076 2504 5126 2
2534 5076 2637 5128 iul.
2679 5077 2827 5137 1050,
2867 5077 2946 5129 ad
2975 5079 3027 5137 1.
3066 5078 3115 5139 2;
3148 5076 3328 5128 Peru-

332 5159 488 5217 sina,
531 5160 596 5211 20
628 5173 758 5212 nov.
803 5161 951 5223 16503
988 5161 1261 5221 lennem,
1295 5163 1362 5214 15
1392 5176 1523 5215 nov.
1564 5164 1711 5224 1⁶53:
1746 5165 2006 5224 curten„
2048 5166 2115 5218 10
2145 5176 2274 5225 apr.
2309 5165 2459 5225 1000.
2494 5165 2571 5218 ad
2605 5165 2654 5229 2:
2692 5166 3133 5226 Fran-slavica„
3170 5167 3235 5219 10
3268 5170 3332 5219 et

329 5249 400 5301 30
434 5250 552 5300 ian.
591 5250 739 5312 1723:
772 5249 1163 5309 Phar-nonen..
1198 5253 1264 5303 19
1299 5256 1468 5313 sept„
1504 5254 1569 5304 14
1608 5266 1738 5305 nov.
1784 5255 1934 5314 1733,
1972 5254 2051 5306 ad
2093 5255 2142 5317 3;
2181 5254 2608 5314 constantien„
2644 5255 2711 5307 18
2755 5256 2899 5317 iun..
2936 5256 2972 5309 0
3004 5269 3138 5318 aug.
3186 5257 3333 5319 174ος

332 5338 680 5397 Ariminen„
716 5329 750 5390 2
787 5344 851 5393 et
883 5340 949 5392 10
979 5341 1104 5393 dec.
1147 5341 1298 5402 1747,
1333 5341 1400 5393 27
1434 5343 1552 5393 ian.
1585 5342 1733 5403 1748,
1779 5342 1858 5394 ad
1892 5344 2061 5405 10-13;
2105 5343 2422 5403 Basileon„
2462 5344 2527 5395 22
2560 5347 2708 5405 sept.
2748 5345 2896 5405 1753.
2932 5346 2967 5398 9
3001 5347 3149 5398 tebr.
3182 5345 3331 5406 1754,

330 5429 410 5481 ad
446 5429 543 5492 113
578 5427 935 5489 olomucen..
967 5430 999 5481 7
1031 5431 1175 5483 iun..
1210 5430 1245 5480 2
1275 5443 1408 5493 aug.
1447 5432 1596 5492 1755,
1639 5433 1717 5484 ad
1750 5435 1832 5493 11;
1876 5432 1935 5485 S.
1968 5434 2033 5485 C.
2072 5433 2146 5485 de
2177 5433 2513 5495 Religiosis,
2558 5433 2713 5487 decr.
2750 5434 2783 5486 3
2817 5435 2967 5487 febr.
2997 5435 3148 5495 1913,
3194 5447 3251 5486 ιι.
3283 5433 3334 5496 0;

334 5517 393 5568 Β.
426 5518 493 5570 C.
526 5517 602 5570 de
641 5519 812 5579 Prop.
847 5519 993 5570 Fide
1032 5519 1121 5579 (G.
1162 5518 1284 5580 6.).
1316 5520 1381 5571 11
1411 5519 1534 5572 dec.
1576 5521 1724 5582 1838,
1758 5522 1838 5574 ad
1876 5523 1926 5575 9.
