3753 5871
1201 345 1377 395 Liber
1408 343 1713 396 Secundus
1753 369 1773 382 ·
1807 345 1897 395 De
1939 345 2213 396 Pes-mu
3127 347 3200 407 69

1513 544 1690 611 CAN·
1728 543 1884 611 253.

384 670 418 752 ξ
467 673 531 736 1.
581 670 1076 755 congregatio
1129 669 1522 738 Sacrorum
1567 669 1876 737 Rituum
1919 670 2039 736 ius
2089 668 2310 737 habet
2358 669 2656 737 videndi
2699 674 2776 737 et
2817 670 3196 738 statuendi

207 796 293 844 ea
338 778 585 846 omnia
634 796 819 863 quae
869 795 1119 845 sacros
1165 778 1358 846 ritus
1415 782 1489 845 et
1534 777 2036 845 caeremonias
2082 778 2457 846 Ecclesiae
2504 778 2815 847 Latinae
2864 781 3193 862 proxime

206 892 573 970 spectant,
620 905 763 953 non
813 891 1061 953 autem
1114 904 1299 970 quae
1339 886 1570 953 latius
1610 885 1704 952 ad
1758 903 2009 953 sacros
2052 886 2245 953 ritus
2287 886 2739 969 referuntur,
2781 886 3195 956 cuiusmodi

205 1000 383 1061 sunt
422 994 978 1078 praecedentiae
1024 994 1193 1059 iura
1227 994 1522 1078 aliaque
1561 994 1637 1061 id
1677 1012 1936 1079 genus,
1972 993 2064 1061 de
2103 977 2368 1079 quibus
2406 995 2559 1062 sive
2598 999 2891 1062 servato
2937 994 3196 1062 ordine

204 1101 600 1169 iudiciario
630 1102 782 1169 sive
814 1102 893 1168 in
934 1101 1129 1168 linea
1168 1101 1636 1184 disciplinari
1670 1101 2128 1185 disceptetur
2158 1099 2209 1168 ².

385 1209 421 1291 ξ
467 1209 533 1276 2.
583 1209 769 1276 Eius
804 1209 1113 1293 proinde
1147 1214 1261 1277 est
1299 1210 1733 1292 praesertim
1769 1208 2204 1295 advigilare,
2255 1215 2341 1278 ut
2376 1209 2570 1278 sacri
2607 1210 2801 1281 ritus
2834 1227 2922 1276 ac
2957 1227 3192 1276 caere·

206 1317 497 1385 moniae
543 1317 940 1402 diligenter
979 1323 1366 1384 serventur
1404 1318 1483 1383 in
1529 1317 1758 1385 Sacro
1795 1317 2259 1400 celebrande,
2305 1317 2384 1384 in
2428 1317 2928 1386 Sacramentis
2966 1317 3193 1384 admi·

209 1425 647 1506 nistrandis,
689 1426 767 1492 in
810 1425 1086 1492 divinis
1137 1424 1394 1492 officiis
1435 1425 1961 1510 persolvendis,
2011 1426 2089 1492 in
2135 1426 2229 1491 iis
2270 1425 2585 1509 denique
2626 1424 2966 1492 omnibus
3011 1442 3197 1509 quae

208 1531 583 1599 Ecclesiae
622 1533 932 1600 Latinae
967 1532 1250 1599 cultum
1301 1533 1731 1617 respiciunt,
1777 1533 2368 1617 dispensationes
2405 1532 2801 1601 concedere
2848 1535 3194 1615 opportu-

209 1657 368 1722 nas;
412 1640 736 1724 insignia
774 1644 851 1707 et
893 1640 1193 1707 honoris
1236 1641 1625 1725 privilegia
1672 1645 1824 1708 tam
1869 1641 2291 1725 personalia
2344 1645 2420 1708 et
2462 1641 2558 1707 ad
2603 1643 2917 1723 tempus,
2978 1656 3194 1723 quam

206 1747 479 1814 localia
525 1753 600 1814 et
659 1754 1039 1831 perpetua.
1102 1767 1287 1833 quae
1333 1749 1428 1815 ad
1479 1768 1726 1816 sacros
1788 1750 1979 1816 ritus
2023 1749 2138 1816 vel
2187 1748 2686 1816 caeremonias
2744 1747 3195 1831 pertineant,

205 1854 537 1939 elargiri,
578 1861 653 1922 et
687 1874 944 1924 cavere
980 1875 1071 1925 ne
1115 1857 1193 1923 in
1230 1857 1407 1924 haec
1453 1857 1728 1924 abusus
1764 1858 2101 1940 irrepant
2137 1856 2188 1924 ².

387 1962 422 2043 §
467 1962 534 2029 3.
586 1963 920 2048 Denique
955 1982 1042 2031 ea
1086 1963 1333 2032 omnia
1378 1966 1537 2048 agit
1577 1983 1762 2049 quae
1799 1965 1895 2032 ad
1941 1963 2557 2032 beatificationem
2594 1967 2669 2030 et
2705 1960 3194 2029 canonizatio·

207 2088 375 2137 nem
413 2070 804 2137 Servorum
844 2072 981 2138 Dei
1016 2073 1131 2140 vel
1164 2073 1259 2142 ad
1306 2091 1557 2140 sacras
1594 2073 1949 2158 reliquias
1986 2091 2279 2156 quoquo
2319 2072 2535 2139 modo
2571 2067 2999 2140 referuntur
3034 2067 3086 2134 ³.

1500 2232 1677 2299 CAN.
1715 2232 1868 2298 254.

384 2354 501 2420 Ad
540 2355 1194 2438 Congregationem
1246 2355 1869 2422 caeremonialem
1909 2354 2233 2438 pertinet
2270 2353 2677 2421 moderatio
2712 2352 3196 2419 caeremonia·

209 2479 375 2526 rum
405 2462 482 2527 in
513 2462 801 2528 Sacello
826 2464 1166 2546 Aulaque
1192 2462 1615 2530 Pontificali
1652 2462 2179 2529 servandarum
2209 2468 2283 2529 et
2318 2479 2695 2528 sacrarum
2730 2459 3197 2526 functionum

207 2586 395 2648 quas
436 2569 701 2636 Patres
761 2570 1198 2638 Cardinales
1256 2574 1468 2637 extra
1527 2569 1952 2654 pontificale
2011 2570 2360 2637 sacellum
2433 2573 2819 2654 peragunt3
2880 2570 3202 2653 itemque

206 2673 461 2738 eadem
514 2674 1008 2762 Congregatio
1057 2679 1434 2762 cognoscit
1477 2680 1945 2763 quaestiones
1995 2678 2086 2746 de
2128 2677 2644 2774 praecedentia
2687 2682 2844 2745 tum
2889 2676 3199 2744 Patrum

205 2779 724 2846 Cardinalium
778 2789 933 2848 tum
980 2786 1421 2871 legatorum
1465 2806 1646 2872 quos
1697 2770 1949 2854 variae
1992 2787 2352 2854 Nationes
2404 2787 2497 2854 ad
2546 2786 2893 2854 Sanctam
2944 2785 3198 2852 Sedem

210 2887 530 2954 mittunt
569 2889 621 2956 ⁴.

1524 2962 1700 3027 ΟΑΝ.
1738 2960 1893 3027 255.

385 3081 502 3147 Ad
530 3080 1189 3166 congregationem
1217 3101 1352 3165 pro
1377 3084 1693 3167 negotiis
1723 3085 2243 3153 ecclesiasticis
2268 3086 2884 3154 extraordinariis
2916 3090 3204 3170 specta-t

207 3187 578 3254 dioeceses
621 3190 1073 3256 constituere
1116 3191 1230 3256 vel
1267 3190 1593 3259 dividere
1629 3199 1703 3260 et
1741 3194 1833 3260 ad
1880 3201 2230 3262 vacantes
2266 3194 2631 3263 dioeceses
2665 3196 2968 3264 idoneos
3003 3197 3204 3265 viros

210 3312 665 3377 promovere,
709 3297 994 3380 quoties
1032 3297 1230 3365 hisce
1262 3299 1352 3366 de
1390 3300 1606 3367 rebus
1642 3320 1807 3368 cum
1845 3302 2189 3370 civilibus
2236 3303 2634 3372 Guberniis
2669 3305 3031 3389 agendum
3070 3310 3205 3388 est;

208 3401 519 3485 insuper
547 3403 1042 3488 Congregatio
1074 3405 1152 3471 in
1179 3424 1259 3472 ea
1295 3409 1589 3490 negotia
1618 3409 2004 3493 incumbit,
2046 3405 2231 3494 quae
2267 3412 2426 3479 eius
2453 3412 2774 3479 examini
2805 3412 3199 3484 subiiciun-

208 3515 342 3577 tur
371 3529 415 3575 a
445 3510 745 3578 Summo
771 3512 1131 3580 Pontiflce
1153 3532 1284 3597 per
1307 3513 1777 3582 Cardinalem
1810 3518 2304 3585 secretarium
2338 3519 2625 3603 status,
2655 3521 3091 3604 praesertim
3115 3540 3204 3589 ex

209 3616 369 3683 illis
409 3634 595 3700 quae
642 3638 806 3685 cum
857 3618 1142 3704 legibus
1181 3620 1524 3687 civilibus
1562 3623 2039 3689 coniunctum
2083 3626 2366 3710 aliquid
2411 3625 2683 3692 habent
2721 3632 2798 3695 et
2837 3627 2933 3696 ad
2984 3633 3206 3712 pacta

204 3727 577 3790 conventa
612 3741 777 3790 cum
818 3727 1048 3793 variis
1089 3726 1538 3796 Nationibus
1588 3728 2016 3796 referuntur
2052 3730 2102 3796 ³.

1508 3888 1685 3956 CAN.
1723 3890 1874 3956 256.

394 4004 428 4086 ξ
477 4008 542 4071 1.
593 4006 1085 4091 Congregatio
1122 4009 1214 4077 de
1256 4010 1689 4078 Seminariis
1720 4018 1796 4079 et
1828 4012 2460 4081 Universitatibus
2491 4013 2906 4100 studiorum
2947 4012 3211 4098 vigilat

210 4131 442 4196 super
473 4114 812 4180 omnibus
848 4133 1031 4198 quae
1063 4115 1159 4181 ad
1200 4119 1545 4199 regimen,
1582 4119 2080 4204 disciplinam,
2116 4122 2593 4205 temporalem
2627 4120 3206 4189 administratio-

390 4342 412 4377 1
451 4341 595 4392 Pius
630 4342 695 4402 Χ,
731 4347 915 4392 const.
953 4358 985 4392 α
1019 4340 1288 4400 Sapienti
1323 4342 1563 4394 consilio
1597 4360 1646 4405 ιι,
1682 4346 1746 4397 29
1781 4349 1901 4397 lun.
1948 4347 2096 4407 1908,
2138 4348 2164 4409 ξ
2210 4349 2260 4408 1,
2307 4362 2362 4400 n.
2395 4349 2471 4411 80,
2505 4353 2552 4412 1;
2586 4351 2744 4403 Ordo
2787 4352 3113 4405 servandus
3146 4353 3208 4404 ln

219 4432 281 4480 Β.
319 4431 902 4491 congregationibus,
937 4431 1376 4489 Tribunalibus,
1410 4429 1625 4483 Officiis
1666 4434 1966 4487 Romanae
1999 4436 2232 4497 Curiae,
2279 4440 2343 4490 29
2384 4443 2529 4499 sept.
2571 4439 2718 4501 1908,
2765 4441 2913 4493 Pars
2948 4440 3032 4502 11,
3067 4441 3210 4492 Nor-

218 4531 355 4571 mae
387 4520 731 4579 peculiares,
766 4530 892 4578 cap.
930 4519 1064 4579 vn,
1101 4522 1215 4570 art.
1254 4519 1420 4577 VIII,
1458 4532 1515 4570 n.
1551 4521 1626 4571 20.

386 4610 415 4646 ²
455 4610 598 4659 Plus
629 4609 694 4667 Χ,
737 4612 921 4659 const.
959 4624 989 4658 α
1024 4609 1293 4667 §rapienti
1327 4609 1569 4659 consilio
1613 4626 1661 4670 ι,
1706 4610 1770 4662 29
1805 4612 1926 4664 iun.
1960 4614 2107 4675 1908,
2157 4616 2183 4677 ξ
2222 4616 2270 4676 1,
2307 4629 2365 4667 ιι.
2398 4615 2473 4677 80,
2507 4616 2554 4678 2;
2592 4617 2750 4669 Ordo
2786 4617 3111 4670 servandus
3144 4619 3208 4670 ln

221 4698 284 4749 S.
322 4698 905 4757 congregationibus,
940 4698 1379 4758 Tribunalibus,
1416 4698 1632 4750 Officiis
1666 4699 1964 4755 Romanae
1998 4704 2233 4764 Curiae,
2274 4705 2340 4757 29
2371 4709 2518 4766 sept.
2558 4707 2705 4766 1908,
2753 4708 2902 4757 Pars
2938 4708 3021 4766 ΙΙ,
3068 4708 3211 4759 Nor-

221 4798 357 4838 mae
398 4786 744 4847 peculiares,
778 4798 905 4847 cap.
950 4787 1086 4846 vn,
1120 4789 1234 4838 art.
1272 4787 1440 4846 vlu.
1479 4801 1534 4838 n.
1579 4788 1652 4838 2⁰.

389 4878 416 4913 ³
460 4875 601 4925 lius
620 4876 698 4933 X,
736 4881 920 4928 const.
960 4892 990 4926 α
1026 4875 1293 4936 Sapienti
1328 4877 1570 4927 coneilio
1605 4894 1653 4938 ι,
1690 4878 1912 4930 291ιιιι.
1958 4880 2105 4938 1908,
2145 4880 2171 4941 5
2218 4882 2267 4942 1,
2304 4894 2363 4932 n.
2394 4883 2470 4943 80,
2514 4884 2565 4945 3;
2597 4882 2755 4935 Ordo
2790 4881 3117 4937 servandus
3151 4883 3213 4933 in

225 4965 285 5017 8.
324 4965 907 5025 congregationibus,
944 4966 1383 5025 Tribunallbus,
1419 4966 1635 5019 Officiis
1668 4966 1970 5019 Romanae
2004 4967 2237 5029 (hu-iae,
2277 4972 2342 5024 29
2373 4974 2520 5031 sept.
2561 4973 2708 5033 1908,
2756 4973 2906 5024 Pars
2941 4971 3025 5033 11,
3071 4972 3212 5073 Nor-

223 5065 359 5105 mae
393 5054 739 5113 peculiares,
782 5064 910 5113 cap.
948 5052 1084 5113 VII,
1122 5058 1237 5106 art.
1274 5055 1534 5114 VI11,n.
1573 5058 1646 5106 40.

392 5147 420 5181 ⁴
458 5143 602 5193 Pius
637 5144 704 5201 Χ,
754 5146 938 5196 const.
981 5158 1011 5192 ι
1050 5142 1320 5203 Sapienti
1361 5144 1603 5195 consilio
1652 5161 1702 5205 »,
1752 5146 1816 5199 29
1855 5147 1978 5198 iun.
2020 5146 2168 5206 1908,
2215 5146 2241 5207 3
2284 5146 2333 5205 1,
2374 5159 2430 5197 ιι.
2480 5150 2554 5211 9ος
2594 5148 2752 5200 Ordo
2793 5149 3118 5201 servandas
3155 5149 3219 5199 ln

229 5233 287 5282 ὃ.
327 5232 912 5293 congregationibus,
946 5232 1385 5292 Tribunalibus,
1423 5232 1638 5286 Officiis
1672 5234 1973 5288 Romanae
2001 5235 2241 5293 Curiae.
2282 5235 2346 5286 29
2379 5239 2525 5295 sept.
2565 5238 2711 5299 1908,
2759 5240 2909 5290 Pars
2945 5237 3027 5299 11,
3074 5237 3216 5288 Nor·

229 5332 363 5373 mae
399 5322 747 5381 peculiares,
784 5332 910 5381 cap.
952 5321 1088 5382 VII,
1127 5324 1241 5372 art.
1293 5322 1393 5382 IV,
1431 5335 1489 5373 n.
1528 5323 1602 5373 50.

392 5412 422 5448 ⁸
468 5410 612 5462 Pius
640 5410 707 5471 Χ,
748 5413 912 5462 motu
944 5421 1137 5471 propr.
1172 5426 1203 5462 ι
1241 5411 1525 5462 Romanis
1556 5411 1938 5474 Pontificibus
1977 5427 2029 5476 ι,
2064 5413 2129 5465 17
2168 5412 2289 5465 dec.
2327 5413 2475 5477 190&
2506 5415 2690 5466 coust.
2726 5428 2756 5462 ι
2794 5410 3064 5472 Sanum
3097 5424 3221 5463 οοσι-

229 5500 370 5550 acuo
402 5514 453 5560 ι,
484 5499 551 5553 29
580 5501 701 5551 lun.
742 5499 891 5560 1908,
924 5499 954 5562 fl
993 5499 1045 5561 Ι,
1082 5511 1141 5552 ιι.
1174 5499 1250 5561 2⁹,
1282 5500 1333 5562 2,
1368 5513 1426 5553 ιι.
1460 5502 1567 5553 100.
