3753 5871
1254 258 1876 312 usurarum-Do
1915 262 2114 314 Romu
3097 264 3202 322 401

1485 466 1663 534 om.
1710 467 1908 534 1374.

381 589 608 657 Pueri
668 589 1019 657 catholici
1074 590 1364 658 scholas
1426 590 1905 675 acatholicae,
1947 596 2277 676 neutras,
2345 594 2643 676 mixtas,
2687 612 2874 679 quae
2933 613 3191 680 nempe

215 698 440 765 etiam
475 697 909 765 acatholicis
942 701 1228 781 patent,
1263 716 1355 766 ne
1385 698 1883 784 frequentent.
1923 700 2173 768 Solius
2204 705 2450 769 autem
2487 700 2870 770 Ordinarii
2911 704 3056 770 loci
3087 707 3204 771 est

214 804 629 887 decernere,
663 805 757 871 ad
792 823 1121 872 normam
1152 806 1728 874 instructionum
1770 807 1985 875 Sedis
2016 809 2512 893 Apostolicae,
2545 811 2624 875 in
2656 811 2922 894 quibus
2954 829 3200 879 rerum

213 911 591 979 adiunctis
628 916 707 979 et
746 911 1012 996 quibus
1043 913 1400 980 adhibitis
1426 914 1767 996 cautelis,
1805 920 1891 981 ut
1923 915 2331 998 periculum
2364 917 2858 1000 perversionis
2894 917 3197 1001 vitetur,

215 1020 521 1086 tolerari
557 1020 792 1103 possit
835 1024 923 1088 ut
954 1038 1082 1088 eae
1124 1020 1416 1088 scholae
1450 1020 1915 1089 celebrentur
1952 1020 2003 1089 ¹.

1480 1182 1658 1247 CAN.
1706 1182 1903 1248 1375.

390 1300 763 1369 Ecclesiae
787 1307 904 1370 est
925 1304 1044 1369 ius
1068 1289 1358 1370 scholas
1380 1304 1709 1370 cuiusvis
1733 1303 2175 1388 disciplinae
2209 1323 2354 1373 non
2381 1305 2619 1372 solum
2651 1304 3192 1387 elementarias,

213 1409 342 1476 sed
371 1410 594 1476 etiam
628 1410 908 1476 medias
936 1414 1013 1478 et
1049 1411 1467 1494 superiores
1495 1412 1883 1480 condendi.
1980 1445 1987 1456 ·

1492 1574 1668 1639 CAN.
1719 1573 1916 1640 1376.

393 1694 427 1776 ξ
475 1698 540 1761 1.
589 1695 966 1763 canonica
992 1696 1435 1765 constitutio
1457 1697 1868 1765 catholicae
1898 1698 2313 1765 studiorum
2352 1698 2883 1766 Universitatis
2911 1698 3027 1766 vel
3064 1698 3199 1764 Fa·

211 1802 526 1870 cultatis
564 1801 739 1871 Sedi
786 1803 1256 1886 Apostolicae
1297 1809 1717 1872 reservatur
1758 1802 1812 1870 ².

397 1909 431 1991 ξ
476 1910 544 1975 2.
594 1911 1061 1978 Universitas
1118 1912 1235 1980 vel
1296 1912 1651 1979 Facultas
1707 1912 2100 1994 catholica,
2168 1913 2393 1979 etiam
2459 1912 2825 1996 religiosis
2894 1912 3206 1980 familiis

217 2017 671 2102 quibuslibet
729 2019 1179 2099 concredita,
1252 2038 1390 2086 sua
1450 2019 1666 2088 debet
1728 2020 1995 2086 habere
2057 2024 2343 2087 statuta
2405 2038 2450 2086 a
2518 2019 2703 2088 Sede
2774 2020 3206 2103 Apostolica

216 2125 556 2207 probata.

1497 2235 1675 2303 CAN.
1720 2235 1916 2302 1377.

393 2354 690 2423 Gradus
726 2357 1182 2424 academicos
1213 2357 1340 2441 qui
1370 2356 1678 2424 effectus
1703 2357 2101 2424 canonicos
2131 2358 2211 2423 in
2245 2355 2577 2425 Ecclesia
2610 2358 2954 2438 habeant,
2994 2374 3203 2424 nemo

210 2462 555 2530 conferre
590 2467 858 2546 potest,
906 2463 1052 2530 nisi
1085 2483 1174 2531 ex
1208 2464 1573 2532 facultate
1605 2465 1700 2531 ab
1744 2465 2173 2549 Apostolica
2223 2464 2410 2533 Sede
2444 2482 2789 2532 concessa
2829 2462 2881 2530 ³.

1482 2626 1660 2694 CAN.
1708 2625 1906 2692 1378.

397 2747 529 2814 Ius
573 2752 689 2816 est
731 2748 1159 2816 doctoribus
1217 2749 1359 2817 rite
1406 2748 1680 2815 creatis
1736 2748 2144 2831 deferendi,
2193 2752 2406 2816 extra
2454 2766 2707 2815 sacras
2753 2748 3200 2830 functiones,

212 2854 578 2922 annulum
611 2855 835 2922 etiam
877 2873 1044 2922 cum
1077 2874 1385 2939 gemma,
1422 2860 1500 2924 et
1531 2856 1848 2924 biretum
1885 2856 2286 2939 doctorale,
2323 2856 2536 2923 firmo
2571 2858 2952 2940 praeterea
2997 2873 3199 2939 prae-

211 2964 502 3048 scripto
543 2982 922 3032 sacrorum
965 2983 1357 3048 canonum,
1409 2966 1538 3049 qui
1594 2966 1671 3032 in
1718 2965 2116 3034 collatione
2164 2965 2624 3049 quorundam
2673 2964 3071 3032 officiorum
3131 2968 3208 3032 et

213 3070 735 3140 beneficiorum
774 3073 1438 3142 ecclesiasticorum
1480 3078 1826 3142 statuunt
1868 3092 2017 3157 eos,
2059 3074 2327 3142 ceteris
2368 3074 2698 3157 paribus,
2741 3073 3019 3140 iudicio
3071 3072 3199 3138 Or·

207 3178 520 3262 dinarii,
557 3198 716 3248 esse
750 3181 1296 3264 praeferendos,
1338 3184 1465 3267 qui
1501 3183 1832 3249 lauream
1876 3182 1994 3249 vel
2030 3181 2406 3249 licentiam
2455 3181 2919 3248 obtinuerint
2953 3179 3007 3246 ⁴.

400 3369 423 3405 ¹
460 3370 604 3423 Pius
635 3369 733 3428 IX,
764 3380 855 3430 ep.
893 3384 926 3418 ι
957 3369 1147 3427 Quum
1181 3379 1295 3418 uon
1328 3367 1457 3419 eine
1488 3382 1538 3429 ι,
1580 3370 1646 3419 14
1687 3369 1790 3419 iul.
1827 3367 1975 3428 186ss
2006 3368 2125 3418 Leo
2164 3367 2329 3427 xln,
2365 3369 2604 3418 allocut.
2642 3382 2675 3416 ι
2706 3365 2936 3415 Summi
2968 3365 3203 3426 Pontifi-

213 3463 393 3510 catum
415 3475 467 3520 a,
491 3458 558 3511 m
579 3471 713 3520 aug.
742 3458 888 3518 18803
910 3469 1001 3518 ep.
1034 3460 1255 3519 encycl.
1283 3474 1316 3508 ι
1339 3456 1720 3508 Νοδίιὶεείηιο
1754 3473 1803 3517 n,
1837 3457 1871 3509 8
1896 3459 2044 3508 febr.
2074 3456 2222 3518 18843
2248 3468 2339 3516 ep.
2366 3457 2584 3518 encycl.
2618 3471 2649 3506 ι
2677 3456 2842 3516 Quod
2869 3457 3120 3505 multum
3150 3472 3201 3516 ι,

217 3550 288 3600 22
310 3561 445 3611 aug.
471 3549 617 3610 188&
641 3561 733 3608 ep.
760 3563 791 3598 ι
823 3548 1023 3607 Officio
1048 3548 1423 3599 sanctissimo
1447 3564 1496 3608 n,
1531 3550 1597 3598 22
1627 3548 1750 3599 dec.
1780 3547 1929 3608 1887&
1953 3559 2043 3607 ep.
2060 3561 2113 3596 ·«
2141 3546 2305 3606 Quae
2332 3546 2690 3595 coniunctim
2714 3561 2764 3606 n,
2793 3546 2858 3598 23
2883 3547 3028 3597 mail
3057 3546 3206 3608 18923

213 3651 311 3700 ep.
336 3640 556 3700 encycl.
583 3655 616 3689 ι
639 3638 927 3690 Gar-itatis
952 3636 1470 3698 providentiaeque
1496 3654 1546 3698 n,
1580 3638 1647 3689 19
1670 3641 1844 3688 mart.
1874 3638 2022 3697 1894;
2051 3648 2143 3696 ep.
2180 3652 2212 3685 ι
2243 3635 2499 3686 Litteras
2525 3648 2561 3686 a
2592 3635 2758 3685 vobi-s
2784 3649 2833 3696 ι,
2865 3636 2898 3685 2
2925 3637 3027 3687 lul.
3057 3636 3205 3697 189ss

214 3742 312 3791 ep.
336 3730 553 3790 encycl.
580 3743 611 3778 ι
631 3727 953 3779 mutantis
973 3727 1272 3779 Ecclesiae
1296 3742 1346 3787 ι,
1368 3729 1400 3778 1
1421 3741 1554 3788 aug.
1585 3727 1731 3788 18073
1753 3740 1846 3787 ep.
1869 3728 2088 3788 encycl.
2114 3742 2147 3776 ι
2174 3727 2369 3786 Anari
2388 3737 2493 3777 vos
2517 3740 2566 3786 ι,
2588 3726 2623 3777 8
2641 3725 2763 3777 dec.
2789 3726 2936 3787 18973
2967 3726 3110 3777 Pius
3137 3725 3205 3787 L

218 3821 339 3871 litt.
370 3820 590 3880 encycl.
621 3833 652 3868 ι
679 3818 969 3868 Parc-evadi
995 3833 1048 3878 ι,
1079 3817 1114 3870 8
1148 3820 1297 3878 sept.
1330 3817 1476 3878 1907ς
1505 3820 1667 3868 motu
1707 3828 1900 3878 propr.
1942 3831 1973 3866 ι
2004 3815 2317 3865 Sacrorum
2349 3814 2689 3866 antistitum
2725 3830 2773 3876 ι,
2807 3817 2841 3866 1
2872 3819 3020 3876 sept.
3052 3815 3202 3873 1910.

211 3925 277 3963 ιι.
305 3911 469 3971 1138.
500 3910 567 3962 C.
599 3908 659 3961 8.
692 3909 831 3969 Off..
859 3911 1027 3961 lustr.
1049 3908 1115 3960 21
1139 3912 1313 3960 mart.
1337 3908 1674 3968 186631nstr.
1714 3907 1815 3967 (ad
1845 3908 1950 3967 Ep.
1980 3906 2132 3959 Stat.
2162 3906 2399 3961 Foeder.
2432 3908 2737 3958 Americae
2760 3905 3204 3966 septentrioni).

216 4003 284 4052 24
313 4013 444 4052 nov.
476 4000 622 4060 1875:
649 4001 707 4051 8.
737 4001 805 4052 G.
840 4000 944 4060 Ep.
974 4004 1037 4052 et
1066 3999 1229 4061 neg..
1267 4000 1438 4050 lustr.
1470 3999 1534 4049 21
1562 3999 1667 4049 iul.
1705 3999 1852 4059 1896:
1890 3997 1950 4049 S.
1982 3998 2048 4049 Ο.
2078 3997 2154 4049 de
2183 3998 2353 4057 Prop.
2392 3997 2556 4056 Fide,
2584 3997 2760 4047 lustr.
2806 3995 2907 4054 (ad
2936 3996 3061 4047 vic.
3094 3996 3201 4053 Δρ.

217 4092 436 4144 societ.
471 4090 733 4142 mission.
762 4090 841 4142 ad
877 4092 1172 4150 Enetos),
1199 4103 1257 4141 a.
1287 4088 1435 4152 16503
1463 4090 1581 4142 litt.
1609 4090 1829 4151 encycl.
1878 4088 1980 4147 (ad
2015 4089 2121 4147 Bp.
2154 4087 2519 4147 Hiberniae),
2548 4086 2616 4137 18
2643 4089 2791 4146 sept.
2830 4085 2977 4146 1819:
3014 4085 3102 4143 (C.
3137 4084 3201 4133 P.

220 4194 330 4244 pro
356 4182 527 4242 Sim),
552 4183 618 4233 19
642 4182 745 4233 iul.
773 4181 920 4243 1838:
949 4182 1068 4233 litt.
1106 4181 1208 4242 (ad
1233 4181 1503 4241 archiep.
1534 4180 1899 4240 Hiberniae),
1930 4179 1998 4230 16
2029 4180 2148 4229 ian.
2177 4178 2324 4238 1841:
2350 4178 2522 4228 instr.
2561 4176 2664 4235 (ad
2690 4176 2960 4235 Arehiep.
3000 4175 3205 4224 Hiber-

218 4274 403 4333 niae),
423 4274 460 4324 ‘1
481 4284 609 4333 apr.
634 4272 780 4335 186ος
801 4274 918 4325 litt.
943 4274 1165 4333 encycl.
1201 4272 1303 4332 (ad
1327 4271 1432 4331 Ep.
1464 4271 1740 4329 orient),
1771 4271 1837 4321 20
1866 4273 2041 4320 mart.
2073 4268 2221 4329 188&
2246 4268 2363 4320 litt.
2388 4268 2607 4329 encycl.
2651 4265 2754 4326 (ad
2781 4266 2885 4325 Bp.
2913 4264 3204 4325 Angliae),

213 4365 252 4415 6
273 4375 411 4424 aug.
435 4363 583 4424 18673
607 4364 776 4416 instr.
802 4364 868 4415 25
890 4374 1018 4423 apr.
1051 4362 1198 4424 1888:
1221 4362 1391 4415 instr.
1428 4361 1531 4421 (ad
1559 4361 1684 4411 Vlc.
1717 4362 1824 4420 Ap.
1860 4359 2084 4409 Indiar.
2116 4357 2391 4418 orient),
2424 4357 2459 4409 8
2487 4359 2634 4417 sept.
2661 4355 2810 4415 lffio,
2836 4367 2895 4405 n.
2925 4354 3008 4415 373
3033 4353 3202 4405 lustr.

225 4454 335 4512 (ad
361 4454 485 4504 vic.
517 4455 624 4514 Ap.
655 4453 833 4514 Sin),
860 4453 928 4505 18
950 4456 1063 4504 oct.
1087 4451 1243 4510 1883,
1271 4464 1330 4502 ιι.
1368 4451 1468 4510 XI,
1505 4452 1555 4512 43
1583 4452 1701 4502 litt.
1732 4450 1953 4510 encycl.
2001 4448 2104 4507 (ad
2135 4449 2239 4508 Ep.
2273 4447 2545 4507 Canad.),
2576 4447 2641 4496 14
2670 4447 2846 4496 mart.
2878 4443 3024 4496 1895.

392 4546 419 4581 ²
467 4543 783 4603 Gregorius
808 4543 968 4601 XVI.
1002 4554 1094 4604 ep.
1132 4557 1165 4591 ι
1197 4539 1415 4590 Maiori
1449 4543 1609 4591 certo
1653 4553 1702 4599 ι,
1739 4540 1806 4591 13
1839 4539 1963 4590 dec.
2011 4537 2158 4599 183&
2202 4538 2345 4589 Plus
2378 4537 2444 4596 X,
2481 4539 2666 4586 const.
2706 4550 2736 4583 ι
2774 4533 3044 4593 sapienti
3083 4543 3211 4583 oon·

223 4634 363 4685 silio
389 4648 439 4693 ι,
468 4633 534 4686 29
568 4635 687 4685 iun.
718 4634 865 4692 1908.
898 4633 925 4695 1
957 4634 1006 4691 Ι,
1033 4645 1094 4684 ιι.
1129 4633 1237 4693 11⁴3
1266 4631 1425 4685 Ordo
1452 4630 1779 4682 servandus
1805 4629 1866 4679 in
1899 4628 1958 4681 8.
1996 4626 2578 4688 congregationibus,
2609 4625 3049 4683 Tribunalibus,
3082 4621 3210 4675 Om-

219 4726 338 4777 clis
359 4726 659 4777 Romanae
681 4725 918 4785 Curiae,
944 4724 1010 4775 29
1033 4724 1178 4784 sept„
1213 4722 1361 4783 1908,
1388 4722 1540 4774 Pars
1563 4722 1646 4781 ΙΙ,
1673 4721 1926 4771 Not-mae
1953 4717 2299 4779 peculiares,
2332 4729 2461 4777 cap.
2490 4715 2625 4776 vn,
2655 4718 2770 4767 art.
2800 4715 2900 4773 XI,
2927 4725 2984 4763 n.
3021 4712 3098 4772 2⁰,
3130 4714 3206 4762 4⁰.

386 4817 420 4851 ³
473 4815 614 4866 Pius
637 4816 733 4873 IX,
756 4817 995 4866 allocut.
1025 4830 1055 4863 ι
1077 4814 1150 4864 In
1175 4812 1644 4870 consistoriali»,
1669 4814 1699 4862 1
1728 4823 1858 4862 nov.
1893 4809 2039 4870 185oe
2064 4808 2340 4869 Syllabas
2360 4810 2647 4865 errorum,
2682 4817 2842 4866 prop.
2871 4805 2952 4864 45;
2973 4803 3120 4855 Pius
3144 4804 3209 4862 X,

219 4908 409 4957 const.
443 4920 474 4955 ι
503 4904 772 4964 Sapienti
804 4904 1047 4954 consilio
1074 4919 1126 4963 ι,
1159 4904 1225 4955 29
1261 4905 1383 4954 iun.
1418 4902 1565 4954 1908.
1602 4903 1629 4963 ὅ
1669 4901 1720 4961 1,
1761 4914 1818 4951 n.
1851 4903 1961 4961 11⁰3
1990 4898 2149 4951 Ordo
2182 4896 2508 4949 servandus
2541 4897 2601 4947 in
2640 4894 2696 4947 S.
2729 4892 3208 4954 congregationi-

223 5000 355 5055 bus,
389 4996 834 5055 Tribunalibus,
873 4994 1091 5048 Officiis
1132 4995 1432 5046 Romanae
1469 4993 1705 5052 Curiae,
1749 4993 1813 5043 29
1853 4994 2001 5051 sept.
2042 4989 2192 5049 1908,
2244 4990 2394 5039 Pars
2445 4988 2525 5047 11,
2570 4987 2822 5038 Nol-mae
2864 4983 3208 5046 peculiares,

219 5098 352 5146 cap.
391 5086 528 5145 vn.
559 5087 673 5137 art.
705 5086 804 5146 xl,
836 5097 895 5136 n.
924 5085 998 5135 2⁰.

200 5158 210 5170 ‘
403 5181 432 5215 ⁴
463 5179 636 5229 cone.
665 5178 952 5237 moene,
979 5188 1122 5228 sess.
1153 5176 1352 5236 xx1v,
1379 5177 1452 5225 ae
1475 5175 1610 5233 ros„
1636 5185 1685 5224 c.
1718 5173 1799 5234 123
1825 5172 1883 5225 s.
1921 5171 2064 5223 Pius
2094 5171 2165 5230 v,
2192 5173 2378 5222 const.
2407 5184 2438 5219 ι
2466 5168 2745 5229 Quamvis
2771 5181 2820 5226 ι,
2850 5168 2880 5216 1
2908 5166 3028 5216 iun.
3059 5164 3208 5223 1568,

225 5269 256 5330 5
290 5269 340 5328 ὃς
368 5269 429 5320 8.
461 5267 527 5319 O.
561 5268 667 5327 Ep.
693 5271 757 5319 et
785 5267 947 5328 neg„
975 5265 1280 5323 Bovium..
1308 5267 1342 5317 9
1371 5266 1488 5316 ian.
1518 5265 1665 5326 1601ς
1702 5263 1760 5315 S.
1794 5263 1859 5315 O.
1892 5262 1980 5320 C..
2020 5260 2387 5321 Tractat-ion..
2417 5260 2481 5311 30
2508 5269 2634 5318 apr.
2665 5257 2813 5317 1650,
2843 5256 2922 5307 ad
2953 5256 3003 5315 1;
3032 5252 3212 5303 Maio·

227 5359 432 5416 ricem,
457 5359 522 5410 13
547 5359 693 5410 febr.
718 5358 866 5419 1672,
893 5357 972 5409 ad
994 5358 1043 5418 2;
1065 5357 1124 5409 8.
1157 5355 1226 5407 R.
1260 5358 1348 5415 G..
1378 5354 1694 5413 Venusina,
1718 5355 1751 5404 7
1780 5354 1902 5405 dec.
1935 5352 2085 5411 1844,
2117 5352 2195 5403 ad
2220 5354 2267 5411 13
2294 5348 2538 5400 Bahien.
2566 5349 2625 5397 in
2654 5345 2934 5405 Bromia,
2961 5345 3026 5397 23
3048 5347 3213 5404 maii,

223 5450 374 5509 1846,
412 5448 491 5500 ad
515 5449 566 5508 53
588 5446 824 5504 Senem.
850 5448 917 5499 30
943 5449 1064 5498 iun.
1094 5447 1243 5507 1883.
1273 5447 1352 5499 ad
1389 5446 1522 5497 vn.

345 5591 542 5640 coenes
576 5589 735 5640 Iuris
769 5588 1065 5639 Canania-i.
2424 5634 2427 5637 Δ
3026 5577 3083 5621 28
