3753 5871
1471 244 1836 296 Documenta
3041 240 3151 299 675

159 438 402 515 aliquo
436 435 585 497 loco
624 436 947 512 separa-to
974 435 1047 495 et
1076 428 1314 493 clauso
1345 447 1416 493 se
1449 429 1839 505 conferunt,
1882 432 1955 492 et
1984 428 2068 491 de
2098 427 2428 491 electione
2460 427 2779 491 facienda
2809 432 3143 506 tractant,

155 548 232 608 et
267 542 473 606 debet
506 542 695 603 inter
730 556 848 603 eos
885 536 1242 618 praemitti
1291 536 1730 615 protestatio,
1771 535 1952 614 quod
1993 551 2117 613 per
2163 549 2652 614 quamcumque
2693 534 3145 614 prolationem

153 651 519 713 verborum
545 665 743 712 suum
770 648 938 711 dare
965 662 1369 709 consensum
1396 660 1535 706 non
1561 642 1992 723 intelligunt,
2019 643 2156 706 nisi
2184 644 2260 705 in
2287 643 2572 722 scriptis
2602 642 2800 705 illum
2828 660 3146 722 expresse

153 761 445 835 ponant.
489 759 587 820 Et
619 757 785 819 haec
831 754 1246 834 protestatio
1278 752 1668 816 necessaria
1711 756 1820 815 est
1855 752 2044 815 inter
2087 750 2760 830 compromissarios,
2801 756 2885 814 ut
2923 751 3148 815 verbis

155 864 481 926 humanis
509 869 582 928 et
613 860 1180 937 reverentialibus
1210 861 1398 924 inter
1428 878 1525 940 se,
1561 860 1711 923 sine
1742 858 2191 938 praeiudicio,
2235 860 2343 923 uti
2377 859 2666 938 possint.

345 971 598 1050 Tertio,
641 972 833 1034 tacta
864 987 987 1049 per
1028 968 1678 1047 Compromissarios
1710 966 2040 1031 electione
2078 967 2448 1029 secundum
2483 967 2774 1030 formam
2818 967 2918 1029 eis
2953 983 3141 1046 prae·

153 1079 517 1159 scriptam,
564 1085 638 1142 et
678 1080 754 1140 in
800 1076 1125 1142 conclavi
1181 1076 1641 1156 promulgata,
1688 1076 1952 1139 electus
1999 1092 2123 1155 per
2167 1074 2556 1151 huiusmodi
2603 1075 2783 1137 viam
2841 1092 3140 1153 compro·

149 1187 377 1264 missi,
412 1191 519 1250 est
550 1185 924 1249 canonicus
950 1188 1024 1248 et
1061 1201 1263 1247 verus
1292 1183 1506 1262 Papa.

322 1294 424 1357 57.
471 1293 747 1357 Tertius
781 1296 855 1357 et
887 1292 1282 1355 ordinarius
1316 1291 1582 1369 modus,
1621 1308 1740 1355 seu
1786 1291 2013 1353 torma
2056 1290 2412 1354 electionis
2455 1291 2746 1353 Romani
2784 1290 3143 1354 Pontificis

148 1407 292 1482 est,
333 1418 506 1481 qnae
536 1404 824 1464 vocatur
862 1415 985 1476 per
1014 1397 1449 1460 scrutinium.
1491 1399 1646 1474 Qua
1676 1400 1752 1460 in
1795 1416 1870 1462 re
1905 1395 2298 1477 plenissime
2327 1397 2809 1459 confirmamus
2846 1400 2917 1460 et
2952 1414 3139 1459 reno·

148 1526 399 1571 vamus
426 1510 639 1588 legem
668 1508 806 1571 iam
843 1526 886 1571 a
918 1506 1564 1570 Praedecessoribus
1593 1506 1871 1568 Nostris
1905 1505 2255 1584 sapienter
2281 1503 2634 1567 inductam
2665 1521 2746 1567 ac
2787 1521 2910 1582 per
2941 1506 3144 1583 plura

149 1616 403 1680 deinde
432 1614 708 1679 saecula
731 1631 998 1694 semper
1028 1613 1542 1693 religiosissime
1568 1616 1933 1691 servatam,
1970 1630 2109 1692 qua
2134 1630 2375 1691 nempe
2409 1615 2752 1675 statutum
2779 1616 2888 1675 est
2913 1617 2995 1675 ut
3021 1612 3144 1676 ille

147 1724 634 1786 tantummodo
667 1723 1016 1785 Romanus
1049 1722 1374 1785 Pontflex
1416 1722 1767 1785 habendus
1803 1722 1922 1799 sit,
1958 1722 2034 1784 in
2070 1737 2267 1800 quem
2300 1721 2479 1783 duae
2511 1721 2756 1783 saltem
2796 1738 2880 1783 ex
2915 1720 3144 1782 tribus

152 1833 481 1911 parfibus
514 1831 989 1895 cardinalium
1032 1832 1105 1893 in
1149 1830 1474 1894 conclavi
1517 1830 1983 1909 praesentium
2029 1846 2152 1907 per
2194 1832 2458 1893 secreta
2492 1827 2967 1892 schedularum
3007 1828 3148 1890 suf-

146 1940 388 2019 fragia
415 1939 859 2002 convenerint
894 1940 944 2000 ¹.

329 2047 672 2110 Numerus
702 2050 934 2110 autem
973 2045 1457 2125 suffragiorum
1492 2046 1786 2108 duarum
1825 2062 1909 2108 ex
1947 2044 2177 2107 tribus
2210 2044 2527 2125 partibus
2554 2043 3031 2107 cardinalium
3074 2046 3145 2106 in

146 2154 481 2218 Conclavi
516 2155 1005 2233 praesentium,
1039 2159 1120 2218 ut
1157 2154 1403 2218 electio
1436 2170 1557 2231 per
1589 2153 1769 2215 viam
1806 2152 2129 2215 scrutinii
2161 2150 2391 2215 valida
2424 2152 2542 2232 sit,
2585 2152 2693 2215 ita
2731 2155 2841 2216 est
2871 2170 3139 2216 censen-

144 2263 283 2325 dus
328 2267 410 2326 ut
442 2262 514 2323 in
555 2262 821 2325 duabus
855 2261 1088 2324 tertiis
1121 2260 1439 2339 partibus
1484 2259 1887 2339 suffragium
1931 2258 2132 2324 electi
2168 2276 2304 2322 non
2340 2262 2760 2337 numeretur,
2802 2276 2923 2323 nec
2960 2260 3138 2339 quis-

145 2386 384 2447 quam,
434 2370 575 2432 sive
629 2368 950 2432 scrutinii
995 2369 1137 2431 sive
1180 2368 1647 2447 compromissi
1697 2368 1813 2430 via
1858 2367 2295 2447 procedatur,
2343 2368 2642 2446 seipsum
2689 2368 2960 2447 eligere,
3022 2384 3138 2430 seu

144 2476 561 2555 suffragium
596 2476 727 2538 sibi
754 2476 919 2539 dare
950 2475 1298 2539 ullatenus
1328 2476 1587 2554 possit:
1620 2474 1820 2539 electi
1856 2479 2089 2538 tamen
2126 2491 2441 2553 persona,
2471 2477 2532 2538 si
2559 2474 2632 2537 in
2665 2475 2986 2538 Conclavi
3020 2476 3137 2551 sit,

142 2584 401 2646 debeat
434 2583 510 2644 in
545 2600 899 2646 numerum
946 2581 1419 2646 cardinalium
1455 2581 1843 2661 computari
1881 2583 1934 2644 ².

338 2692 441 2753 58.
487 2691 821 2754 Scrutinii
851 2694 1081 2754 autem
1117 2691 1297 2753 ritus
1327 2691 1637 2754 continet
1665 2695 1809 2754 tres
1846 2691 2193 2753 actiones:
2239 2692 2555 2768 alteram,
2589 2707 2763 2769 quae
2791 2691 3137 2749 antescru·

143 2799 435 2873 tiniam,
474 2798 789 2869 alteram,
830 2815 1004 2875 quae
1041 2798 1480 2871 scrutinium,
1527 2803 1598 2861 et
1634 2800 1940 2875 tertiam,
1983 2815 2157 2876 quae
2193 2794 2763 2875 poetecrutinimn
2803 2795 3141 2875 appellari

141 2909 405 2984 potest.

339 3014 442 3075 59.
494 3012 1002 3074 Antescrutinii
1046 3017 1247 3076 actus
1304 3020 1469 3077 sunt
1515 3014 1834 3093 quinque,
1887 3013 2242 3077 videlicet:
2300 3013 2744 3092 praeparatio
2791 3013 3137 3076 schedula·

139 3137 327 3198 rum3
363 3122 705 3183 extractio
749 3120 1255 3199 scrutatorum,
1294 3121 1800 3199 Deputatorum
1843 3137 1971 3199 pro
2007 3120 2187 3183 votis
2223 3120 2649 3183 infirmorum
2698 3126 2770 3184 et
2817 3121 3138 3200 Recogni·

136 3231 382 3291 torum
436 3245 558 3306 per
599 3232 871 3304 sortem;
926 3228 1212 3306 scriptio
1267 3228 1763 3304 schedularum3
1806 3244 2041 3290 earum
2096 3228 2552 3305 complicatio;
2598 3228 2986 3307 obsignatio
3032 3221 3135 3291 ea'·

137 3335 483 3397 rumdem.

337 3443 437 3505 60.
483 3442 973 3505 schedularum
1007 3443 1448 3520 praeparatio
1476 3448 1551 3507 et
1581 3442 1984 3505 distributio
2014 3444 2105 3506 ad
2136 3443 2511 3522 Magistros
2541 3442 3137 3505 Caeremoniarum

137 3549 479 3628 pertinet,
533 3551 649 3628 qui
690 3566 808 3614 eas
857 3551 1251 3629 impressas,
1296 3551 1411 3612 ubi
1458 3551 1608 3613 fieri
1653 3551 1934 3629 poterit,
1979 3549 2288 3628 alioquin
2339 3551 2548 3614 unius
2589 3568 2795 3612 manu
2841 3551 3138 3628 scriptas

133 3657 522 3721 secundum
565 3658 855 3720 formam
896 3658 1191 3720 inferius
1233 3658 1743 3720 describendam
1787 3657 2152 3737 accipient,
2199 3661 2272 3721 et
2317 3658 2611 3737 singulis
2651 3657 3137 3721 cardinalibus

132 3765 397 3828 saltem
435 3764 609 3826 duas
639 3766 741 3828 vel
774 3769 918 3828 tres
953 3765 1393 3828 distribuent.

336 3873 438 3933 61.
479 3873 731 3934 Forma
758 3877 988 3936 autem
1019 3856 1403 3950 schedulae,
1438 3873 1661 3951 quoad
1691 3873 1841 3935 eius
1870 3874 2161 3952 figuram
2193 3873 2472 3952 attinet,
2513 3873 2651 3937 erit
2678 3872 2900 3936 altera
2940 3875 3138 3951 parte

130 3978 443 4058 longior,
472 3979 598 4041 hoc
626 3983 734 4042 est
761 3977 917 4058 plus
943 3980 1171 4058 longa,
1209 3997 1411 4058 quam
1450 3982 1617 4042 lata.
1649 3980 1853 4043 circa
1886 3999 1966 4044 ea
1996 3998 2178 4058 vero,
2209 3980 2481 4058 quaein
2511 3981 2764 4043 eisdem
2796 3981 3138 4043 schedulis

129 4089 477 4150 contenta
511 4090 697 4164 sunt,
740 4086 814 4147 in
849 4086 1182 4150 anteriori
1219 4089 1368 4149 eius
1402 4092 1623 4167 parte,
1660 4106 1834 4165 quae
1869 4088 2232 4151 brevitatis
2274 4087 2505 4166 gratia
2537 4087 2753 4151 facies
2795 4087 3135 4151 nominari

131 4197 405 4274 potest,
440 4194 585 4256 tria
610 4194 1084 4273 comprehendi
1117 4195 1385 4258 debent.
1424 4195 1655 4257 Primo
1683 4196 1755 4256 in
1796 4195 2133 4273 superiori
2165 4198 2365 4273 parte
2401 4196 2769 4259 secundum
2801 4195 2951 4258 eius
2980 4194 3134 4258 lati-

128 4300 485 4377 tudinem,
522 4300 661 4361 duo
696 4301 862 4363 haec
900 4301 1103 4363 verba
1147 4304 1281 4376 Ego
1323 4304 1518 4364 card.
1558 4319 1710 4364 cum
1749 4305 1954 4364 tanta
1996 4302 2087 4364 ad
2121 4301 2411 4366 invicem
2457 4302 2798 4365 distantia
2834 4306 2916 4364 ut
2952 4303 3141 4365 inter

127 4409 326 4485 ipsa,
358 4421 600 4468 nomen
630 4409 980 4484 proprium
1018 4408 1416 4472 cardinalis
1444 4410 1761 4489 eligentis
1790 4411 1998 4472 scribi
2036 4411 2279 4489 possit,
2309 4413 2382 4473 et
2417 4411 2627 4488 paulo
2651 4410 2948 4472 inferius
2976 4410 3139 4472 bina

130 4516 372 4594 signa,
412 4528 777 4590 parvorum
821 4513 1324 4578 hemiciclorum
1363 4518 1588 4579 instar
1623 4518 1962 4596 confecta,
2000 4519 2087 4581 ad
2123 4516 2278 4581 loca
2313 4516 2696 4597 sigillorum
2741 4517 3132 4579 indicanda.

332 4619 670 4697 Secundo,
703 4620 777 4680 in
817 4619 1042 4683 medio
1070 4620 1421 4683 continere
1454 4624 1654 4687 debet
1694 4626 1859 4687 haec
1891 4625 2134 4687 verba:

345 4728 532 4801 Engo
569 4729 638 4788 in
671 4728 994 4788 Summum
1041 4726 1416 4789 Pontificem
1457 4729 2084 4793 Reverendissimum
2138 4733 2474 4794 Dominum
2520 4750 2729 4794 meum
2775 4733 2855 4792 D.
2915 4732 3137 4793 Cardi-

129 4842 364 4899 nalem
409 4875 768 4894 ......

331 4940 591 5020 Tertio,
626 4942 699 5002 in
734 4944 934 5019 parte
962 4941 1303 5021 interiori,
1338 4941 1479 5005 alia
1520 4943 1681 5005 bina
1716 4942 1937 5022 signa,
1973 4943 2081 5004 uti
2123 4960 2335 5021 supra
2366 4946 2872 5009 hemiciclorum
2912 4946 3141 5008 instar

127 5057 488 5132 confecta,
522 5054 613 5116 ad
650 5054 799 5116 loca
843 5051 1225 5132 sigillorum
1262 5054 1583 5117 similiter
1617 5054 2173 5118 demonstranda.

334 5222 353 5250 ‘
388 5221 548 5275 Alex.
573 5221 651 5274 111
683 5222 746 5275 in
781 5221 991 5275 Concil.
1022 5219 1207 5272 Later.
1242 5233 1364 5286 cap.
1395 5220 1430 5271 6
1466 5240 1492 5268 c
1513 5221 1680 5275 Licet
1711 5221 1783 5274 de
1813 5223 2064 5276 vitanda
2086 5243 2135 5286 ο,
2171 5224 2243 5276 de
2274 5222 2430 5276 elect.
2462 5219 2501 5278 1.
2536 5221 2595 5285 6;
2630 5220 2796 5286 Greg.
2819 5219 2915 5272 XV
2949 5218 3141 5270 Const.

132 5320 445 5375 «Aoum
476 5319 752 5381 Patris»,
785 5318 818 5386 5
850 5320 900 5371 ι.

334 5417 358 5448 ·
389 5416 555 5483 erog.
589 5415 689 5468 xv
722 5416 916 5473 const.
951 5436 977 5464 ι
1001 5415 1242 5469 Aeterni
1274 5415 1479 5468 Patris
1502 5435 1551 5476 ‚‚
1585 5413 1617 5480 g
1648 5414 1696 5467 ε.
