3753 5871
546 329 653 388 494
1680 327 1876 378 σοαπ
1922 326 2087 378 laris
2123 327 2405 379 Ganonioi

807 511 907 579 2.⁰
950 513 1198 581 Causa
1233 514 1607 595 conclusa,
1650 513 2017 580 instantia
2059 531 2205 580 non
2237 512 2836 597 interrumpitur,
2874 512 2999 580 sed
3033 512 3253 579 iudex
3289 529 3532 596 proce·

548 620 722 688 dere
745 619 961 688 debet
982 620 1079 690 ad
1107 620 1490 705 ulteriora,
1518 622 1754 690 citato
1787 625 2293 707 procuratore,
2322 621 2389 689 si
2414 621 2636 704 adsit,
2667 639 2878 688 secus
2907 621 3243 689 defuncti
3272 620 3537 689 herede

548 728 665 794 vel
697 744 1134 795 successore.

1811 838 1988 906 CAN·
2049 835 2245 905 1734.

727 961 808 1029 Si
848 964 1447 1029 controvertatur
1485 963 1783 1029 cuinam
1828 981 1918 1029 ex
1968 962 2260 1030 clericis
2302 961 2775 1047 litigantibus
2827 961 2947 1028 ius
2988 961 3093 1030 sit
3134 960 3230 1028 ad
3274 958 3538 1028 benefi-

547 1067 770 1150 cium,
805 1074 880 1137 et
909 1067 1127 1151 alter,
1162 1069 1297 1138 lite
1326 1070 1714 1154 pendente,
1750 1069 2140 1152 moriatur,
2177 1074 2311 1137 aut
2342 1068 2692 1137 beneficio
2724 1069 3125 1152 renuntiet,
3170 1069 3545 1135 instantia

551 1192 698 1242 non
746 1176 1346 1260 interrumpitur,
1395 1176 1520 1244 sed
1575 1181 1843 1244 contra
1898 1178 2369 1261 superstitem
2417 1195 2576 1243 eam
2626 1176 3099 1261 prosequitur
3158 1181 3544 1259 promotor

549 1283 886 1351 iustitiae
923 1285 1049 1368 qui
1085 1301 1221 1367 pro
1257 1283 1588 1352 beneficii
1621 1289 1757 1353 aut
1792 1284 2142 1353 ecclesiae
2178 1286 2523 1353 libertate
2556 1285 2882 1367 dimicet,
2922 1285 3069 1351 nisi
3105 1283 3544 1351 beneficium

550 1390 654 1460 sit
702 1391 977 1460 liberae
1024 1391 1448 1459 collationis
1490 1392 1875 1459 ordinarii
1915 1397 1992 1461 et
2041 1393 2161 1460 hic
2212 1391 2589 1477 praeferat
2625 1410 2927 1459 causam
2975 1396 3063 1461 ut
3099 1392 3377 1459 victam
3423 1409 3541 1457 su·

550 1498 848 1581 perstiti
881 1497 1311 1566 adiudicare
1355 1498 1404 1565 ¹.

1810 1606 1990 1674 CAN.
2038 1606 2235 1674 1735.

724 1730 1217 1800 Procuratore
1256 1737 1391 1799 aut
1421 1736 1768 1800 curatore
1800 1750 1846 1798 a
1881 1749 2183 1798 munere
2222 1736 2582 1814 cessante,
2622 1730 2887 1797 tandiu
2922 1730 3350 1814 interrupta
3398 1747 3548 1796 ma-

551 1843 679 1906 net
710 1839 1099 1922 instantia,
1135 1839 1464 1925 quandiu
1498 1857 1675 1923 pars
1706 1843 1841 1907 aut
1874 1839 1933 1906 ii
1964 1839 2059 1906 ad
2095 1857 2277 1923 quos
2308 1838 2633 1923 pertinet
2676 1855 2941 1905 novum
2985 1840 3550 1921 procuratorem

550 1946 667 2013 vel
690 1950 1108 2014 curatorem
1135 1946 1680 2014 nominaverint
1709 1951 1845 2013 aut
1866 1963 1999 2029 per
2031 1965 2108 2014 se
2134 1946 2280 2030 ipsi
2306 1947 2385 2013 in
2412 1950 2787 2030 posterum
2812 1963 3029 2030 agere
3054 1964 3131 2012 se
3156 1943 3347 2012 velle
3379 1962 3545 2029 pro·

550 2051 732 2119 fessi
769 2052 1076 2121 fuerint.

1824 2162 2002 2230 CAN.
2059 2162 2255 2230 1736.

729 2282 810 2351 Si
842 2282 1095 2350 nullus
1124 2286 1337 2350 actus
1369 2283 1887 2367 processualis,
1922 2284 2099 2368 quin
2134 2284 2435 2368 aliquod
2477 2283 2717 2351 obstet
2749 2282 3386 2367 impedimentum,
3424 2300 3550 2366 po·

556 2393 782 2458 natur
817 2390 895 2457 in
936 2390 1297 2458 tribunali
1339 2391 1622 2475 primae
1660 2392 2068 2459 insta-ntiae
2117 2410 2248 2475 per
2294 2390 2670 2458 biennium
2720 2396 2854 2459 aut
2894 2392 2973 2459 in
3013 2391 3248 2475 gradu
3291 2390 3548 2475 appel—

554 2497 860 2565 lationis
904 2516 1036 2581 per
1071 2516 1374 2574 annum.
1413 2499 1777 2566 instantia
1814 2499 2234 2583 perimitur,
2274 2504 2348 2567 et
2383 2499 2462 2566 in
2501 2499 2740 2566 altero
2774 2516 2950 2566 casu
2993 2493 3369 2593 sententia
3418 2517 3558 2583 per

554 2606 1125 2689 appellationem
1175 2610 1602 2691 oppugnata
1651 2607 1930 2674 transit
1970 2608 2049 2675 in
2094 2627 2245 2675 rem
2285 2607 2690 2675 iudicatam
2730 2606 2783 2670 ².

1823 2784 2001 2851 ΟΔΝ.
2053 2784 2248 2851 1737.

727 2907 1150 2993 Peremptio
1213 2909 1496 2977 obtinet
1567 2909 1731 2994 ipso
1780 2909 1944 2978 iure
1982 2913 2060 2979 et
2099 2908 2452 2977 adversus
2517 2926 2793 2992 omnes,
2861 2908 3182 2975 minores
3256 2924 3556 2992 quoque

551 3016 828 3084 aliosve
856 3017 1265 3084 minoribus
1293 3017 1841 3102 aequiparatos‚
1878 3036 2107 3102 eaque
2135 3037 2224 3085 ex
2254 3017 2490 3085 officio
2518 3018 2742 3084 etiam
2781 3017 3021 3100 excipi
3057 3010 3297 3097 debet,
3340 3015 3562 3083 salvo

552 3124 716 3193 iure
757 3144 1132 3211 regressus
1169 3127 1265 3194 ad
1303 3126 1863 3195 indemnitatem
1902 3127 2255 3194 adversus
2303 3129 2613 3207 tutores,
2663 3125 3336 3193 administratores.
3382 3141 3554 3210 pro·

552 3236 936 3300 curatores
981 3234 1107 3318 qui
1141 3233 1364 3317 culpa
1399 3253 1476 3301 se
1509 3234 1838 3302 caruisse
1874 3253 2020 3302 non
2057 3234 2555 3318 probaverint.

1824 3400 2003 3468 CAN.
2063 3399 2258 3467 1738.

734 3523 1157 3608 Peremptio
1187 3524 1600 3609 exstinguit
1626 3528 1796 3591 acta
1828 3542 2238 3608 processus,
2274 3541 2420 3590 non
2450 3542 2626 3590 vero
2654 3526 2822 3590 acta
2853 3541 3141 3606 causae3
3174 3523 3327 3590 imo
3365 3522 3555 3590 haec

553 3631 703 3699 vim
746 3630 1013 3700 habere
1052 3642 1364 3716 possunt
1402 3632 1626 3700 etiam
1679 3632 1755 3698 in
1806 3633 1958 3699 alia
2000 3632 2390 3712 instantia,
2442 3632 2839 3699 dummodo
2885 3649 2972 3698 ea
3014 3631 3211 3698 inter
3249 3631 3553 3698 easdem

555 3756 907 3823 personas
932 3742 1010 3807 et
1033 3757 1256 3824 super
1281 3740 1532 3807 eadem
1562 3760 1641 3807 re
1665 3740 2099 3824 intercedat3
2130 3740 2257 3806 sed
2285 3740 2378 3806 ad
2409 3742 2797 3807 extraneos
2835 3739 3026 3824 quod
3060 3738 3363 3821 attinet,
3401 3757 3554 3807 non

554 3846 781 3914 aliam
821 3845 971 3914 vim
1013 3846 1376 3930 obtinent,
1414 3848 1561 3915 nisi
1594 3848 2199 3916 documentorum
2243 3843 2296 3911 ³.

1822 4015 2001 4083 cm.
2056 4014 2252 4082 1739.

729 4142 821 4207 In
853 4159 1031 4208 casu
1067 4140 1621 4225 peremptionis,
1660 4159 1844 4225 quas
1882 4141 2190 4226 quisque
2223 4159 2311 4208 ex
2346 4138 2853 4224 litigatoribus
2885 4136 3171 4212 fecerit,
3208 4136 3349 4203 bas
3391 4136 3557 4221 ipse

554 4247 752 4315 terat
793 4265 1153 4332 expensas
1196 4248 1558 4332 perempti
1601 4248 1884 4315 iudicii.

1829 4407 2006 4475 CAN.
2056 4407 2251 4473 1740.

731 4533 765 4615 §
813 4536 878 4598 1.
930 4532 1021 4599 In
1065 4533 1389 4617 quolibet
1422 4536 1628 4600 statu
1659 4536 1734 4599 et
1765 4531 2003 4617 gradu
2034 4530 2293 4602 iudicii
2325 4533 2571 4614 potest
2601 4532 2811 4595 actor
2841 4525 3247 4594 instantiae
3279 4543 3553 4592 renun-

556 4643 768 4726 tiare;
808 4641 985 4708 item
1028 4644 1186 4708 tum
1236 4645 1447 4707 actor
1485 4646 1644 4709 tum
1687 4658 1856 4706 reus
1906 4643 2218 4722 possunt
2260 4654 2643 4722 processus
2684 4636 2875 4704 actis
2916 4632 3349 4703 renuntiare
3393 4634 3554 4700 sive

555 4748 895 4816 omnibus
935 4747 1086 4814 sive
1125 4747 1506 4814 nonnullis
1546 4750 1839 4814 tantum
1879 4744 1932 4809 ⁴.

738 4961 759 4997 ¹
796 4961 861 5013 Ο.
893 4961 943 5021 1,
973 4962 1041 5010 ai
1071 4958 1176 5009 iiie
1210 4958 1496 5018 pendente
1526 4957 1679 5008 nihil
1704 4957 2037 5014 innovetur,
2068 4955 2150 5017 11,
2179 4956 2230 5015 5,
2261 4955 2324 5006 in
2350 4954 2533 5006 clem.

729 5059 754 5092 ²
794 5051 861 5103 Ο.
910 5051 961 5110 4.
992 5050 1044 5111 5,
1076 5050 1126 5110 8,
1159 5050 1242 5108 14,
1274 5048 1357 5110 57,
1387 5049 1471 5109 69,
1502 5048 1568 5110 Χ,
1612 5049 1683 5100 de
1724 5045 2237 5108 appellationibus,
2278 5043 2748 5098 recusationibus
2797 5049 2857 5097 ei
2897 5042 3304 5102 relationibus,
3351 5043 3438 5103 11,
3471 5044 3553 5104 a

558 5143 700 5206 Beg.
728 5142 811 5203 25,
838 5142 908 5194 R.
937 5142 1016 5202 J..
1045 5141 1107 5192 in
1135 5141 1261 5202 V1⁰;
1287 5152 1338 5192 c.
1369 5140 1420 5200 3,
1451 5141 1503 5199 0,
1534 5139 1584 5198 7,
1621 5140 1692 5190 de
1719 5137 2235 5198 appellationibus,
2267 5137 2349 5197 11,
2381 5137 2464 5197 12,
2498 5138 2559 5188 ln
2584 5136 2788 5197 Clem.;
2815 5135 2936 5186 Lex
2973 5134 3211 5195 propria
3241 5132 3301 5185 S.
3334 5132 3407 5185 R.
3440 5133 3553 5185 Ro-

558 5237 659 5286 tae
690 5237 753 5286 et
782 5232 1137 5295 signaturae
1164 5233 1295 5292 Ap„
1324 5229 1390 5282 29
1423 5230 1544 5281 iun.
1577 5228 1725 5289 1908,
1753 5240 1883 5280 can.
1914 5229 1997 5285 33.
2031 5229 2058 5290 ξ
2087 5229 2137 5279 1.

731 5329 756 5365 ³
823 5324 888 5377 0,
918 5324 1002 5383 155
1033 5324 1100 5384 x,
1132 5324 1204 5374 ae
1233 5317 1696 5381 probationibus,
1729 5318 1811 5378 11,
1847 5318 1931 5371 19.

730 5422 758 5458 ⁴
794 5417 918 5468 Lex
949 5415 1186 5476 propria
1226 5412 1284 5465 S.
1316 5412 1386 5464 R.
1420 5410 1608 5464 Rotae
1636 5414 1698 5463 et
1736 5409 2090 5471 signaturae
2116 5411 2248 5470 Ap..
2281 5408 2346 5462 29
2376 5408 2496 5459 lun.
2530 5407 2677 5469 1908,
2716 5419 2845 5458 can.
2880 5406 2964 5466 34,
2999 5406 3026 5467 ξ
3056 5406 3108 5467 1;
3134 5404 3401 5467 Regulus
3432 5416 3552 5458 uer·

559 5506 789 5560 vandae
817 5507 878 5556 in
910 5504 1147 5557 iudiciis
1175 5502 1333 5564 apud
1366 5502 1423 5555 S.
1458 5502 1528 5554 R.
1565 5502 1755 5554 Rotae
1792 5501 2096 5561 Tribunal,
2130 5502 2167 5551 4
2193 5511 2325 5562 aug.
2361 5498 2509 5559 1910,
2545 5499 2572 5560 ξ
2612 5497 2727 5558 219,
2761 5510 2819 5548 n.
2851 5499 2900 5548 1.
