3753 5871
589 305 705 365 464
1738 307 1936 358 σοαπ
1981 307 2143 358 lurco
2183 307 2464 359 cononici

778 491 813 574 ξ
858 491 927 557 2.
977 490 1203 560 Videt
1228 511 1317 560 ex
1351 495 1719 576 potestate
1742 492 2085 578 delegata.
2107 492 2199 561 de
2225 493 2713 578 petitionibus
2744 512 2878 579 per
2906 494 3289 579 supplices
3323 493 3570 562 libello·

598 599 697 667 ad
748 600 1316 667 Sanctissimum
1364 600 1727 683 porrectis
1783 600 1874 669 ad
1928 601 2402 669 obtinendam
2449 619 2720 670 causae
2763 603 3364 671 commissionem
3409 602 3569 686 apud

601 705 905 772 Sacram
953 704 1224 773 Rotam
1268 704 1320 774 ².

1876 811 2055 882 CAN.
2110 815 2305 882 1604.

781 937 815 1019 ὅ
863 939 930 1003 1.
981 937 1074 1004 In
1105 955 1334 1004 causa
1364 937 1766 1021 criminali,
1798 938 1891 1006 de
1932 956 2078 1024 qua
2108 939 2189 1006 in
2226 957 2393 1006 can.
2432 938 2631 1023 1603,
2668 938 2704 1023 ξ
2740 940 2808 1022 1,
2844 959 2920 1006 n.
2955 941 3025 1022 1,
3058 941 3127 1008 si
3166 939 3378 1008 forte
3408 940 3575 1007 locun

594 1047 697 1115 sit
720 1046 1001 1115 iudicio
1025 1048 1579 1131 appellationis,
1606 1048 1741 1114 hoc
1764 1048 2145 1116 obtinetur
2168 1065 2393 1133 penes
2414 1048 2659 1133 ipsum
2687 1048 3129 1133 Supremam
3153 1048 3514 1117 Tribunal
3531 1045 3572 1114 ¹.

775 1152 809 1234 ὅ
855 1152 923 1218 2.
973 1153 1066 1219 In
1092 1172 1271 1221 casu
1304 1155 1776 1238 suspicionis,
1802 1156 2237 1239 Apostolica
2264 1156 2674 1241 Signatura
2702 1155 2964 1224 definit
2989 1160 3246 1224 utrum
3276 1156 3389 1223 sit
3412 1156 3579 1222 locun

601 1260 1051 1327 recusationi
1094 1260 1514 1344 Auditoris,
1556 1280 1803 1346 necne;
1841 1281 1987 1347 quo
2020 1263 2249 1348 facto,
2293 1263 2651 1330 iudicium
2690 1262 2788 1332 ad
2829 1262 3132 1332 Sacram
3173 1263 3453 1332 Rotam
3497 1282 3574 1330 re-

597 1366 861 1450 mittit,
894 1374 1003 1450 ut,
1045 1368 1447 1436 secundum
1478 1389 1652 1437 suas
1682 1370 1978 1456 regulas
2009 1371 2455 1453 ordinarias,
2496 1370 2872 1456 procedat,
2908 1370 3306 1455 Auditore,
3348 1377 3579 1438 contr·

599 1493 811 1558 quem
843 1478 1180 1560 exceptio
1214 1481 1418 1546 mota-
1446 1477 1622 1559 fuit,
1654 1478 1734 1545 in
1765 1496 1902 1546 suo
1940 1480 2166 1547 turno
2196 1484 2541 1547 manente
2577 1478 2694 1547 vel
2727 1479 3028 1548 excluso
3067 1475 3121 1544 ⁸.

786 1585 820 1667 ὅ
866 1584 934 1652 3.
985 1586 1078 1652 In
1126 1604 1306 1652 casu
1360 1587 1701 1670 querelae
1749 1587 2129 1656 nullitatis
2175 1591 2314 1655 aut
2360 1587 2865 1655 restitutionis
2909 1586 2991 1656 in
3039 1586 3426 1671 integrum
3469 1591 3579 1652 aut

600 1709 944 1760 recursus
964 1692 1056 1761 de
1081 1693 1347 1776 quibus
1369 1694 1447 1760 in
1470 1711 1636 1760 can.
1664 1693 1862 1776 1603,
1887 1693 1928 1776 ᾖ
1959 1696 2027 1776 1,
2063 1713 2188 1759 nn.
2219 1694 2290 1777 3,
2317 1695 2385 1779 4,
2414 1695 2482 1777 5,
2510 1694 2603 1762 de
2626 1694 2763 1763 hoc
2786 1699 3081 1762 tantum
3112 1695 3414 1763 iudicat
3437 1712 3579 1761 num

596 1800 700 1869 sit
748 1800 959 1867 nulla
1014 1802 1390 1869 sententia
1435 1801 1724 1879 rotalis,
1774 1820 1951 1869 num
2000 1803 2208 1870 locus
2265 1803 2368 1870 sit
2416 1802 2879 1871 restitutioni
2934 1803 3054 1870 vel
3104 1817 3461 1871 recursus
3503 1802 3581 1869 sit

596 1907 1127 1992 admittendus3
1167 1912 1243 1977 et
1275 1908 1626 1977 nullitate
1657 1908 2041 1977 declarata
2071 1916 2206 1979 aut
2240 1910 2714 1979 restitutIone
2745 1928 3092 1979 concessa
3125 1911 3246 1979 vel
3281 1911 3582 1979 admisso

597 2032 927 2098 recursu,
958 2034 1261 2084 causam
1297 2017 1617 2086 remittit
1643 2016 1739 2086 ad
1776 2017 2081 2085 Sacram
2111 2017 2408 2102 Rotam,
2439 2018 2586 2107 nisi
2615 2017 3148 2088 Sanctissimus
3179 2019 3419 2087 aliter
3444 2035 3576 2104 pro

592 2121 868 2191 viderit
905 2122 956 2194 ⁴.
2289 2137 2312 2166 '·
2565 2121 2621 2148 ²·

775 2229 808 2312 §
855 2232 922 2297 4.
974 2231 1067 2297 In
1110 2231 1446 2299 examine
1490 2231 1910 2316 supplicum
1966 2231 2387 2301 libellorum
2435 2232 2867 2317 Signatura,
2927 2232 3205 2300 habitis
3255 2235 3578 2318 opportu-

600 2335 716 2404 nis
755 2338 1049 2406 notitiis
1096 2342 1172 2407 et
1209 2338 1493 2406 auditis
1534 2339 1629 2406 iis
1671 2358 1983 2425 quorum
2032 2340 2371 2421 interest,
2413 2339 2746 2407 decernit
2789 2343 3042 2406 utrum
3084 2340 3442 2424 precibus
3477 2357 3576 2406 au·

598 2443 971 2511 nuendum
1013 2444 1140 2527 sit,
1187 2463 1415 2513 necne
1456 2445 1511 2515 ⁸.

1868 2553 2048 2620 CAN.
2109 2552 2304 2620 1605.

775 2675 809 2757 ἕ
856 2677 924 2741 1.
976 2676 1322 2759 Supremi
1359 2675 1789 2743 Tribunalis
1827 2674 2278 2762 Signaturae
2344 2676 2758 2744 sententiae
2816 2694 3026 2743 suam
3083 2676 3235 2743 vim
3301 2677 3580 2754 habent,

597 2783 932 2866 quamvis
978 2783 1306 2852 rationes
1343 2783 1421 2850 in
1456 2783 1662 2851 facto
1692 2787 1770 2851 et
1803 2784 1883 2850 in
1923 2784 2086 2852 iure
2130 2802 2275 2851 non
2311 2783 2768 2851 contineant.

778 2889 811 2973 §
858 2890 926 2957 2.
977 2890 1482 2959 Nihilominus
1533 2890 1685 2958 sive
1735 2890 1829 2959 ad
1896 2890 2336 2959 instantiam
2389 2890 2632 2975 partis
2684 2891 2838 2960 sive
2886 2910 2974 2961 ex
3039 2890 3304 2974 officio,
3371 2892 3438 2960 si
3485 2907 3578 2959 res

594 2997 949 3082 postulet,
985 2998 1426 3082 Supremum
1460 2998 1820 3066 Tribunal
1854 2999 2140 3068 edicere
2177 3002 2424 3085 potest
2458 3004 2544 3068 ut
2572 2997 2997 3085 praedictae
3027 3000 3367 3069 rationes
3395 3018 3578 3075 exuo

596 3109 878 3173 nantur
913 3106 1313 3174 secundum
1354 3106 1649 3192 regulas
1686 3106 2118 3199 Tribunalis
2158 3107 2525 3193 proprias.

1842 3388 2128 3469 ‚CAPUT
2173 3388 2308 3455 IV.

1612 3528 1724 3597 De
1782 3529 2146 3596 tribunali
2193 3530 2553 3612 delegato.

1862 3722 2041 3791 cm.
2094 3723 2287 3791 1606.

766 3847 1108 3932 Delegati
1130 3847 1412 3915 iudices
1440 3866 1733 3917 servare
1754 3850 2107 3917 tenentur
2129 3847 2424 3932 regulas
2445 3849 2775 3919 statutas
2802 3848 2882 3914 in
2900 3863 3067 3914 can.
3099 3845 3423 3926 loa-20⁷,
3446 3844 3576 3912 2⁰9.

1872 4010 2051 4078 CAN.
2101 4010 2296 4077 1607.

773 4136 806 4219 ξ
855 4138 920 4202 1.
972 4137 1206 4204 Iudex
1244 4156 1291 4204 a
1340 4137 1619 4205 Sancta
1657 4135 1843 4204 Sede
1890 4135 2273 4220 delegatus
2313 4135 2426 4203 uti
2464 4137 2713 4219 potest
2747 4133 3115 4202 ministris
3159 4128 3577 4225 constituti!

591 4246 670 4313 in
706 4245 941 4314 Curia
970 4245 1326 4314 dioecesis
1367 4246 1447 4312 in
1482 4263 1630 4331 qua
1658 4243 1993 4312 iudicare
2023 4242 2260 4326 debet;
2302 4244 2428 4311 sed
2463 4247 2712 4327 potest
2750 4242 2976 4310 etiam
3009 4241 3200 4310 alios
3234 4255 3571 4325 quoscun-

593 4370 733 4437 que
781 4351 1133 4420 maluerit
1190 4353 1461 4437 eligere
1506 4355 1585 4421 et
1642 4369 2042 4432 assumere,
2099 4350 2245 4416 nisi
2295 4350 2375 4417 in
2422 4349 2911 4435 delegationis
2973 4347 3343 4433 rescripto
3392 4340 3572 4415 aliud

587 4463 890 4528 cautum
935 4460 1060 4528 sit.

766 4567 801 4650 ξ
846 4568 913 4633 2.
966 4568 1261 4636 Iudices
1291 4586 1469 4636 vero
1492 4568 1587 4635 ab
1614 4566 2040 4634 ordinariis
2068 4568 2395 4634 locorum
2430 4565 2751 4651 delegati
2780 4566 2894 4633 uti
2929 4565 3198 4633 debent
3225 4562 3575 4632 ministris

592 4675 864 4744 Curiae
902 4676 1405 4759 dioecesanae,
1453 4676 1599 4743 nisi
1646 4675 2066 4759 Episcopus
2105 4675 2184 4742 in
2228 4674 2480 4759 aliquo
2522 4673 2882 4757 peculiari
2925 4690 3104 4739 casu
3159 4672 3253 4739 ob
3297 4685 3573 4756 gravem

587 4800 887 4849 causam
934 4784 1276 4867 proprios
1310 4788 1388 4851 et
1429 4782 2065 4853 extraordinarios
2103 4782 2486 4850 ministros
2521 4780 3081 4850 constituendos
3114 4779 3540 4847 decreverit.

772 5012 794 5047 ²
833 5011 1189 5064 Benedictus
1220 5012 1338 5073 XV,
1380 5012 1833 5073 chirographum
1866 5027 1898 5063 α
1930 5008 2195 5063 Atreum
2230 5009 2516 5070 coponius
2551 5024 2600 5070 ι,
2634 5007 2701 5061 28
2732 5010 2853 5059 lun.
2889 5006 3036 5059 1⁹15.

767 5109 792 5143 ¹
835 5104 956 5154 Lex
984 5104 1222 5163 propria
1260 5101 1319 5154 S.
1349 5101 1421 5152 R.
1452 5101 1640 5154 Rotae
1668 5104 1731 5153 et
1760 5102 2117 5164 signaturae
2150 5105 2280 5162 Ap..
2310 5100 2375 5153 29
2403 5100 2525 5151 iun.
2553 5099 2702 5159 1908,
2731 5109 2862 5149 can.
2892 5098 2977 5158 41.
3012 5096 3040 5158 1
3069 5097 3119 5148 1.

769 5197 796 5234 ³
832 5194 953 5244 Lex
984 5193 1219 5253 propria
1260 5193 1318 5245 S.
1349 5191 1420 5242 R.
1451 5191 1641 5244 Rotae
1672 5194 1735 5244 et
1766 5191 2122 5255 Signaturae
2150 5193 2280 5252 Ap..
2310 5190 2377 5244 29
2406 5191 2528 5241 lun.
2558 5188 2707 5250 1008,
2745 5199 2875 5239 can.
2907 5189 2991 5250 41,
3027 5188 3054 5249 fi
3084 5188 3134 5242 8.

765 5289 792 5323 ⁴
838 5282 1193 5335 Benedictus
1237 5283 1354 5343 XV,
1410 5282 1863 5344 chirographum
1909 5298 1939 5332 ι
1983 5283 2247 5333 Attentis
2292 5280 2577 5340 expositis
2622 5295 2670 5338 n,
2726 5278 2792 5330 28
2833 5278 2953 5330 iun.
3000 5279 3146 5340 1915:
3186 5279 3314 5331 Lex
3357 5278 3572 5341 promia

592 5378 652 5430 S.
685 5377 756 5428 R.
794 5374 984 5427 Rotae
1010 5377 1073 5426 et
1102 5375 1459 5435 Signaturae
1495 5373 1625 5434 Ap„
1655 5372 1721 5424 29
1750 5374 1870 5424 iun.
1903 5371 2052 5433 1908,
2085 5383 2214 5423 can.
2247 5372 2330 5431 41,
2372 5370 2399 5431 fi
2430 5370 2480 5422 3.

760 5470 787 5506 ⁸
823 5467 1180 5518 Benedictus
1217 5465 1336 5525 XV,
1367 5463 1820 5525 chirographum
1854 5478 1886 5513 α
1917 5462 2179 5513 Attenm
2213 5460 2497 5521 expositis
2538 5474 2586 5520 ι,
2619 5459 2685 5512 28
2715 5459 2836 5511 iun.
2870 5459 3015 5512 1915.
