3753 5871
430 346 549 405 3462
1573 342 1769 393 Gom
1807 337 1969 390 luri-9
2018 333 2299 388 canonio(

1723 565 1901 632 CAN·
1949 561 2145 628 1211.

615 713 947 780 caveant
980 709 1364 778 Ordinarii
1397 709 1750 788 locorum,
1788 703 2092 790 parochi
2125 721 2214 770 ac
2259 699 2716 784 Superiores,
2763 695 2860 763 ad
2897 712 3078 779 quos
3113 695 3426 778 spectat,

346 844 353 857 J
444 841 535 890 ne
566 822 645 889 in
676 819 1134 887 coemeteriis
1173 816 1580 902 epitaphia,
1623 816 2093 884 laudationes
2126 814 2474 882 funebres
2518 816 2969 896 ornatusque
3011 826 3426 878 monumen·

443 934 689 997 torum
723 927 1121 1013 quidquam
1153 944 1333 1010 prae
1366 943 1444 992 se
1471 922 1721 992 ferant
1751 943 1799 991 a
1828 924 2198 992 catholica
2230 925 2582 1010 religione
2615 943 2703 993 ac
2734 925 3012 1010 pietate
3045 925 3426 992 absonum.

1718 1098 1894 1166 CAN.
1941 1099 2136 1166 1212.

622 1208 931 1275 Praeter
976 1205 1490 1274 coemeterium
1536 1206 1999 1275 benedictum
2047 1208 2266 1292 alius,
2318 1209 2384 1276 si
2428 1209 2683 1277 haberi
2733 1219 2977 1294 queat,
3039 1208 3140 1277 sit
3198 1209 3428 1290 locus,

440 1315 745 1382 clausus
786 1316 962 1381 item
1010 1318 1085 1382 et
1134 1314 1578 1397 custoditus,
1625 1314 1753 1381 ubi
1794 1316 1851 1382 ii
1906 1317 2303 1383 humentur
2348 1317 2614 1400 quibus
2659 1317 3042 1401 sepultura
3096 1316 3429 1384 ecclesia·

447 1424 637 1492 stica
680 1442 825 1491 non
859 1425 1312 1493 conceditur.

1717 1547 1895 1615 CAN.
1944 1547 2140 1615 1213.

624 1670 933 1737 Nullum
968 1690 1240 1756 corpus
1284 1672 1712 1756 sepeliatur,
1754 1672 2189 1756 praesertim
2228 1673 2295 1739 si
2330 1690 2528 1739 mors
2567 1673 2954 1756 repentina
2988 1674 3247 1757 suerit,
3289 1676 3434 1742 nisi

446 1783 619 1862 post
663 1797 1070 1864 congruum
1110 1780 1466 1864 temporis
1512 1777 2014 1861 intervallum,
2058 1780 2249 1863 quod
2291 1781 2479 1847 satis
2516 1779 2617 1848 sit
2656 1779 2752 1847 ad
2794 1798 3078 1849 omnem
3129 1800 3435 1865 prorsus

443 1887 538 1954 de
571 1905 745 1955 vero
781 1887 989 1956 obitu
1022 1887 1561 1956 dubitationem
1598 1887 2000 1955 tollendam
2036 1884 2088 1955 ¹.

1717 2066 1895 2134 CAN.
1946 2065 2141 2132 1214.

631 2191 665 2273 ξ
714 2193 778 2258 1.
829 2191 1137 2259 Nullum
1175 2191 1489 2258 cadaver
1525 2194 1924 2274 perpetuae
1961 2189 2390 2274 sepulturae
2435 2190 2974 2258 ecclesiasticae
3014 2189 3255 2257 ubivis
3290 2192 3437 2257 tra·

450 2298 689 2366 ditum
723 2298 1119 2368 exhumare
1153 2299 1353 2381 licet,
1389 2298 1537 2365 nisi
1576 2298 1669 2366 de
1708 2297 2014 2366 licentia
2048 2295 2431 2365 Ordinarii
2468 2296 2520 2366 ².

630 2405 664 2488 ς
710 2404 777 2471 2.
829 2405 1274 2473 ordinarius
1299 2405 1675 2473 licentiam
1713 2424 2089 2491 nunquam
2115 2405 2495 2489 concedat,
2525 2406 2591 2473 si
2617 2406 2932 2474 cadaver
2957 2406 3052 2473 ab
3078 2405 3250 2473 aliis
3280 2423 3434 2473 cor·

451 2512 757 2597 poribus
788 2516 995 2581 certo
1022 2512 1340 2581 discerni
1375 2521 1688 2597 nequeat
1722 2513 1775 2583 ⁸.

1725 2814 1985 2880 CAPUT
2033 2813 2140 2879 11.

662 2956 774 3024 De
807 2956 1189 3024 cadaveris
1222 2953 1713 3022 translatione
1748 2958 1845 3022 ad
1888 2954 2298 3039 ecclesiam,
2330 2953 2594 3036 funere
2626 2971 2715 3020 ac
2748 2905 3226 3035 depositione.

1733 3148 1911 3216 CAN.
1959 3148 2153 3215 1215.

636 3272 804 3339 Nisi
844 3273 1094 3358 gravis
1127 3291 1356 3339 causa
1396 3273 1661 3355 obstet,
1706 3272 2070 3340 cadavera
2119 3271 2473 3355 fidelium,
2517 3277 2912 3358 antequam
2956 3273 3447 3355 tumulentur,

462 3378 982 3448 transferenda
1007 3386 1185 3448 sunt
1206 3381 1432 3448 eloco
1458 3381 1536 3446 in
1565 3399 1709 3466 quo
1737 3383 2238 3465 reperiuntur,
2267 3383 2345 3448 in
2379 3381 2785 3462 ecclesiam,
2823 3382 2950 3449 ubi
2974 3382 3229 3465 sunus,
3258 3381 3456 3449 idest

462 3491 667 3555 totus
719 3487 901 3555 ordo
944 3488 1455 3575 exsequiarum
1500 3506 1685 3572 quae
1726 3489 1806 3555 in
1851 3489 2186 3573 probatis
2230 3489 2602 3573 liturgicis
2645 3489 2859 3557 libris
2899 3489 3448 3568 describuntur,

461 3594 927 3678 persolvatur
951 3595 1007 3663 ⁴.

1732 3704 1913 3770 CAN·
1966 3701 2160 3770 1216.

647 3828 681 3911 ξ
728 3830 794 3894 1.
839 3829 1172 3895 Ecclesia
1219 3830 1298 3894 in
1340 3845 1554 3911 qua-m
1596 3827 1913 3893 cadaver
1952 3827 2090 3910 pro
2124 3827 2386 3896 funere
2423 3826 2820 3894 transferri
2862 3827 3101 3911 debet,
3155 3847 3245 3895 ex
3294 3829 3458 3895 iure

460 3937 845 4005 ordinario
882 3940 996 4004 est
1035 3936 1343 4004 ecclesia
1383 3935 1729 4019 propriae
1766 3935 2104 4003 defuncti
2143 3935 2550 4020 paroeciae,
2595 3935 2741 4002 nisi
2779 3933 3179 4005 defunctus
3226 3936 3452 4004 aliam

459 4045 752 4113 funeris
800 4044 1181 4113 ecclesiam
1221 4043 1547 4128 legitime
1590 4043 1897 4128 elegerit
1930 4042 1984 4110 ⁸.

642 4153 676 4236 ς
723 4153 789 4219 2.
842 4154 925 4221 Si
961 4153 1360 4220 defunctus
1399 4151 1650 4235 plures
1691 4151 2036 4219 habuerit
2075 4150 2453 4235 paroecias
2492 4149 2859 4234 proprias,
2901 4150 3216 4219 ecclesia
3250 4149 3454 4219 fune·

467 4260 573 4329 ris
610 4265 727 4330 est
768 4261 1077 4329 ecclesia
1120 4260 1504 4345 paroeciae
1543 4261 1622 4326 in
1667 4260 1883 4327 cuius
1929 4258 2311 4327 territorio
2347 4257 2661 4326 decessit
2701 4258 2750 4324 ⁸.

650 4509 673 4546 ¹
710 4507 772 4561 S.
808 4507 873 4560 O.
913 4505 972 4559 S.
1019 4503 1136 4558 ott.
1182 4504 1575 4565 (Sutchuen.),
1611 4504 1679 4555 10
1710 4515 1837 4564 apr.
1875 4502 2024 4562 1777,
2066 4501 2145 4553 ad
2187 4501 2238 4563 2:
2275 4500 2332 4553 S.
2365 4499 2430 4552 Ο.
2468 4500 2542 4552 de
2578 4500 2749 4560 Prop.
2790 4497 2954 4557 Fide,
2993 4496 3059 4548 21
3096 4498 3270 4547 mart.
3310 4492 3457 4550 1774:

475 4586 715 4651 Bituale
752 4596 939 4656 Rom..
972 4595 1069 4647 tit.
1104 4594 1207 4654 VI,
1239 4605 1291 4645 c.
1326 4594 1378 4655 1,
1410 4594 1482 4645 ae
1512 4590 1827 4651 ωοοωιίίε.
1858 4604 1917 4643 ιι.
1950 4590 2001 4643 3.

652 4688 680 4725 ²
713 4686 955 4739 Rituale
984 4685 1173 4743 Rom„
1208 4684 1304 4736 tit,
1340 4682 1442 4742 VI.
1475 4694 1527 4734 c.
1569 4685 1621 4743 1,
1655 4682 1726 4732 de
1757 4680 2074 4740 exsequiis,
2107 4693 2164 4731 ιι.
2207 4676 2540 4732 15.—v1de
2573 4676 2757 4727 etiam
2789 4686 2920 4726 can.
2954 4673 3101 4726 1242.

655 4778 681 4814 ³
740 4775 806 4827 C.
835 4776 917 4835 12.
954 4775 1021 4836 X,
1051 4775 1122 4824 de
1150 4771 1494 4832 sepulturis,
1525 4771 1642 4832 111.
1671 4770 1753 4823 28.

653 4869 681 4903 ⁴
717 4864 775 4916 S.
812 4865 883 4916 R.
918 4864 1007 4926 0.,
1046 4863 1333 4918 Brauon„
1364 4862 1398 4914 5
1428 4863 1602 4912 mart.
1634 4860 1782 4922 1870;
1809 4859 2054 4912 Bituale
2083 4858 2270 4918 Rom„
2301 4858 2397 4910 tit.
2431 4856 2532 4917 vl,
2572 4868 2623 4907 c.
2654 4855 2706 4916 3,
2743 4851 3173 4912 meseonem-um
3203 4849 3363 4899 ordo.

656 4959 682 4993 ⁸
719 4954 783 5005 C.
816 4954 899 5014 24.
933 4954 999 5014 x,
1035 4955 1105 5003 de
1144 4951 1473 5012 mouentia
1504 4953 1563 5002 et
1596 4948 1933 4999 eoeoeeaibua
1954 4944 2492 5007 -privileotatonam,
2530 4944 2600 5003 V,
2645 4944 2727 5005 33:
2761 4941 3140 4995 Innocentius
3171 4940 3238 4999 x,
3272 4939 3461 4989 const.

478 5062 509 5098 ι
534 5045 626 5097 En
651 5044 917 5095 iniuncto
944 5057 993 5103 ι,
1021 5042 1087 5093 22
1117 5043 1266 5094 febr.
1296 5040 1445 5101 1645,
1475 5040 1502 5100 3
1530 5039 1581 5100 6:
1614 5036 1971 5090 Benedictus
2000 5035 2150 5095 xlv,
2179 5037 2366 5086 const.
2396 5048 2427 5084 ι
2452 5032 2586 5085 Etsi
2619 5029 2941 5092 pastor-aus
2968 5043 3018 5088 υ,
3047 5027 3113 5079 26
3139 5026 3283 5077 maii
3312 5024 3462 5084 1742,

478 5137 506 5200 ς
536 5136 618 5195 ΙΙ,
645 5148 704 5186 ιι.
730 5135 829 5196 ΧΙς
855 5132 914 5186 S.
939 5132 1003 5184 O.
1031 5132 1139 5198 Ep.
1164 5135 1229 5184 et
1258 5130 1421 5191 fleg..
1451 5127 1865 5189 Senooaluen„
1891 5126 1957 5177 22
1979 5138 2111 5177 nov.
2138 5123 2284 5184 158ος
2313 5123 2706 5183 Γυῑσίοιαιεη.,
2740 5121 2774 5172 9
2799 5120 2919 5171 iun.
2947 5116 3094 5178 1592:
3125 5113 3464 5172 Novar-ton„

476 5225 542 5277 15
567 5224 743 5277 mart.
771 5221 917 5282 1606;
943 5219 1236 5278 Par-men„
1263 5222 1327 5270 11
1361 5230 1495 5280 ang.
1524 5217 1672 5276 1702,
1699 5216 1778 5268 ad
1804 5217 1854 5277 4;
1892 5213 2314 5272 Vulturno-ten„
2345 5212 2411 5263 13
2437 5213 2612 5263 mart.
2640 5209 2789 5268 1744,
2819 5207 2896 5259 ad
2929 5207 2979 5267 8;
3008 5206 3067 5258 S.
3098 5204 3165 5257 O.
3197 5202 3286 5264 O..
3317 5201 3464 5251 Lau-

477 5318 632 5372 den„
657 5315 722 5365 14
745 5323 871 5372 apr.
898 5309 1045 5371 1685,
1077 5310 1155 5362 ad
1177 5310 1227 5371 3;
1251 5307 1590 5370 spoletana,
1616 5307 1683 5359 10
1708 5317 1835 5367 apr.
1870 5304 2020 5364 1692,
2047 5302 2125 5355 ad
2148 5302 2199 5363 3;
2225 5300 2623 5359 Salernitana,
2655 5296 2690 5350 8
2713 5298 2776 5348 et
2803 5295 2869 5347 28
2892 5295 3020 5354 iul..
3049 5293 3117 5345 19
3144 5303 3283 5354 aut.
3314 5289 3464 5350 1702,

472 5402 557 5454 ad
582 5403 632 5463 4;
661 5399 1005 5451 Ulwbonen.
1040 5398 1359 5456 occident„
1386 5396 1453 5447 22
1483 5407 1616 5449 nov.
1646 5394 1795 5455 1721,
1823 5395 1891 5446 10
1917 5394 2064 5453 sept.
2097 5390 2245 5452 1722,
2282 5389 2362 5441 ad
2391 5389 2442 5450 2,
2471 5388 2523 5440 8.

662 5493 688 5528 ⁸
717 5489 777 5543 S.
809 5489 874 5541 Ο.
913 5487 1001 5546 C„
1032 5486 1099 5537 12
1127 5489 1303 5538 mart.
1332 5483 1479 5538 1881.
