3753 5871
438 228 547 288 266
1578 234 1775 287 Οοᾱοο
1811 235 1844 286 1
1847 235 1975 286 nris
2023 235 2305 289 Ocno-uos

1743 440 1922 508 CAN.
1970 441 2123 509 932.

617 580 881 666 Opere,
919 582 1045 649 cui
1083 582 1532 666 praestando
1574 582 1741 667 quis
1780 584 1939 667 lege
1978 588 2112 651 aut
2150 588 2544 668 praecepto
2583 584 2981 668 obligatur,
3026 585 3282 670 nequit
3319 585 3429 652 in·

439 688 826 773 dulgentia
865 688 1245 766 lucrifieri,
1299 691 1446 757 nisi
1496 690 1575 756 in
1615 691 1941 759 eiusdem
1981 691 2448 760 concessione
2486 692 2694 759 aliud
2734 710 3074 776 expresse
3115 692 3436 776 dicatur3

444 796 571 879 qui
608 800 855 864 tamen
893 801 1227 880 praestat
1264 816 1452 881 opus
1488 799 1631 865 sibi
1672 800 1747 866 in
1794 800 2400 867 sacramentalem
2442 800 2972 885 poenitentiam
3011 800 3429 868 iniunctum

441 911 516 973 et
548 903 1035 987 indulgentiis
1075 906 1272 973 forte
1310 906 1660 988 ditatum,
1701 911 1947 991 potest
1988 908 2211 974 simul
2251 912 2327 975 et
2359 908 2858 990 poenitentiae
2892 907 3325 975 satisfacere
3357 914 3435 975 et

439 1007 942 1094 indulgentias
979 1010 1260 1078 lucrari
1284 1011 1335 1080 ¹.

1723 1142 1901 1210 cm.
1953 1142 2105 1211 933.

618 1275 767 1341 Uni
820 1274 1199 1358 eidemque
1245 1274 1353 1341 rei
1396 1275 1512 1341 vel
1555 1275 1717 1341 loco
1761 1275 2014 1358 plures
2059 1293 2147 1342 ex
2192 1273 2424 1341 variis
2471 1274 2720 1342 titulis
2765 1275 3061 1343 adnecti
3117 1282 3432 1358 possunt

441 1380 968 1467 indulgentiae3
1009 1383 1136 1449 sed
1184 1399 1329 1448 uno
1372 1383 1765 1466 eodemque
1800 1400 2043 1465 opere,
2081 1382 2205 1449 cui
2240 1401 2328 1450 ex
2371 1382 2603 1450 variis
2638 1382 2888 1451 titulis
2926 1381 3436 1466 indulgentiae

440 1489 769 1556 adnexae
809 1489 988 1571 sint,
1032 1508 1178 1556 non
1218 1493 1531 1573 possunt
1569 1489 1822 1574 plures
1859 1490 2149 1574 acquiri
2189 1490 2720 1574 indulgentiae,
2774 1490 2923 1557 nisi
2965 1508 3153 1574 opus
3194 1489 3431 1573 requi·

447 1599 672 1667 situm
709 1599 811 1666 sit
836 1598 1205 1666 confessio
1235 1599 1351 1666 vel
1385 1600 1977 1682 communi0,aut
2004 1599 2153 1666 nisi
2186 1597 2395 1665 aliud
2432 1616 2770 1682 expresse
2796 1602 3097 1664 cautum
3135 1592 3437 1664 fuerit¹.

1732 1783 1910 1851 CAN.
1954 1783 2105 1850 934.

616 1911 649 1993 ξ
698 1914 763 1976 1.
817 1911 900 1979 si
962 1912 1059 1978 ad
1122 1911 1522 1978 lucrandas
1585 1910 2091 1994 indulgentias
2156 1909 2401 1977 oratio
2471 1909 2552 1975 in
2626 1927 2889 1992 genere
2952 1909 3049 1975 ad
3116 1912 3436 1976 mentem

442 2018 728 2086 Summi
778 2018 1165 2087 Pontificis
1226 2017 1804 2103 praescribatur,
1850 2017 2198 2086 mentalis
2260 2021 2553 2086 tantum
2622 2017 2867 2084 oratio
2930 2035 3077 2083 non
3142 2014 3436 2099 sufficit;

438 2125 683 2193 oratio
705 2129 954 2194 autem
986 2126 1262 2193 vocalis
1290 2126 1570 2210 poterit
1591 2125 1908 2194 arbitrio
1940 2124 2267 2194 fidelium
2299 2124 2551 2209 deligi,
2584 2125 2730 2191 nisi
2756 2123 3155 2208 peculiaris
3179 2123 3437 2207 aliqua

433 2232 856 2317 assignetur
889 2232 942 2299 ³.

612 2341 760 2422 §.2
814 2341 896 2408 Si
938 2341 1336 2425 peculiaris
1375 2340 1619 2408 oratio
1658 2340 2044 2425 assignata
2080 2339 2337 2415 fuerit,
2380 2338 2897 2424 indulgentiae·
2928 2337 3219 2423 acquiri
3268 2355 3429 2422 pos-

437 2454 616 2516 sunt
675 2467 1107 2533 quocunque
1153 2447 1505 2515 idiomate
1563 2448 1805 2515 oratio
1854 2448 2235 2529 recitetur,
2285 2446 2680 2514 dummodo
2724 2446 2817 2513 de
2867 2444 3227 2513 fidelitate
3274 2463 3432 2513 ver·

438 2556 669 2624 sionis
713 2560 1003 2624 constet
1048 2575 1136 2624 ex
1184 2555 1685 2623 declaratione
1728 2554 1844 2622 vel
1906 2555 2177 2623 Sacrae
2235 2553 2865 2623 Poenitentiariae
2910 2552 3026 2620 vel
3072 2552 3297 2619 unius
3341 2571 3429 2619 ex

436 2664 859 2733 Ordinariis
889 2663 1033 2732 loci
1066 2663 1193 2731 ubi
1219 2663 1552 2749 vulgaris
1581 2667 1695 2731 est
1724 2663 1985 2748 lingua
2019 2663 2101 2733 in
2131 2681 2349 2747 quam
2386 2663 2711 2730 vertitur
2737 2661 3000 2745 oratio;
3031 2659 3157 2729 sed
3189 2659 3427 2728 indul·

434 2771 729 2858 gentiae
777 2771 1076 2856 penitus
1123 2775 1420 2840 cessant
1458 2770 1549 2838 ob
1593 2770 1997 2856 quamlibet
2035 2770 2516 2853 additionem,
2560 2767 3119 2851 detractionem,
3164 2768 3281 2837 vel
3320 2767 3425 2835 in·

431 2879 996 2964 terpolationem
1034 2879 1087 2947 ⁴.

613 2988 647 3069 §
693 2987 760 3055 3.
811 2989 929 3056 Ad
974 2987 1608 3074 indulgentiarum
1655 2987 2217 3071 acquisitionem
2265 2985 2452 3053 satis
2499 2988 2612 3053 est
2657 2984 3065 3052 orationem
3114 2982 3430 3052 alternis

430 3114 596 3161 cum
631 3096 830 3163 socio
871 3096 1207 3177 recitare,
1251 3100 1385 3163 a-ut
1419 3100 1663 3164 mente
1693 3113 1855 3162 eam
1889 3093 2260 3178 prosequi,
2295 3093 2472 3161 dum
2513 3093 2608 3161 ab
2639 3092 2793 3161 alio
2834 3091 3195 3177 recitatur
3221 3092 3275 3159 ⁸.

1728 3276 1906 3345 om.
1957 3276 2109 3344 935.

615 3407 753 3473 Pia
797 3424 1020 3490 opera
1063 3405 1160 3473 ad
1204 3405 1604 3472 lucrandas
1656 3403 2164 3488 indulgentias
2217 3402 2582 3484 iniuncta,
2629 3399 3067 3468 confessarii
3114 3403 3428 3483 possunt

434 3514 510 3580 in
540 3515 695 3581 alia
717 3517 1170 3581 commutare
1197 3531 1333 3595 pro
1363 3514 1459 3581 iis
1495 3513 1646 3598 qui,
1676 3512 2009 3598 legitimo
2041 3511 2325 3579 detenti
2353 3509 2902 3594 impedimento,
2934 3506 3186 3575 eadem
3216 3523 3422 3591 prac-

432 3623 632 3689 stare
668 3628 1034 3705 nequeant
1067 3626 1118 3692 ⁶.

439 3880 496 3933 S.
530 3883 594 3933 C.
630 3880 884 3942 Indulg„
921 3882 956 3933 9
995 3881 1121 3932 dec.
1166 3880 1313 3941 1763;
1353 3877 1526 3930 Urbis
1560 3884 1619 3931 et
1659 3879 1850 3939 orbis,
1889 3880 1957 3931 12
1990 3880 2112 3931 iun.
2154 3879 2300 3942 182ae
2343 3880 2640 3941 Ver-onon„
2678 3881 2744 3933 12
2777 3885 2955 3935 mart.
2992 3883 3142 3946 1866,
3179 3883 3257 3936 ad
3293 3886 3346 3945 1.
3376 3885 3427 3947 ὃς

438 3971 805 4029 Frlburaen„
836 3971 904 4022 23
928 3982 1059 4022 nov.
1087 3969 1235 4030 1878,
1262 3970 1340 4021 ad
1365 3969 1415 4031 2;
1443 3969 1618 4021 Urbis
1642 3973 1702 4021 et
1734 3969 1926 4028 orbis,
1954 3969 2019 4021 25
2047 3969 2197 4021 febr.
2230 3969 2375 4032 1886:
2403 3969 2465 4021 8.
2491 3970 2693 4022 Ιαοοῦί
2721 3974 2793 4024 de
2828 3971 3017 4032 Chilo,
3051 3972 3086 4025 δ
3112 3972 3236 4025 dec.
3269 3973 3422 4034 1893,

437 4060 514 4110 ad
549 4059 598 4117 1,
645 4058 726 4119 11;
772 4057 945 4109 Urbis
980 4062 1039 4109 et
1076 4057 1268 4116 orbas,
1303 4057 1368 4108 14
1405 4058 1553 4109 febr.
1591 4057 1738 4110 1906.

615 4148 636 4184 ²
676 4147 1031 4199 Benedictus
1061 4148 1211 4208 xlv,
1243 4159 1334 4207 ep.
1368 4148 1587 4207 encycl.
1629 4162 1663 4197 α
1694 4146 1863 4198 Inter
1892 4147 2246 4206 praeteritos
2276 4163 2326 4208 ι,
2363 4147 2396 4199 3
2429 4148 2551 4199 dec.
2590 4147 2739 4209 1749,
2776 4148 2803 4209 ὅ
2836 4149 2918 4211 53;
2953 4148 3012 4201 S.
3057 4149 3122 4202 O.
3167 4148 3423 4212 Indulg„

441 4236 615 4287 Urbis
642 4240 700 4287 et
737 4236 929 4294 orbis,
962 4237 1028 4288 19
1054 4239 1227 4289 mart.
1256 4235 1403 4298 1841;
1431 4235 1720 4293 Brtocen„
1751 4235 1817 4288 29
1842 4236 1988 4287 mail
2018 4235 2166 4297 1841,
2196 4236 2270 4287 ad
2300 4235 2348 4298 2;
2377 4235 2720 4298 Quebecen„
2757 4237 2823 4288 16
2850 4238 2974 4289 dec.
3006 4238 3156 4300 18413
3182 4236 3424 4288 Hecu&-

435 4326 613 4382 πίση..
646 4326 712 4377 10
742 4325 887 4375 mall
917 4325 1065 4384 1844,
1106 4325 1186 4376 ad
1218 4325 1268 4385 1,
1301 4324 1350 4386 22
1380 4325 1446 4376 14
1475 4325 1598 4376 iun.
1637 4326 1784 4376 1901.

609 4417 636 4453 2
678 4415 735 4465 S.
780 4415 844 4466 C.
899 4414 1152 4474 Indulg„
1210 4413 1383 4464 Urbis
1423 4418 1481 4464 et
1524 4413 1716 4472 Orbis,
1757 4414 1822 4465 29
1864 4415 2011 4466 febr.
2057 4414 2203 4474 1820,
2251 4413 2327 4464 ad
2365 4414 2415 4475 3;
2455 4413 2743 4473 Briau-en„
2786 4415 2851 4467 29
2897 4415 3043 4468 mall
3087 4415 3235 4477 1841,
3267 4414 3347 4467 ad
3376 4418 3429 4478 13

437 4504 832 4560 mechlinien„
861 4504 927 4554 10
952 4503 1098 4554 mall
1129 4503 1277 4561 1844,
1309 4503 1386 4554 ad
1421 4503 1472 4563 83
1502 4502 1852 4560 Galliarum,
1884 4503 1949 4553 22
1976 4503 2095 4554 ian.
2135 4502 2282 4562 1858,
2322 4502 2400 4554 ad
2429 4503 2478 4564 2;
2510 4502 2992 4564 concremationis
3024 4502 3084 4552 8.
3118 4502 3427 4553 Benedicti

435 4595 498 4642 in
539 4592 754 4651 Gallia,
788 4594 853 4645 29
892 4594 1038 4644 tebr.
1075 4592 1222 4650 1864,
1256 4592 1332 4643 ad
1364 4592 1414 4651 2,
1446 4592 1495 4653 33
1530 4589 1786 4651 Oniten..
1821 4592 1886 4642 12
1921 4593 2039 4643 ian.
2074 4592 2221 4653 1878,
2257 4592 2333 4643 ad
2367 4595 2415 4653 13
2454 4592 2770 4651 Geneven„
2805 4592 2871 4643 12
2900 4593 3018 4644 ian.
3051 4592 3200 4651 1878,
3232 4592 3310 4644 ad
3338 4593 3390 4645 3.

610 4684 636 4720 ³
671 4682 1027 4733 Benedictus
1051 4682 1202 4740 XIV,
1229 4684 1414 4732 const.
1448 4696 1476 4730 a
1516 4680 1863 4732 Convocatis
1892 4695 1941 4742 ι»,
1971 4681 2036 4733 25
2061 4693 2192 4733 nov.
2227 4680 2374 4741 1749,
2406 4693 2463 4732 n.
2498 4682 2594 4743 L1;
2624 4693 2713 4742 ep.
2743 4682 2962 4743 encycl.
2993 4697 3025 4732 α
3052 4680 3222 4730 Inter
3255 4693 3421 4740 prae·

438 4774 643 4822 teritos
672 4787 719 4832 ι),
753 4773 787 4823 3
818 4772 939 4823 dec.
971 4772 1117 4832 1749,
1149 4773 1175 4832 fi
1203 4772 1284 4825 83:
1315 4771 1373 4822 S.
1404 4771 1468 4822 C.
1504 4771 1765 4832 Indulg.,
1787 4769 2079 4828 Βᾶσσαι,
2106 4771 2171 4822 29
2199 4771 2339 4821 maii
2376 4771 2525 4831 1841,
2558 4771 2635 4822 ad
2662 4771 2712 4832 33
2742 4769 3167 4826 constantien..
3196 4771 3262 4822 31
3294 4771 3412 4821 ian.

434 4857 579 4920 184&
610 4860 644 4912 6
675 4860 819 4910 mall
852 4860 1000 4919 1887,
1043 4860 1123 4911 ad
1157 4861 1206 4922 1;
1238 4860 1303 4911 13
1337 4862 1482 4920 sept.
1524 4859 1670 4916 1888.

613 4952 642 4987 ⁴
681 4949 739 5001 S.
767 4950 832 5001 C.
867 4950 924 5001 S.
964 4950 1100 5009 off„
1137 4950 1291 5001 decr.
1325 4950 1388 5000 22
1416 4950 1536 5000 lun.
1572 4951 1718 5011 1916;
1748 4949 1806 5001 S.
1840 4949 1906 5002 C.
1941 4949 2192 5011 Indulg„
2234 4948 2406 5000 Urbis
2434 4954 2493 5000 et
2525 4949 2716 5005 Orbis,
2746 4950 2811 5000 30
2847 4951 2995 5009 sept.
3029 4948 3175 5010 1852ς
3201 4949 3266 5001 29
3293 4948 3417 5000 dec.

434 5038 579 5100 1864;
610 5040 643 5090 6
674 5039 815 5089 mali
850 5039 998 5099 1887,
1040 5039 1122 5090 ad
1155 5039 1202 5101 2;
1239 5038 1413 5090 Urbis
1446 5043 1504 5090 et
1544 5038 1737 5096 orme,
1771 5038 1837 5092 28
1872 5051 2006 5102 aug.
2044 5039 2192 5092 1903.

517 5179 522 5188 ,
612 5131 639 5166 ³
676 5129 732 5178 S.
769 5129 833 5180 C.
871 5129 1122 5190 Indulg..
1168 5128 1345 5179 Urbis
1385 5133 1444 5180 et
1482 5128 1673 5187 Orbis,
1708 5129 1773 5180 29
1808 5129 1956 5180 febr.
1993 5128 2140 5189 1820,
2181 5129 2257 5180 ad
2290 5131 2339 5180 4.

614 5222 638 5259 ⁸
677 5219 1031 5271 Benedictus
1070 5219 1219 5279 XIV,
1259 5231 1348 5279 ep.
1389 5220 1607 5281 encycl.
1656 5233 1691 5270 α
1728 5218 1898 5269 Inter
1933 5230 2065 5278 prae
2080 5220 2287 5269 teritos
2325 5233 2373 5279 n,
2417 5219 2449 5270 3
2487 5218 2609 5269 dee.
2654 5217 2801 5276 1749,
2845 5217 2872 5278 ὅ
2913 5217 3081 5278 52-54;
3130 5216 3190 5269 S.
3241 5215 3305 5268 C.
3346 5214 3421 5267 de

436 5312 604 5371 Prop.
647 5309 810 5372 Fide,
847 5310 912 5361 19
957 5311 1104 5370 sept.
1154 5310 1300 5370 1773:
1345 5309 1434 5368 (C.
1475 5309 1540 5360 P.
1583 5321 1689 5369 pro
1728 5308 1901 5370 Sin),
1944 5309 2009 5360 20
2044 5309 2193 5360 febr.
2227 5307 2374 5370 1801;
2413 5307 2470 5360 S.
2505 5307 2569 5360 C.
2604 5306 2858 5368 Indulss„
2903 5305 3077 5358 Urbis
3121 5310 3186 5358 et
3225 5304 3416 5362 orbae,

432 5401 498 5452 18
521 5404 667 5461 sept.
700 5400 846 5463 1862;
873 5401 1197 5451 Lau-zanca.
1234 5398 1635 5458 et'Geneven„
1663 5400 1729 5452 16
1755 5399 1871 5450 lan.
1904 5399 2051 5459 1886,
2081 5398 2159 5451 ad
2187 5398 2268 5459 11;
2294 5398 2610 5449 societatis
2633 5398 2792 5455 lesu,
2820 5396 2886 5448 16
2915 5396 3022 5449 lul.
3050 5395 3199 5456 1887,
3230 5394 3306 5447 ad
3332 5394 3415 5446 11.
