3753 5871
1775 404 1963 456 tum
3285 414 3349 458 11

3138 562 3246 597 ω.

373 650 516 713 '1'rr.
553 649 664 713 IV.
708 684 789 694 —
831 649 929 713 De
970 645 1387 728 poenitentia
1436 691 2951 711 ................
3070 641 3353 706 870-936

533 798 693 864 ΟΑΡ.
736 799 787 864 Ι.
900 834 967 845 -
1013 797 1112 863 De
1151 797 1466 862 ministro
1507 797 1914 862 sacramenti
1955 795 2408 877 poenitentiae
2434 843 2950 858 ......
3071 794 3353 858 871-892

532 933 692 999 Cu.
735 935 815 998 Π.
888 970 969 981 -
1012 935 1109 998 De
1148 932 1603 996 reservatione
1646 935 2070 1013 peccatorum
2135 978 2951 995 .........
3071 928 3355 999 893-900

532 1066 692 1132 cu.
735 1066 850 1132 111.
889 1101 971 1112 —-
1010 1065 1108 1129 De
1149 1064 1454 1130 subiecto
1495 1065 1904 1129 sacramenti
1947 1064 2401 1146 poenitentiae
2433 1111 2948 1129 ......
3068 1062 3347 1125 901-907

533 1199 693 1265 Car.
733 1200 844 1264 IV.
891 1236 972 1246 -
1013 1201 1111 1265 De
1149 1198 1299 1263 loco
1338 1199 1427 1264 ad
1467 1199 1929 1263 confessiones
1968 1198 2404 1280 excipiendas
2436 1246 2953 1262 ......
3072 1195 3356 1262 sos-910

535 1331 695 1397 Car.
735 1333 814 1398 V.
895 1367 962 1380 -
1009 1334 1105 1398 De
1140 1332 1586 1414 indulgentiis
1636 1379 2952 1397 ..............
3073 1330 3356 1394 911-936

695 1467 837 1532 Art.
881 1468 931 1532 1.
1040 1503 1118 1513 -
1159 1468 1257 1531 De
1296 1438 1875 1549 indulgentiarum
1917 1465 2351 1531 concessione
2431 1513 2943 1529 ......
3063 1462 3347 1527 911-924

690 1582 837 1647 Art.
881 1584 966 1648 11.
1039 1618 1119 1628 —
1158 1582 1257 1646 De
1298 1581 1743 1664 indulgentiis
1785 1581 2218 1663 acquirendis
2234 1629 2950 1646 ........
3070 1579 3355 1643 925-936

373 1762 519 1826 Trr.
558 1760 635 1827 V.
740 1797 820 1807 —
864 1763 961 1826 De
999 1764 1301 1825 extrema
1344 1760 1661 1837 unctione
1737 1808 2952 1825 .............
3071 1757 3353 1823 937-947

533 1896 693 1961 Cu.
735 1896 785 1961 1.
890 1932 967 1942 —
1009 1895 1107 1960 De
1148 1895 1461 1961 ministro
1500 1897 1835 1960 extremae
1876 1895 2224 1959 unctionis
2239 1942 2954 1959 ........
3073 1892 3356 1957 938-939

534 2029 693 2096 ΟΑΡ.
736 2028 822 2094 ΙῙ.
895 2066 975 2076 -
1017 2032 1114 2096 ΒΘ
1153 2031 1459 2096 subiecto
1497 2032 1834 2095 extremae
1875 2029 2221 2095 unctionis
2239 2077 2953 2094 ........
3073 2027 3357 2091 940-944

536 2163 694 2230 Car.
736 2164 853 2230 111.
894 2201 974 2211 —
1011 2166 1113 2230 De
1150 2166 1397 2230 ritibus
1422 2169 1505 2230 *et
1543 2165 1983 2231 caeremoniis
2022 2167 2360 2229 extremae
2398 2165 2746 2230 unctionis
2829 2213 2844 2230 .
2929 2212 2943 2228 .
3063 2162 3341 2226 945-947

379 2340 526 2407 'Pr-r.
563 2341 677 2406 vl.
746 2375 831 2389 —
870 2342 966 2406 De
1004 2341 1243 2406 ordine
1338 2391 2950 2409 .................
3030 2342 3349 2406 948-1011

536 2493 696 2559 CAP.
739 2497 789 2558 Ι.
896 2530 976 2541 -
1015 2495 1112 2559 ΒΘ
1152 2496 1470 2561 ministro
1509 2514 1738 2561 sacrae
1778 2496 2230 2562 ordinationis
2233 2544 2948 2562 ........
3068 2494 3349 2560 951-967

536 2629 696 2695 CAr.
736 2630 823 2695 11.
899 2667 974 2678 —
1014 2631 1113 2696 De
1152 2632 1457 2696 subiecto
1498 2649 1727 2697 sacrae
1767 2631 2219 2697 ordinationis
2237 2679 2950 2697 ........
3069 2631 3344 2695 968-991

695 2757 835 2820 Art.
879 2756 928 2821 1.
999 2793 1080 2803 —
1122 2757 1218 2823 De
1258 2758 1604 2840 requisitis
1642 2758 1717 2822 in
1757 2757 2063 2823 subiecto
2102 2775 2332 2822 sacrae
2372 2758 2852 2823 ordinationis.
2936 2807 2952 2822 .
3071 2755 3353 2821 973-982

696 2872 838 2938 Art.
881 2872 962 2939 11.
1004 2909 1079 2920 —
1121 2873 1220 2940 De
1260 2874 1873 2957 irregularitatibus
1913 2874 2203 2960 aliisque
2246 2873 2747 2958 impedimentis
2836 2924 2852 2939 .
2936 2923 2951 2939 .
3071 2874 3348 2940 983-991

537 3006 696 3074 Car.
736 3009 850 3074 111.
889 3045 968 3056 -
1010 3011 1106 3075 De
1152 3009 1239 3074 iis
1279 3029 1455 3093 quae
1493 3028 1722 3075 sacrae
1759 3011 2176 3076 ordinationi
2219 3011 2478 3092 praeire
2516 3010 2767 3075 debent
2836 3061 2851 3075 .
2936 3061 2950 3076 .
3030 3011 3340 3075 992-1001

536 3141 695 3208 Cu».
736 3145 849 3208 1v.
890 3180 965 3191 —
1011 3146 1108 3211 De
1154 3145 1400 3210 ritibus
1438 3149 1508 3210 et
1545 3146 1985 3211 caeremoniis
2025 3164 2251 3211 sacrae
2290 3145 2746 3211 ordinationis
2830 3195 2844 3210 .
2930 3195 2944 3210 .
2993 3146 3347 3209 1002-1005

534 3276 694 3343 cn.
735 3277 811 3343 V.
884 3315 959 3326 —
1002 3279 1099 3343 De
1147 3283 1442 3362 tempore
1482 3283 1551 3345 et
1588 3281 1737 3346 loco
1778 3299 2008 3346 sacrae
2045 3280 2498 3345 ordinationis
2535 3329 2949 3345 .....
2996 3282 3353 3345 1006-1009

535 3411 694 3478 cm».
736 3413 844 3479 VI.
885 3450 960 3461 —
1005 3417 1102 3481 De
1167 3416 1605 3481 adnotatione
1677 3435 1758 3482 ac
1833 3416 2223 3482 testimonio
2299 3420 2605 3499 peractae
2684 3415 2956 3481 ordina-

1094 3531 1300 3595 tionis
1342 3580 2951 3598 .................
2998 3531 3346 3594 1010-1011

377 3720 520 3783 Τιτ.
558 3718 701 3784 VII.
776 3753 854 3765 —
895 3719 993 3783 ΒΘ
1034 3719 1469 3785 Matrimonio
1538 3768 2950 3785 ...............
2995 3719 3354 3785 1012-1143

535 3869 695 3935 cu».
736 3872 787 3935 1.
941 3908 1015 3917 —
1061 3874 1156 3936 ΒΘ
1216 3871 1304 3935 iis
1371 3890 1545 3953 quae
1607 3872 2016 3936 matrimonii
2078 3872 2510 3937 celebrationi
2574 3873 2913 3953 praemitti

1092 3988 1342 4053 debent
1379 3993 1447 4052 et
1486 3989 1876 4072 praesertim
1920 3990 2003 4054 de
2058 3990 2638 4072 publicationibus
2686 3989 2916 4054 matri-

1093 4104 1508 4169 monialibus
1536 4154 1551 4169 .
1641 4154 2953 4171 ..............
2998 4107 3356 4171 1019-1034

536 4239 697 4306 Gar.
737 4241 824 4305 11.
945 4275 1017 4289 —
1061 4240 1159 4306 De
1197 4241 1698 4322 impedimentis
1740 4242 1812 4306 in
1852 4260 2095 4326 genere
2133 4292 2148 4307 .
2239 4293 2954 4309 ........
2996 4242 3353 4306 1035-1057

537 4373 696 4441 CAP.
736 4375 851 4440 111.
951 4411 1032 4421 -
1071 4375 1167 4440 De
1208 4376 1708 4458 impedimentis
1747 4377 2276 4460 impedientibus
2346 4428 2953 4444 .......
2999 4377 3354 4442 1058-1066

535 4509 695 4575 Gar.
737 4510 847 4575 IV.
955 4546 1031 4557 —
1074 4511 1171 4576 De
1209 4511 1711 4594 impedimentis
1749 4512 2227 4578 dirimentibus
2337 4564 2950 4579 .......
2996 4514 3354 4579 1067-1080

533 4644 694 4709 Car.
734 4644 812 4709 V.
954 4681 1028 4691 —
1072 4645 1169 4710 De
1208 4663 1547 4712 consensu
1590 4648 2074 4713 matrimoniali
2138 4698 2952 4714 .........
2999 4648 3353 4712 1081-1093

536 4778 696 4844 Car.
736 4779 848 4845 Vl.
958 4814 1029 4827 —
1075 4780 1173 4846 De
1214 4779 1434 4845 forma
1472 4782 1949 4848 celebrationis
1976 4784 2389 4847 matrimonii
2436 4833 2450 4848 .
2496 4834 2552 4864 ,.
2637 4834 2651 4849 .
2737 4834 2752 4849 .
2838 4752 2877 4848 .‚
2937 4834 2951 4848 .
2997 4784 3355 4848 1094—1103

533 4910 694 4977 Gar.
733 4911 879 4977 vn.
954 4947 1030 4960 -
1073 4913 1171 4979 De
1212 4913 1645 4979 matrimonio
1684 4915 2142 4983 conscientiae
2237 4969 2251 4984 .
2336 4967 2350 4981 .
2435 4967 2449 4982 .
2527 5011 2532 5016 ἠ
2535 4968 2948 4983 .....
2996 4918 3352 4982 1104-1107

541 5045 700 5112 CAP.
740 5048 922 5112 vul.
961 5083 1038 5094 —
1081 5050 1179 5114 De
1219 5051 1518 5131 tempore
1556 5053 1626 5114 et
1665 5050 1812 5115 loco
1851 5051 2322 5118 celebrationis
2367 5052 2776 5117 matrimonii
2839 5103 2852 5116 .
2939 5103 2953 5116 .
3000 5055 3356 5118 1108-1109

538 5178 696 5246 Cu.
738 5182 855 5247 [x.
960 5219 1039 5228 —
1080 5185 1180 5248 De
1219 5183 1629 5250 matrimonii
1670 5186 2022 5252 effectibus
2046 5236 2951 5252 ..........
3000 5190 3354 5253 1110-1117

538 5312 694 5380 CAP.
735 5316 817 5380 X.
962 5351 1031 5364 --
1079 5318 1175 5382 ΒΘ
1214 5319 1641 5400 separatione
1686 5321 2056 5403 coniugum
2142 5371 2954 5388 .........
2999 5324 3357 5388 1118—1132

698 5441 843 5506 Art.
887 5443 937 5507 Ι.
1012 5437 1227 5508 -ΒΘ
1266 5443 1715 5510 dissolutione
1754 5446 2011 5510 vinculi
2039 5496 2951 5514 ..........
2996 5449 3351 5513 1118—1127

696 5553 839 5619 Art.
881 5555 968 5621 11.
1005 5593 1084 5602 —
1128 5558 1223 5623 De
1262 5559 1686 5641 separatione
1725 5560 1878 5637 tori,
1921 5577 2193 5626 mensae
2232 5565 2299 5626 et
2340 5561 2786 5629 habitationis
2838 5614 2853 5629 .
2938 5614 2953 5629 .
2997 5563 3356 5628 1128-1132
