3753 5871
1253 381 1428 432 Liber
1461 350 1764 432 Secundus
1806 407 1824 418 ·
1861 381 1948 432 De
1991 381 2266 431 Per-sonis
3183 377 3255 437 53

1559 624 1735 692 ΟΑΝ.
1774 624 1928 689 210.

433 745 777 814 Potestas
817 746 1127 829 ordiniS,
1171 766 1220 813 a
1255 747 1586 832 legitimo
1630 748 2026 832 superiore
2066 749 2566 817 ecclesiastico
2597 750 2751 816 sive
2784 751 3071 817 adnexa
3106 750 3248 819 offl-

254 855 376 922 cio
422 855 575 921 sive
622 856 1011 922 commissa·
1069 873 1449 943 personae,
1515 856 1773 939 nequit
1819 855 1993 922 aliis
2051 855 2511 938 demandari,
2575 857 2721 923 nisi
2780 857 2857 923 id
2910 876 3249 942 expresse

252 960 487 1028 fuerit
520 961 681 1028 iure
713 963 828 1027 vel
862 961 1159 1028 indulto
1188 979 1611 1028 concessum
1664 960 1712 1028 ¹.

1437 1264 1860 1334 TITULUS
1908 1266 2042 1332 VI.

821 1394 924 1461 De
969 1393 1380 1462 reductione
1427 1393 1848 1463 clericorum
1896 1393 1986 1461 ad
2029 1393 2297 1466 statum
2342 1395 2688 1463 laicalem.

1553 1558 1731 1626 CAN.
1768 1560 1922 1626 211.

434 1679 467 1762 ξ
515 1683 581 1747 1.
633 1680 801 1748 Etsi
833 1698 1047 1748 sacra
1081 1681 1479 1757 ordinatio,
1516 1682 1738 1750 semel
1772 1683 2019 1752 valide
2061 1688 2380 1768 recepta,
2427 1702 2802 1770 nunquam
2837 1686 3060 1754 irrita
3093 1686 3250 1770 fiat,

250 1788 571 1855 clericus
600 1791 847 1856 tamen
884 1790 1120 1857 maior
1158 1791 1253 1858 ad
1273 1794 1566 1859 statum
1600 1790 1937 1857 laicalem
1975 1791 2340 1876 redigitur
2372 1793 2735 1876 rescripto
2775 1794 3094 1861 Sanctae
3130 1795 3248 1863 Se·

251 1894 398 1979 dis,
448 1895 746 1964 decreto
782 1897 901 1964 vel
938 1898 1311 1964 sententia.
1347 1899 1443 1965 ad
1494 1916 1826 1965 normam
1864 1917 2032 1966 can.
2075 1899 2232 1981 214,
2284 1901 2576 1968 demum
2617 1919 2856 1985 poena
2894 1901 3244 1987 degrada·

253 2002 487 2070 tionis
532 2003 585 2071 ².

433 2112 467 2193 ξ
514 2111 581 2178 2.
632 2112 967 2180 Clericus
1003 2114 1245 2180 minor
1282 2113 1377 2180 ad
1426 2117 1703 2182 statum
1743 2112 2081 2180 laicalem
2121 2115 2563 2198 regreditur,
2606 2134 2753 2182 non
2803 2117 3042 2183 solum
3088 2117 3234 2201 ips«-

251 2219 460 2288 facto
492 2220 583 2288 ob
617 2238 883 2287 causas
916 2221 993 2286 in
1032 2221 1194 2287 iure
1232 2221 1649 2304 descriptas
1712 2222 1834 2288 sed
1874 2222 2099 2288 etiam
2144 2240 2280 2289 sua
2324 2222 2561 2305 ipsius
2594 2224 3005 2306 voluntate,
3045 2243 3080 2307 r

250 2328 539 2394 monito
565 2327 708 2394 loci
742 2324 1168 2408 Ordinatio,
1199 2334 1334 2396 aut
1361 2329 1681 2396 eiusdem
1715 2329 2099 2396 Ordinarii
2127 2329 2425 2397 decreto
2457 2331 2660 2398 iusta
2691 2332 2784 2399 de
2809 2349 3035 2398 causa
3073 2334 3247 2403 luto.

251 2436 319 2500 si
362 2452 622 2519 nempe
660 2435 1129 2517 ordinarius,
1166 2436 1505 2503 omnibus
1543 2438 1950 2521 perpensiS‚
1988 2439 2393 2522 prudenter
2426 2438 2868 2506 iudicaverit
2900 2439 3248 2506 clericum

252 2559 406 2609 non
443 2561 656 2627 posse
692 2561 858 2609 cum
889 2543 1151 2611 decore
1180 2548 1426 2612 status
1455 2545 1823 2614 clericalis
1855 2546 1950 2612 ad
1993 2546 2288 2613 ordines
2321 2564 2570 2613 sacros
2602 2546 3038 2629 promoveri.

1559 2719 1736 2787 CAN.
1774 2718 1929 2785 212.

434 2846 468 2927 ς
516 2848 582 2911 1.
632 2845 778 2923 Qui
806 2846 885 2911 in
913 2845 1322 2911 minoribus
1352 2845 1737 2913 ordinibus
1771 2844 2228 2911 constitutus
2264 2844 2359 2911 ad
2390 2848 2668 2912 sta-tum
2709 2843 3045 2911 laicalem
3078 2862 3247 2928 qua.—

248 2955 368 3021 vis
397 2954 488 3021 de
517 2971 745 3019 causa
785 2971 1160 3038 regressus
1192 2959 1331 3035 est,
1368 2958 1455 3021 ut
1486 2954 1684 3021 inter
1712 2954 2019 3020 clericos
2050 2952 2293 3019 denuo
2331 2951 2802 3034 admittatur,
2841 2952 3251 3037 requiritur

248 3061 561 3128 licentia
595 3059 978 3129 Ordinarii
1013 3062 1369 3129 dioecesis
1412 3062 1535 3129 cui
1573 3062 2091 3128 incardinatus
2127 3061 2279 3129 fuit
2325 3078 2458 3145 per
2493 3060 3061 3143 ordinationem,
3106 3079 3251 3128 non

245 3169 743 3251 concedenda,
799 3169 944 3235 nisi
990 3173 1160 3253 post
1206 3169 1526 3251 diligens
1586 3187 1889 3236 examen
1951 3187 2174 3252 super
2222 3169 2383 3236 vita
2429 3174 2505 3236 et
2555 3159 2909 3250 moribus,
2960 3174 3035 3236 et
3083 3186 3246 3237 con·

247 3293 547 3359 gruum,
590 3274 869 3344 iudicio
914 3276 1153 3360 ipsius
1194 3277 1605 3359 Ordinarii,
1647 3276 2255 3361 experimentum.

437 3383 471 3465 ξ
517 3383 584 3449 2.
634 3384 969 3453 Clericus
1007 3405 1179 3453 vero
1218 3386 1455 3453 maior
1488 3387 1615 3470 qui
1646 3387 1739 3453 ad
1775 3390 2055 3453 statum
2090 3385 2425 3453 laicalem
2470 3384 2718 3468 rediit,
2755 3388 2844 3453 ut
2880 3384 3079 3452 inter
3111 3383 3247 3452 cle·

252 3492 451 3557 ricos
480 3490 723 3560 denuo
755 3493 1228 3581 admittatur,
1264 3494 1549 3581 indiget
1590 3494 1909 3562 Sanctae
1945 3493 2158 3561 Sedis
2195 3493 2500 3561 lic-entia
2550 3492 2601 3557 ³.

1555 3671 1733 3739 CAN.
1779 3670 1935 3738 213.

434 3789 469 3871 ξ
516 3791 581 3856 1.
634 3788 904 3858 Omnes
938 3791 1065 3874 qui
1097 3808 1138 3857 e
1165 3790 1495 3858 clericali
1531 3793 1737 3858 statu
1770 3790 1864 3856 ad
1903 3789 2240 3856 laicalem
2285 3788 2610 3873 legitime
2645 3787 2927 3855 redacti
2970 3790 3104 3854 aut
3148 3804 3250 3853 re·

249 3898 490 3983 gressi
522 3903 724 3980 sunt,
754 3917 842 3965 eo
867 3900 1030 3982 ipso
1054 3898 1417 3966 amittunt
1442 3895 1675 3966 officia
1733 3898 2109 3979 beneficia,
2139 3897 2311 3964 iura
2342 3915 2430 3964 ac
2457 3897 2849 3981 privilegia
2874 3894 3252 3963 clericalia

251 4008 332 4071 et
353 4008 708 4071 vetantur
736 4006 812 4071 in
843 4005 1098 4073 habitu
1128 4006 1627 4073 ecclesiastico
1655 4005 1991 4073 incedere
2019 4023 2108 4072 ac
2143 4016 2526 4074 tonsuram
2554 4004 2843 4072 deterre
2879 4002 2910 4038 ⁴

437 4113 471 4196 ξ
518 4114 586 4179 2.
636 4114 970 4181 Clericus
1001 4119 1252 4182 tamen
1280 4115 1515 4182 maior
1540 4115 1991 4199 obligatione
2016 4114 2425 4182 coelibatus
2451 4117 2772 4195 tenetur,
2810 4111 3015 4179 salvo
3048 4128 3249 4195 prae·

251 4220 539 4304 scripto
570 4238 735 4287 can.
782 4220 935 4287 214.
2241 4244 2246 4249 ·

1560 4328 1738 4396 CAN.
1786 4329 1938 4395 214.

435 4453 469 4534 §
512 4457 583 4545 1.
632 4453 967 4521 Clericus
1029 4453 1157 4538 qui
1204 4457 1403 4520 metu
1457 4453 1665 4537 gravi
1715 4460 2017 4521 coactus
2065 4452 2396 4520 ordinem
2448 4468 2740 4519 sacrum
2795 4449 3074 4533 recepit
3121 4466 3254 4515 nec

255 4566 540 4644 postea,
596 4567 874 4629 remoto
923 4567 1150 4643 metu,
1203 4562 1506 4629 eandem
1551 4562 2092 4629 ordinationem
2136 4566 2374 4627 ratam
2419 4559 2683 4626 habuit
2724 4559 2986 4626 saltem
3027 4558 3256 4626 tacite

254 4686 390 4750 per
421 4669 708 4735 ordinis
737 4670 1196 4745 exercitium,
1226 4669 1480 4736 voleus
1515 4674 1759 4736 tamen
1798 4690 1927 4752 per
1961 4669 2183 4736 talem
2225 4674 2473 4735 actum
2506 4667 3084 4752 obligationibus
3114 4665 3251 4733 cle·

430 4909 451 4945 ¹
492 4909 849 4962 Benedictus
885 4910 1036 4971 xlv,
1079 4922 1167 4970 ep.
1210 4912 1429 4970 encycl.
1471 4926 1503 4961 α
1543 4909 1940 4970 apostolicum
1991 4910 2386 4960 ministerium
2434 4924 2483 4972 n,
2524 4910 2591 4963 30
2627 4910 2771 4961 mali
2811 4910 2958 4971 1753,
3006 4909 3033 4971 1
3083 4912 3134 4971 4,
3176 4912 3257 4972 113

259 5000 319 5051 S.
359 4999 425 5051 C.
468 4998 527 5050 S.
575 4998 712 5059 Otr..
750 5001 782 5049 4
815 5003 989 5051 mart.
1037 4999 1184 5060 1903:
1224 4997 1282 5050 S.
1322 4999 1395 5051 c:
1425 4999 1498 5051 de
1535 5000 1704 5060 Prop.
1756 5000 1901 5052 Fide
1954 4999 2044 5059 (O.
2080 5000 2142 5050 P.
2183 5012 2289 5060 pro
2328 4999 2451 5051 Sin.
2485 5026 2555 5037 —-
2586 4999 2709 5050 Vic.
2742 5002 2850 5059 Ap.
2888 4998 3252 5060 Sutcbuen.),

255 5088 326 5139 16
352 5090 474 5139 ian.
506 5088 654 5148 1797.
681 5089 760 5140 ad
785 5090 834 5148 1;
860 5088 1014 5140 decr.
1053 5089 1118 5141 29
1151 5090 1253 5141 iul.
1284 5089 1431 5149 1841;
1458 5090 1575 5142 litt.
1617 5089 1718 5147 (ad
1749 5091 1871 5140 Vic.
1909 5091 2014 5150 Ap.
2049 5089 2475 5151 commonia),
2510 5089 2573 5142 m
2609 5092 2784 5141 mart.
2817 5088 2964 5150 18443
2993 5088 3110 5141 utt.
3154 5087 3256 5149 (ad

255 5176 383 5227 Vic.
428 5176 536 5236 Ap.
572 5177 966 5238 Kuytcheou),
1000 5177 1065 5228 21
1097 5181 1273 5229 mart.
1307 5178 1453 5230 1851.

420 5267 450 5303 2
489 5265 662 5316 conc.
710 5266 997 5328 Trident„
1037 5279 1180 5319 sess.
1218 5267 1432 5328 XXIII,
1471 5269 1542 5319 de
1579 5267 1804 5327 ordine,
1842 5280 1892 5320 c.
1939 5270 1990 5329 4,
2027 5280 2156 5320 can.
2195 5270 2246 5333 43
2282 5268 2627 5320 pontificale
2664 5268 2853 5329 Rom„
2902 5269 2998 5320 tit.
3039 5266 3254 5327 Dem-

257 5355 521 5404 aanonu
551 5354 767 5411 torum.

422 5446 448 5483 ³
489 5444 835 5497 pontificale
866 5445 1055 5507 Rom..
1101 5446 1196 5500 tit.
1237 5445 1693 5507 Demdationis
1725 5446 1941 5507 for-ma.

423 5537 452 5572 ⁴
486 5532 552 5584 O.
583 5534 634 5593 1,
662 5532 714 5594 3,
748 5533 801 5594 7.
831 5536 883 5596 9,
920 5535 985 5593 X.
1016 5536 1088 5585 de
1114 5534 1344 5588 clericis
1373 5536 1721 5597 coniunctis.
1757 5538 1872 5593 111.
1904 5538 1954 5600 3;
1983 5549 2034 5590 c.
2071 5550 2194 5599 un„
2228 5540 2298 5589 dc
2330 5537 2598 5599 bicornis,
2630 5538 2681 5601 1,
2717 5537 2803 5599 12,
2834 5537 2898 5589 ln
2929 5536 3057 5589 VB.
