3753 5871
1378 250 1555 302 Liber
1588 251 1892 304 Secundus
1924 279 1943 290 —
1985 253 2073 303 Dc
2106 253 2382 306 Perennis
3263 260 3376 320 m

558 436 594 519 ξ
638 435 708 502 2.
757 436 1300 505 Patrimonium
1346 440 1993 508 confraternitatis
2038 446 2115 510 et
2160 444 2327 527 piae
2374 444 2696 526 unionis,
2745 462 2932 528 quae
2976 448 3222 513 erecta
3267 447 3370 515 sit

368 544 453 611 in
488 543 800 611 ecclesia
828 563 974 612 non
1002 562 1163 627 sua,
1191 549 1329 615 aut
1355 547 1571 614 cuius
1595 549 1904 619 ecclesia
1937 550 2039 618 sit
2073 550 2294 616 simul
2322 551 2632 618 ecclesia
2658 553 3122 635 paroecianus,
3152 554 3370 623 debet

368 668 535 719 esse
567 656 993 734 separatum
1026 671 1074 718 a
1106 653 1319 720 bonis
1354 655 1682 723 fabricae
1710 657 1830 725 vel
1860 658 2439 725 communitatis.

1666 834 1846 902 CAN.
1888 834 2043 902 718.

548 948 1226 1021 Confraternitates
1267 955 1858 1038 processionibus
1897 957 2274 1025 consuetis
2317 963 2396 1026 et
2444 958 2643 1041 aliis,
2691 976 2877 1043 quas
2922 959 3369 1028 ordinarius

372 1054 521 1124 loci
555 1056 936 1141 indixerit,
973 1063 1323 1129 tenentur
1361 1062 1849 1148 collegialiter
1881 1083 2050 1131 cum
2095 1066 2421 1149 propriis
2458 1065 2873 1151 insignibus
2907 1071 2984 1135 et
3019 1069 3157 1135 sub
3200 1086 3361 1152 pro·
3418 1133 3430 1145 ,

371 1161 542 1245 prio
571 1164 843 1234 vexillo
877 1165 1257 1251 interesse,
1297 1169 1445 1237 nisi
1482 1170 1928 1239 Ordinarius
1973 1173 2182 1241 aliud
2222 1174 2789 1259 praescripserit
2823 1171 2874 1238 ¹.

1670 1350 1847 1419 ΟΛΝ.
1889 1352 2043 1419 719.

551 1471 586 1553 5
634 1473 699 1537 1.
750 1472 863 1541 De
900 1470 1283 1541 Ordinarii
1329 1474 1474 1542 loci
1508 1492 1870 1544 consensu
1915 1478 2499 1545 confraternitas
2536 1477 2656 1546 vel
2693 1478 2823 1563 pia
2869 1477 3050 1545 unio
3082 1477 3175 1545 de
3212 1476 3365 1544 alia

369 1579 469 1645 ad
495 1579 721 1646 aliam
757 1578 1001 1648 sedem
1026 1581 1426 1648 transferri
1461 1585 1731 1666 potest,
1766 1583 1913 1651 nisi
1942 1584 2104 1652 iure
2131 1588 2267 1652 aut
2296 1584 2607 1654 statutis
2638 1604 2680 1652 a
2716 1584 2902 1653 Sede
2930 1583 3361 1670 Apostolica

372 1686 707 1769 probatis
746 1687 1145 1756 translatio
1195 1687 1676 1774 prohibeatur
1711 1689 1765 1758 ².

550 1794 587 1875 ξ
631 1792 700 1859 2.
750 1794 1058 1875 Quoties
1095 1801 1366 1879 agatur
1401 1797 1496 1866 de
1533 1798 2053 1867 transferenda
2092 1798 2714 1866 confraternitate
2761 1798 2878 1867 vel
2918 1799 3047 1883 pia
3094 1797 3366 1866 unione

369 1898 600 1969 alicui
635 1900 977 1985 religioni
1014 1908 1414 1986 reservata,
1453 1904 1879 1989 Superioris
1908 1924 2311 1974 consensus
2344 1911 2459 1974 est
2503 1905 3013 1992 requirendus.

1615 2184 1876 2253 Offu’r
1942 2185 2096 2253 111.

804 2321 917 2391 Do
955 2321 1912 2405 archicantratemitatibus
1955 2329 2031 2393 et
2072 2323 2454 2410 primariis
2493 2324 2918 2396 unionibue.

1656 2511 1836 2580 CAN.
1886 2510 2041 2579 720.

547 2635 917 2706 sodalitia
959 2654 1146 2722 quae
1187 2636 1351 2705 iure
1389 2636 1676 2722 pollent
1713 2636 1909 2704 alias
1945 2636 2271 2704 eiusdem
2325 2636 2594 2720 speciei
2643 2636 3173 2705 associationes
3216 2636 3360 2703 sibi

367 2744 845 2831 aggregandi,
891 2743 1482 2828 archieodalitia,
1533 2744 1652 2813 vel
1694 2743 2591 2829 archiconsraternitatos‚
2644 2745 2762 2812 vel
2809 2745 2978 2829 piae
3022 2744 3357 2827 uniones,

364 2851 997 2938 congregationes,
1039 2852 1431 2920 societates
1463 2851 1867 2941 primariae
1915 2852 2395 2938 appellantur
2424 2850 2477 2920 ⁸.

1651 3031 1831 3100 CAN.
1874 3031 2029 3098 721.

544 3146 581 3229 ξ
627 3148 694 3214 1.
742 3147 975 3293 N⁴ulla
1006 3151 1405 3220 associatio
1438 3156 1684 3238 potest
1718 3153 1880 3220 sine
1914 3151 2322 3225 apostolico
2365 3150 2661 3220 indulto
2705 3150 2897 3218 alias
2934 3149 3077 3217 sibi
3112 3147 3359 3216 valide

541 3362 578 3445 ξ
622 3362 692 3430 2.
739 3305 1553 3435 Arcbiconfraternitas
1592 3366 1712 3434 vel
1761 3367 2125 3451 primaria
2176 3366 2353 3434 unio
2394 3384 2520 3434 eas
2563 3369 2859 3435 tantum
2901 3367 3149 3450 potest
3184 3382 3350 3432 con-

364 3469 882 3541 fraternitates
911 3472 1030 3541 vel
1064 3473 1230 3557 pias
1261 3474 1572 3543 uniones
1602 3475 1746 3543 sibi
1779 3493 2207 3560 aggregare,
2254 3492 2441 3559 quae
2472 3475 2626 3542 sint
2666 3473 2990 3543 eiusdem
3025 3472 3236 3541 tituli
3268 3489 3356 3540 ac

361 3575 560 3662 finis,
594 3578 742 3647 nisi
771 3579 1147 3649 indultum
1177 3582 1667 3666 apostolicum
1699 3582 1909 3651 aliud
1947 3583 2148 3651 ferat
2178 3581 2233 3649 ⁸.

1661 3759 1839 3826 CAN.
1882 3758 2060 3834 722.

540 3881 577 3966 ξ
622 3883 690 3950 1.
739 3881 887 3951 Ροι·
932 3882 1527 3968 aggregationem
1566 3881 2210 3949 communicantur
2248 3899 2501 3948 omnes
2541 3879 3075 3966 indulgentiae,
3131 3878 3351 3963 privi-

361 3989 557 4077 legia
606 3996 684 4067 et
722 3991 918 4059 aliae
968 3991 1257 4077 gratiae
1309 3989 1741 4075 spirituales
1783 3989 2431 4058 communicabiles
2479 4007 2667 4074 quae
2707 3987 3187 4055 associationi
3230 4005 3349 4072 ag·

358 4099 700 4183 greganti
730 4098 1010 4167 directe
1042 4102 1119 4167 et
1156 4097 1593 4167 nominatim
1625 4117 1671 4166 a
1707 4097 1894 4167 Sede
1926 4098 2356 4183 Apostolica
2387 4116 2776 4167 concessae
2803 4098 3090 4167 fuerint
3119 4097 3237 4166 vel
3271 4097 3351 4163 in

359 4208 735 4288 posterum
764 4205 1291 4290 concedantur,
1334 4206 1480 4273 nisi
1516 4205 1721 4274 aliud
1753 4206 1833 4273 in
1871 4206 2171 4275 indulto
2199 4205 2608 4291 apostolico
2635 4211 2989 4274 caveatur
3023 4204 3072 4271 ⁶.

544 4412 1311 4473 ¹V1deet1amcanl291,
1352 4411 1640 4474 2131292.

539 4506 569 4544 ²
604 4501 664 4554 Β.
696 4502 762 4555 0.
795 4502 885 4564 0.,
917 4501 1180 4561 raom„
1214 4501 1281 4553 22
1318 4503 1485 4564 maii,
1516 4501 1552 4555 5
1580 4502 1705 4553 100.
1736 4501 1886 4561 1⁷84:
1918 4498 2186 4561 Sutrino,
2227 4501 2294 4555 28
2325 4514 2459 4564 aug.
2497 4501 2647 4564 1779,
2681 4502 2748 4554 15
2791 4501 2894 4555 101.
2934 4501 3081 4560 1780,
3119 4500 3184 4552 20
3225 4500 3343 4551 lan.

362 4590 510 4653 1781,
553 4591 632 4644 ad
664 4591 717 4652 1,
754 4591 804 4642 2.
2607 4591 2613 4598 “

535 4685 563 4723 ⁸
599 4681 869 4733 clemens
920 4680 1091 4742 vn1‚
1137 4683 1324 4733 const.
1368 4695 1399 4730 ι
1444 4680 1852 4742 mammeae
1895 4694 1946 4741 ι,
1991 4680 2025 4730 7
2065 4679 2190 4732 dec.
2234 4679 2383 4741 1604,
2433 4680 2461 4741 ς
2515 4680 2566 4742 6;
2611 4679 2829 4732 secret.
2880 4677 3177 4738 Brevium,
3226 4678 3344 4731 litt.

302 4781 303 4784 ’
358 4770 395 4822 5
432 4771 536 4823 101.
569 4769 718 4823 1881.

540 4865 568 4900 ⁴
597 4860 869 4913 Clemens
898 4858 1069 4920 vn1‚
1102 4861 1286 4911 const.
1322 4874 1352 4908 α
1392 4858 1799 4920 Quaecumque
1840 4873 1892 4921 ι,
1926 4858 1961 4911 7
1990 4856 2116 4911 dec.
2151 4858 2298 4919 1604,
2337 4858 2365 4919 ς
2407 4858 2459 4918 8,
2495 4857 2576 4918 12;
2613 4855 2671 4907 Β.
2707 4855 2773 4908 0.
2821 4855 3076 4919 Indulg„
3114 4856 3179 4909 23
3215 4868 3342 4917 apr.

359 4949 504 5012 1⁸7oe
539 4949 828 5007 Βοωοπα,
860 4948 927 5000 22
955 4948 1079 5001 dec.
1119 4947 1267 5010 17103
1294 4947 1360 5000 23
1390 4952 1565 5000 mart.
1601 4948 1748 5010 1711;
1787 4946 2007 5001 secret.
2043 4947 2341 5008 Brevlum,
2375 4946 2493 4998 litt.
2525 4945 2559 4996 5
2590 4944 2696 4995 iul.
2737 4944 2886 4997 1881.

534 5042 562 5077 ⁸
598 5036 657 5089 S.
690 5036 756 5089 0.
793 5037 1046 5097 manig..
1082 5033 1346 5097 Pam„
1384 5036 1449 5088 20
1491 5036 1594 5088 101.
1630 5036 1777 5099 1728;
1810 5035 2060 5095 Attica„
2094 5036 2161 5087 17
2196 5036 2298 5087 101.
2344 5034 2492 5094 1891,
2530 5032 2607 5085 ad
2645 5032 2695 5084 1.

540 5131 565 5167 ⁸
603 5127 875 5179 Clemens
920 5125 1089 5185 VIII,
1130 5129 1315 5178 const.
1359 5141 1390 5176 ι
1439 5125 1847 5186 chumque
1886 5141 1937 5187 ι,
1975 5124 2010 5177 7
2047 5124 2170 5177 dec.
2219 5123 2368 5184 1604,
2411 5125 2438 5184 ς
2476 5124 2527 5183 4,
2564 5122 2615 5184 6:
2654 5122 2713 5175 S.
2764 5122 2828 5175 O.
2874 5122 2962 5184 0.,
3003 5121 3339 5180 Potentiae,

357 5218 423 5270 20
446 5216 591 5269 mail
614 5216 764 5276 1683,
792 5216 871 5268 ad
898 5215 948 5276 2;
981 5213 1317 5274 Novar-ten„
1344 5216 1379 5268 8
1401 5217 1465 5267 et
1489 5214 1555 5265 24
1581 5217 1729 5275 sept.
1765 5213 1916 5275 1718,
1946 5212 2025 5266 ad
2052 5215 2104 5275 1:
2133 5212 2192 5266 S.
2232 5212 2297 5265 0.
2332 5211 2586 5273 ludnlg„
2617 5211 2683 5264 23
2717 5223 2844 5273 apr.
2880 5211 3030 5273 1676:
3060 5211 3125 5263 23
3157 5213 3336 5262 mart.

357 5306 505 5368 1⁷11:
544 5305 578 5357 2
610 5307 785 5358 mart.
824 5304 972 5365 1⁷48,
1016 5304 1098 5356 ad
1128 5305 1179 5366 13
1210 5301 1732 5364 lummpomam,
1767 5304 1802 5358 8
1842 5315 1980 5367 aug.
2017 5302 2166 5365 1748,
2202 5302 2282 5355 ad
2315 5303 2365 5361 1,
2401 5301 2452 5362 3:
2494 5299 2881 5365 Lemovices„
2920 5301 2986 5351 22
3019 5311 3153 5361 aug.
3191 5298 3340 5358 1842,

356 5393 437 5447 ια
462 5395 513 5458 4ς
538 5394 604 5447 17
632 5398 780 5456 sept.
814 5392 964 5457 1887:
997 5393 1065 5446 10
1092 5404 1224 5446 nov.
1254 5392 1404 5457 18873
1430 5392 1497 5445 22
1525 5392 1675 5447 febr.
1715 5390 1865 5459 188&
1892 5391 1963 5448 is
1990 5390 2114 5447 iun.
2147 5389 2296 5444 1802.
