3753 5871
369 338 482 397 280
1514 339 1710 391 Com
1756 338 1788 389 1
1790 338 1918 391 uris
1959 338 2242 390 canonias

374 544 770 611 eorumque
818 544 1275 594 successores
1310 526 1543 594 eidem
1592 527 1838 608 egenti
1875 526 2233 594 alimenta
2276 527 2689 595 necessaria
2727 527 3101 612 praebere,
3141 527 3372 595 donec

373 651 744 719 congruae
777 633 1101 701 eiusdem
1137 634 1666 702 sustentationi
1710 634 1935 702 aliter
1970 634 2346 718 provisum
2384 634 2616 702 fuerit
2647 632 2697 701 ¹.

555 742 589 823 ξ
636 742 703 809 3.
807 742 888 808 Si
951 742 1367 825 Episcopus
1416 743 1735 827 aliquem
1789 742 2248 811 ordinaverit
2301 743 2461 811 sine
2510 743 2736 811 titulo
2796 741 3154 809 canonico
3199 759 3367 809 cum

383 856 604 934 pacto
631 857 718 918 ut
745 852 1135 919 ordinatus
1161 870 1309 919 non
1337 856 1547 936 petat
1573 851 1667 918 ab
1689 851 1853 934 ipso
1883 852 2265 933 alimenta,
2279 851 2415 918 hoc
2444 857 2744 935 pactum
2772 852 2972 918 omni
2995 851 3069 917 vi
3099 847 3371 918 caret’.

1678 1011 1854 1077 CAN.
1900 1009 2053 1076 981.

559 1134 593 1216 5
642 1137 706 1201 1.
760 1135 841 1201 Si
874 1153 965 1203 ne
996 1154 1191 1202 unus
1221 1135 1512 1220 quidem
1552 1153 1642 1202 ex
1676 1134 1924 1202 titulis
1955 1135 2047 1202 de
2080 1135 2347 1219 quibus
2378 1134 2456 1200 in
2496 1151 2661 1200 can.
2705 1132 2860 1215 979,
2899 1131 2933 1214 ξ
2971 1134 3038 1214 1,
3076 1136 3373 1215 praesto

378 1244 503 1322 sit,
539 1242 871 1327 suppleri
905 1248 1152 1327 potest
1189 1243 1420 1312 titulo
1450 1243 1736 1310 servitii
1767 1243 2148 1327 dioecesin,
2185 1247 2286 1326 et,
2322 1244 2402 1309 in
2438 1243 2620 1311 locis
2659 1242 2930 1309 Sacrae
2961 1240 3370 1324 congrega·

378 1350 568 1418 tioni
599 1352 690 1419 de
724 1349 947 1434 Prop.
993 1351 1179 1419 Fide
1209 1350 1586 1432 subiectis,
1625 1350 1851 1423 titulo
1891 1351 2289 1432 missionis,
2326 1350 2436 1417 ita
2477 1356 2725 1417 tamen
2770 1354 2855 1416 ut
2888 1346 3370 1428 ordinandae,

377 1457 863 1526 iureiurando
890 1458 1360 1541 interposito,
1393 1476 1469 1525 se
1499 1457 1856 1529 devoveat
1884 1462 2241 1543 perpetuo
2268 1457 2623 1525 dioecesis
2651 1462 2788 1524 aut
2816 1454 3190 1523 missionis
3228 1473 3370 1521 ser·

375 1565 587 1648 vitio,
623 1567 760 1633 sub
792 1566 1175 1633 Ordinarii
1208 1565 1352 1632 loci
1383 1583 1520 1649 pro
1550 1569 1879 1648 tempore
1919 1566 2368 1633 auctoritate
2402 1564 2453 1630 ³.

557 1673 591 1755 ξ
637 1672 705 1739 2.
756 1672 1202 1740 ordinarius
1238 1672 1691 1758 presbytero,
1733 1692 1944 1758 quem
1976 1674 2425 1757 promoverit
2452 1672 2679 1740 titulo
2708 1670 2995 1739 servitii
3026 1668 3376 1736 ecclesiae

378 1781 494 1849 vel
530 1780 929 1863 missionis,
976 1781 1192 1849 debet
1229 1780 1658 1849 beneficium
1699 1783 1810 1850 vel
1859 1781 2173 1849 officium
2211 1781 2328 1849 vel
2363 1779 2801 1862 subsidium,
2840 1778 2935 1845 ad
2970 1793 3374 1861 congruam

378 1886 704 1955 eiusdem
743 1889 1359 1956 sustentationem
1402 1888 1794 1972 sufficiens,
1833 1890 2196 1958 conferre.

1679 2045 1856 2112 CAN.
1901 2045 2053 2112 982.

558 2165 592 2248 ξ
640 2168 705 2232 1.
756 2167 906 2234 Pro
953 2167 1419 2250 regularibus
1472 2168 1744 2236 titulus
1784 2167 2188 2236 canonicus
2241 2174 2354 2237 est
2398 2170 2774 2237 sollemnis
2819 2171 3168 2256 religiosa
3212 2189 3371 2255 pro·

377 2273 603 2342 fessio
639 2293 766 2343 seu
803 2275 1099 2357 titulus,
1143 2280 1226 2344 ut
1264 2275 1570 2359 dicitur,
1607 2276 2078 2361 paupertatis
2107 2277 2159 2343 ⁴.

558 2380 592 2464 ξ
638 2380 705 2447 2.
757 2383 909 2450 Pro
935 2383 1301 2466 religiosis
1325 2388 1665 2452 votorum
1695 2384 2143 2468 simplicium
2179 2388 2703 2469 perpetuorum
2731 2388 2847 2453 est
2881 2384 3152 2453 titulus
3181 2400 3374 2449 men-

385 2506 509 2555 sae
557 2489 993 2574 communis,
1052 2489 1665 2578 Gonyreyationis
1723 2492 2010 2559 aliusve
2076 2491 2370 2575 similis,
2431 2493 2527 2560 ad
2610 2511 2940 2560 normam
3020 2494 3377 2561 constitu-

383 2596 668 2664 tionum
714 2596 764 2662 ‘.

554 2706 587 2787 ξ
634 2706 701 2773 3.
752 2706 1001 2774 Ceteri
1028 2708 1381 2791 religiosi,
1413 2708 1638 2777 etiam
1667 2709 1762 2776 ad
1799 2708 2295 2777 ordinationis
2321 2708 2627 2777 titulum
2663 2709 2856 2794 quod
2884 2711 3184 2792 attinet,
3213 2711 3376 2778 iure

377 2812 868 2879 saecularium
908 2819 1270 2898 reguntur
1304 2815 1357 2885 ⁸.

823 3044 994 3108 Αιιτ.
1041 3044 1123 3107 11.
1169 3080 1248 3090 —
1292 3046 1389 3107 Do
1426 3034 2058 3126 irreaularita'tibus
2085 3047 2389 3126 aliisquo
2424 3046 2936 3125 impedimentis.

1675 3216 1852 3284 om.
1895 3215 2048 3284 983.

558 3341 867 3408 Nullum
896 3342 1502 3426 impedimentum
1533 3347 1970 3426 perpetuum
2001 3341 2194 3426 quod
2219 3342 2425 3410 venit
2449 3343 2742 3410 nomine
2766 3342 3381 3427 irregularitatis,

380 3449 533 3517 sive
573 3469 661 3516 ex
695 3449 989 3518 defectu
1028 3451 1128 3518 sit
1172 3450 1324 3518 sive
1356 3469 1446 3518 ex
1488 3450 1786 3532 delicto,
1822 3451 2321 3534 contrahitur,
2345 3451 2506 3517 ‘nisi
2551 3451 2745 3536 quod
2780 3451 3016 3519 fuerit
3048 3451 3128 3518 in
3161 3469 3373 3518 cano·

382 3555 599 3624 nibus
643 3558 770 3641 qui
810 3561 1225 3643 sequuntur
1264 3576 1716 3641 expressum.

1676 3718 1852 3784 ΟΑΝ.
1905 3717 2057 3784 984.

557 3838 752 3906 Sunt
782 3838 1231 3923 irregulares
1271 3857 1358 3904 ex
1391 3837 1685 3905 defectu
1716 3857 1733 3903 z

640 3948 736 4010 1.⁰
783 3946 1194 4030 Illegitimi‚
1239 3946 1393 4013 sive
1434 3945 1931 4029 illegitimitas
1982 3946 2083 4013 sit
2122 3946 2420 4030 publica
2471 3948 2624 4014 sive
2665 3946 2982 4029 occulta,
3038 3947 3184 4014 nisi
3223 3947 3374 4015 fue·

381 4052 537 4120 rint
578 4053 977 4138 legitimati
1011 4054 1125 4120 vel
1171 4055 1343 4119 vota
1382 4053 1766 4121 sollemnia
1804 4053 2143 4137 professi3

566 4266 588 4302 ¹
625 4265 690 4318 Ο.
732 4265 816 4325 13,
850 4265 915 4325 Χ,
952 4265 1025 4315 de
1056 4266 1255 4314 aetate
1286 4268 1344 4315 et
1386 4263 1678 4324 qualitate
1710 4268 1770 4316 et
1801 4262 2007 4314 ordine
2038 4264 2581 4325 praeficiendorum,
2624 4266 2675 4327 I,
2712 4267 2795 4328 14;
2826 4279 2877 4318 c.
2913 4265 2964 4327 2,
2999 4268 3049 4327 4,
3083 4267 3167 4326 16,
3202 4268 3268 4326 x,
3304 4267 3376 4318 de

380 4353 730 4413 praebendis
756 4357 816 4406 et
844 4353 1255 4413 «limitatione,
1286 4354 1402 4412 111.
1431 4355 1482 4413 5:
1507 4365 1557 4404 c.
1589 4353 1778 4413 πρᾶο
1813 4352 2164 4413 praebemus
2192 4358 2250 4404 et
2278 4353 2691 4413 divnitatibus,
2723 4355 2840 4415 III,
2878 4356 2930 4414 4,
2961 4357 3024 4406 ln
3053 4356 3180 4417 V1⁶;
3212 4354 3271 4408 S.
3304 4354 3372 4407 0.

382 4443 488 4502 Dp.
520 4446 583 4496 et
621 4442 785 4504 Rex..
822 4442 1081 4500 Lucana,
1114 4443 1181 4495 16
1209 4443 1332 4494 lun.
1375 4442 1522 4504 1592:
1554 4441 1828 4500 Phoron„
1860 4443 1927 4495 13
1956 4445 2103 4503 sept.
2149 4442 2297 4494 1593.

559 4536 585 4571 ²
618 4533 683 4585 C.
715 4533 799 4593 45,
835 4534 900 4592 x,
931 4535 1001 4584 de
1028 4532 1301 4588 simonia,
1329 4537 1387 4584 et
1423 4544 1496 4582 no
1523 4531 1751 4591 aliqum
1777 4544 1884 4592 pro
1910 4530 2322 4590 spiritualibus
2358 4531 2636 4591 περαίαν
2665 4534 2757 4582 vel
2787 4533 3193 4592 promittatur,
3223 4533 3293 4593 V,
3313 4533 3373 4585 ’3.

556 4626 581 4661 ³
623 4621 681 4673 S.
721 4622 784 4674 O.
825 4622 1104 4681 Consist„
1144 4622 1210 4673 12
1244 4634 1375 4673 nov.
1416 4621 1564 4682 1908,
1605 4622 1682 4673 ad
1723 4621 1822 4680 xl,
1870 4622 2003 4682 xu3
2044 4620 2330 4680 Romano,
2361 4620 2396 4674 6
2431 4632 2566 4682 aug.
2616 4621 2764 4680 1909,
2803 4620 2882 4673 ad
2920 4620 3053 4681 '5113
3090 4619 3149 4672 S.
3200 4621 3268 4673 Ο.
3303 4620 3379 4673 de

382 4713 551 4774 Prop.
601 4712 746 4764 Fide
789 4712 877 4771 (G.
919 4713 982 4762 P.
1023 4723 1128 4771 pro
1175 4711 1348 4773 Sim),
1385 4711 1417 4763 7
1453 4723 1587 4773 aug.
1621 4710 1769 4770 1678,
1807 4710 1887 4763 ad
1932 4713 1981 4772 9ς
2020 4710 2191 4762 instr.
2224 4710 2289 4761 27
2328 4722 2456 4771 apr.
2488 4709 2637 4770 1871,
2676 4722 2735 4759 ιι.
2767 4709 2819 4769 3,
2858 4708 2996 4771 6-1ος
3041 4709 3373 4772 (Natehez),

378 4802 411 4851 4
440 4802 591 4854 tebr.
623 4801 773 4861 1873,
803 4800 883 4853 ad
911 4802 962 4861 4,
993 4802 1043 4862 5;
1072 4801 1227 4853 decr.
1263 4800 1331 4852 18
1360 4812 1496 4862 aug.
1536 4800 1683 4852 1885.

552 4896 581 4929 ⁴
622 4891 680 4943 S.
723 4892 787 4944 C.
824 4892 929 4953 Ep.
963 4894 1027 4943 et
1058 4891 1222 4952 neg„
1254 4890 1410 4943 decr.
1454 4905 1485 4940 ι
1516 4890 1721 4941 Aucus
1754 4891 2070 4939 admodum
2103 4904 2152 4970 ιὰ,
2194 4889 2227 4938 4
2256 4901 2390 4939 nov.
2424 4888 2573 4948 1892,
2606 4900 2665 4938 ιι.
2703 4889 2753 4949 1;
2786 4888 2844 4941 Β.
2880 4888 2945 4940 G.
2985 4900 3162 4950 super
3198 4887 3377 4942 Statu

381 4982 785 5044 Regularum,
820 4982 885 5033 20
912 4982 1031 5032 lan.
1064 4981 1213 5042 1800,
1247 4980 1403 5041 acl-13
1432 4979 1490 5033 S.
1523 4980 1588 5032 0.
1629 4979 1703 5031 de
1735 4981 1907 5039 Prop.
1942 4978 2106 5038 Fide,
2137 4978 2309 5029 instr.
2350 4976 2415 5029 27
2442 4989 2571 5038 apr.
2604 4976 2752 5036 1871,
2785 4990 2843 5027 ιι.
2876 4976 2928 5036 8.
2965 4979 3016 5028 4.

555 5073 583 5109 ⁸
619 5071 735 5122 Leo
764 5071 930 5131 XIII,
969 5074 1155 5123 const.
1189 5086 1220 5121 ι
1252 5069 1537 5121 conditae
1575 5082 1612 5118 a
1643 5067 1882 5119 christo
1913 5083 1962 5128 ι,
1993 5068 2028 5120 8
2063 5066 2185 5119 dec.
2222 5067 2371 5127 1900,
2412 5067 2439 5128 1
2470 5066 2521 5126 2,
2554 5079 2612 5117 ιι.
2645 5066 2749 5129 V1;
2780 5066 2838 5120 S.
2871 5067 2937 5119 0.
2973 5068 3080 5128 Dp.
3115 5070 3180 5119 et
3209 5067 3377 5128 neg..

378 5159 716 5218 Novar-ten..
748 5159 813 5211 20
842 5161 965 5213 dec.
997 5160 1144 5222 18383
1170 5159 1327 5213 decr.
1363 5174 1395 5210 ι
1423 5159 1631 5210 Auem
1666 5158 1982 5208 admodum
2015 5171 2064 5217 ι,
2104 5158 2136 5207 4
2166 5168 2297 5207 nov.
2332 5155 2479 5218 1892,
2510 5169 2570 5207 ιι.
2602 5157 2654 5218 1;
2692 5154 2752 5209 8.
2785 5156 2851 5209 Ο.
2887 5156 2962 5209 de
2992 5157 3164 5216 Pron.
3208 5155 3376 5216 Fide,

378 5250 550 5300 instr.
581 5248 647 5299 27
682 5260 810 5308 apr.
842 5248 991 5309 1871,
1023 5261 1082 5300 ιι.
1122 5248 1174 5310 3,
1204 5250 1254 5300 4.

566 5342 591 5376 ⁶
622 5338 679 5390 8.
712 5339 856 5390 Pius
881 5338 951 5398 V,
979 5342 1165 5391 const.
1198 5354 1229 5389 ι
1257 5336 1556 5389 Romanu
1585 5336 1865 5397 Pontifex
1899 5353 1948 5398 ι),
1980 5338 2045 5388 14
2078 5338 2192 5388 oct.
2222 5334 2370 5396 1568,
2405 5336 2432 5397 1
2458 5336 2508 5397 3;
2545 5335 2691 5388 Pius
2720 5335 2819 5396 lx,
2850 5336 3038 5388 const.
3069 5349 3101 5385 ι
3137 5333 3381 5394 Aposto-

381 5427 530 5477 noae
559 5425 729 5479 Sedis
767 5443 817 5487 ιο,
847 5428 914 5479 12
940 5431 1054 5480 oct.
1094 5427 1244 5488 1869,
1278 5428 1303 5488 f
1335 5427 1405 5488 V,
1436 5440 1494 5478 n.
1527 5429 1578 5488 43
1617 5426 1676 5480 S.
1710 5426 1774 5478 G.
1813 5427 1920 5488 Ep.
1955 5429 2020 5478 et
2050 5425 2214 5487 Reg„
2248 5424 2405 5476 decr.
2441 5440 2472 5475 ι
2503 5424 2710 5476 Auctis
2740 5425 3057 5476 admodum
3089 5438 3139 5484 n,
3175 5424 3208 5473 4
3241 5435 3375 5474 nov.

380 5517 526 5574 1892,
561 5528 617 5566 ιι.
651 5517 700 5579 1;
731 5516 790 5567 Β.
825 5517 890 5569 O.
926 5528 1103 5577 snper
1136 5516 1312 5568 Statu
1348 5515 1751 5578 Remini-ium,
1788 5515 1853 5567 m
1893 5515 2012 5567 ian.
2047 5515 2195 5576 1800,
2230 5514 2308 5566 ad
2339 5516 2388 5565 1.
