3753 5871
496 251 607 311 524
1638 252 1836 305 Goacv
1872 251 2036 303 ltu-12
2084 251 2367 303 canonici

678 439 713 522 ξ
759 438 826 504 4.
876 438 1111 506 Iudex
1148 438 1276 523 qui
1306 456 1468 506 eam
1504 437 2029 507 certitudinem
2065 438 2453 508 efformare
2488 439 2632 506 sibi
2670 457 2818 506 non
2861 439 3135 524 potuit,
3175 457 3498 524 pronun·

501 546 640 615 tiet
676 564 822 613 non
862 551 1207 615 constare
1246 546 1340 615 de
1377 546 1542 613 iure
1583 547 1860 623 actoris
1895 550 1972 615 et
2009 565 2213 615 reum
2250 547 2612 630 dimittat,
2652 547 2799 614 nisi
2834 551 3106 636 agatur
3139 546 3234 615 de
3269 564 3504 614 causa

497 654 920 738 favorabili,
958 672 1104 739 quo
1132 656 1213 722 in
1250 672 1428 722 casu
1463 672 1602 739 pro
1634 655 1800 739 ipsa
1829 655 2467 739 pronuntiandum
2498 658 2636 740 est,
2680 659 2755 723 et
2796 655 3004 723 salvo
3034 655 3507 740 praescripto

498 780 662 830 can.
703 762 899 843 1697,
952 762 986 844 ξ
1031 762 1076 829 2
1138 760 1187 827 ¹.

1765 872 1945 939 CAN,
2006 872 2200 939 1870.

682 994 1070 1063 Sententia
1115 996 1301 1063 ferri
1347 1014 1392 1062 a
1452 996 1696 1064 iudice
1741 996 1984 1079 debet,
2039 996 2336 1083 expleta
2380 1013 2648 1063 causae
2695 995 3255 1080 disceptationez
3304 999 3390 1063 et
3443 993 3512 1060 si

498 1119 726 1170 causa
754 1103 856 1172 sit
889 1103 1341 1187 implicatior
1380 1107 1455 1171 et
1492 1104 2051 1172 contentionum
2082 1104 2198 1172 vel
2230 1105 2838 1172 documentorum
2877 1102 3068 1171 mole
3098 1101 3511 1182 difficilior,

499 1209 876 1295 interponi
917 1214 1164 1295 potest
1196 1229 1604 1296 congruum
1645 1212 2002 1296 temporis
2039 1213 2516 1280 intervallum
2556 1208 2608 1274 ¹.

1765 1385 1942 1451 om.
1994 1385 2189 1452 1871.

557 1532 576 1547 ³
676 1509 709 1592 ξ
757 1511 823 1576 1.
868 1511 967 1577 'In
1001 1510 1365 1578 tribunali
1398 1510 1797 1595 collegiali‚
1834 1528 1982 1595 qua
2011 1510 2131 1579 die
2163 1515 2239 1578 et
2272 1510 2453 1577 hora
2496 1510 2779 1577 iudices
2810 1509 2907 1577 ad
2941 1507 3515 1577 deliberandum

495 1618 965 1701 conveniant,
995 1619 1289 1703 collegii
1319 1636 1616 1702 praeses
1644 1619 2080 1702 constituat3
2112 1622 2188 1686 et
2224 1619 2371 1685 nisi
2400 1617 2800 1703 peculiaris
2825 1634 3055 1684 causa
3084 1615 3292 1684 aliud
3335 1634 3511 1683 sua-

495 1723 696 1809 deat,
728 1723 810 1793 ln
841 1725 1005 1809 ipsa
1040 1725 1442 1793 tribunalis
1474 1725 1644 1795 sede
1681 1730 2089 1795 conventus
2120 1726 2481 1794 habeatur
2523 1721 2578 1790 ⁸.
3480 1724 3485 1727 ’

675 1831 709 1916 5
756 1832 823 1899 2.
873 1834 1280 1918 Assignata
1319 1835 1717 1902 conventui
1756 1833 1902 1917 die,
1948 1834 2226 1920 singuli
2275 1834 2558 1902 iudices
2602 1833 2923 1917 scriptas
2964 1831 3280 1900 afferent
3333 1849 3515 1899 con·

497 1940 867 2009 clusiones
913 1959 1089 2008 suas
1128 1941 1206 2007 in
1242 1941 1508 2010 merito
1543 1960 1837 2024 causae,
1886 1948 1963 2011 et
2001 1942 2327 2010 rationes
2364 1947 2518 2009 tam
2557 1942 2636 2007 in
2673 1942 2877 2009 facto
2925 1958 3144 2025 quam
3182 1939 3266 2005 in
3307 1939 3514 2021 iure,

500 2048 765 2133 quibus
805 2049 902 2118 ad
945 2049 1492 2118 conclusionem
1529 2068 1740 2118 suam
1776 2051 2161 2119 venerint:
2222 2069 2408 2136 quae
2452 2050 2962 2118 conclusiones
2999 2047 3191 2116 actis
3227 2065 3520 2114 causae

497 2156 1031 2243 adiungantur,
1072 2161 1354 2225 secreto
1389 2157 1794 2226 servandae
1842 2155 1898 2222 ⁴.

673 2264 707 2346 ξ
753 2264 821 2332 3.
872 2265 1203 2334 Prolatis
1231 2284 1320 2333 ex
1354 2266 1639 2347 ordine,
1681 2266 2083 2335 secundum
2113 2266 2731 2351 praecedentiam.
2773 2267 2884 2333 ita
2918 2269 3167 2334 tamen
3198 2268 3290 2333 ut
3320 2282 3517 2332 sem·

498 2390 630 2456 per
682 2391 731 2440 a
772 2391 1041 2442 causae
1085 2376 1405 2459 ponente
1454 2393 1582 2443 seu
1634 2374 1954 2442 relatore
2009 2375 2309 2443 initium
2360 2373 2518 2457 fiat,
2570 2373 3032 2459 singulorum
3089 2372 3514 2440 conclusio·

500 2479 742 2564 nibus,
812 2481 1175 2549 habeatur
1236 2481 1618 2550 moderata
1687 2481 2054 2551 discussio
2127 2483 2264 2551 sub
2332 2481 2736 2550 tribunalis
2803 2481 3170 2566 praesidis
3236 2480 3516 2563 ductu,

498 2588 936 2672 praesertim
986 2593 1070 2658 ut
1125 2588 1702 2657 constabiliatur
1750 2590 1927 2674 quid
1976 2589 2453 2658 statuendum
2503 2590 2604 2658 sit
2661 2590 2742 2656 in
2791 2593 3007 2673 parte
3055 2588 3518 2672 dispositiva

497 2696 910 2764 sententiae
958 2693 1010 2761 ⁸.

676 2803 709 2885 ξ
756 2804 824 2869 4.
875 2804 968 2871 Ῑιι
1009 2803 1467 2873 discussione
1508 2810 1757 2874 autem
1803 2806 1921 2873 ras
1966 2804 2365 2889 unicuique
2406 2808 2520 2872 est
2571 2822 2618 2871 a
2659 2804 2984 2889 pristina
3025 2822 3164 2871 sua
3202 2804 3514 2871 conclu·

497 2910 703 2980 sione
743 2910 1077 2980 recedere
1125 2912 1177 2980 ⁸.

674 3019 709 3102 5
756 3018 823 3086 5.
872 3019 1085 3099 Quod
1123 3021 1184 3087 si
1232 3020 1513 3089 iudices
1546 3020 1626 3087 in
1663 3020 1906 3104 prima
1943 3019 2398 3089 discussione
2443 3019 2538 3086 ad
2577 3018 2767 3086 hanc
2807 3018 3253 3087 sententiam
3291 3018 3515 3088 deve-

502 3126 660 3196 nire
695 3130 831 3195 aut
869 3127 1112 3196 nolint
1152 3132 1290 3197 aut
1333 3132 1728 3213 nequeant,
1767 3128 2058 3196 differri
2106 3128 2384 3213 poterit
2423 3127 2701 3196 decisio
2739 3128 2835 3195 ad
2880 3144 3148 3194 novum
3185 3144 3515 3195 conven-

498 3238 678 3318 tum3
727 3236 854 3320 qui
892 3240 1142 3304 tamen
1181 3234 1380 3304 ultra
1420 3235 1950 3305 hebdomadam
1997 3236 2638 3320 comperendinari
2678 3254 2824 3303 non
2864 3234 3080 3302 debet
3114 3231 3165 3298 ¹.

1771 3403 1952 3472 om.
1999 3402 2194 3471 1872.

671 3527 754 3596 Si
791 3527 1055 3597 unicus
1098 3529 1202 3596 sit
1235 3527 1483 3608 iudex,
1531 3528 1771 3613 ipsius
1804 3532 2102 3596 tantum
2138 3532 2254 3595 est
2298 3527 2743 3596 sententiam
2781 3543 3109 3609 exarare3
3143 3524 3224 3591 in
3261 3523 3516 3592 tribu·

501 3636 653 3706 nali
682 3654 859 3705 vero
893 3634 1265 3720 colleglali
1297 3638 1633 3704 servetur
1664 3635 2207 3721 praescriptum
2248 3653 2414 3704 can.
2454 3635 2648 3705 1584.

1772 3809 1951 3878 om.
2003 3810 2199 3878 1873.

672 3920 705 4004 ξ
754 3923 820 3987 1.
874 3918 1263 3988 Sententia
1296 3918 1558 3987 debet:

755 4030 854 4094 1.⁰
898 4026 1227 4096 Definire
1264 4026 1843 4094 controversiam
1876 4045 2129 4095 coram
2161 4027 2524 4095 tribunali
2554 4027 2941 4114 agitatam
2975 4029 3111 4097 hoc
3141 4034 3257 4097 est
3289 4050 3513 4099 reum

497 4135 872 4204 absolvere
930 4135 1048 4203 vel
1093 4132 1583 4202 condemnare
1631 4135 1823 4219 quod
1886 4135 2162 4203 attinet
2212 4135 2310 4202 ad
2360 4136 2760 4220 petitiones
2806 4138 2926 4205 vel
2985 4138 3517 4209 accusationes

677 4349 698 4385 ¹
735 4349 796 4402 0.
830 4350 914 4411 75,
951 4350 1016 4403 Ο.
1048 4351 1147 4411 xl,
1176 4364 1230 4413 q.
1263 4351 1313 4413 ὃς
1345 4363 1394 4403 c.
1425 4352 1476 4413 3,
1508 4353 1575 4413 Χ,
1605 4355 1677 4404 dc
1703 4351 2169 4413 probationibus,
2200 4353 2284 4415 11,
2316 4355 2398 4416 19;
2422 4366 2472 4406 c.
2504 4354 2589 4415 20,
2622 4355 2688 4418 Χ,
2723 4358 2795 4408 dc
2823 4358 3123 4408 centenno
3156 4359 3215 4407 οι
3246 4367 3318 4406 re
3347 4356 3510 4406 mi·

498 4442 654 4500 cata,
685 4439 768 4500 11,
796 4440 878 4503 27:
906 4441 1048 4503 aeg.
1087 4442 1170 4501 11.
1202 4440 1285 4501 05,
1315 4442 1386 4493 Β.
1420 4442 1500 4504 J..
1530 4443 1592 4493 ln
1623 4443 1748 4503 Ποῖ
1778 4442 1836 4496 S.
1868 4443 1936 4496 0.
1972 4443 2031 4497 8.
2064 4444 2203 4506 Off„
2234 4444 2389 4497 decr.
2421 4445 2486 4496 24
2515 4449 2662 4507 sept.
2703 4445 2852 4508 1005,
2872 4457 3046 4512 prop.
3079 4446 3161 4506 20,
3200 4443 3414 4497 damn.

672 4537 698 4570 ²
739 4530 798 4584 S.
833 4532 897 4583 Ο.
943 4531 1048 4592 Dp.
1083 4534 1148 4584 et
1177 4530 1341 4594 neg..
1386 4532 1556 4585 lustr.
1591 4535 1652 4585 11
1689 4536 1808 4586 iun.
1842 4534 1992 4596 1880,
2028 4547 2085 4586 ιι.
2122 4534 2205 4597 35;
2237 4534 2295 4588 S.
2327 4535 2394 4589 O.
2427 4536 2516 4599 0.,
2554 4536 2727 4589 lustr.
2763 4536 2830 4588 22
2868 4549 3003 4598 aug.
3039 4536 3187 4597 18403
3220 4534 3286 4587 S.
3323 4535 3393 4589 C.
3430 4537 3511 4589 de

499 4621 669 4682 Prop.
705 4620 865 4682 Fide.
900 4622 1072 4675 instr.
1108 4635 1164 4675 a.
1206 4622 1355 4684 1883,
1387 4634 1446 4674 ιι.
1481 4623 1695 4675 XXXV.

672 4718 697 4754 ³
733 4713 855 4763 Lex
889 4714 1125 4775 propria
1157 4713 1217 4766 8.
1251 4713 1321 4764 Β.
1354 4713 1544 4767 Rotae
1572 4718 1635 4767 et
1672 4714 2027 4777 signatur-ae
2059 4718 2189 4778 Ap„
2221 4717 2287 4770 29
2314 4718 2436 4769 lun.
2469 4717 2618 4779 1908,
2650 4729 2780 4769 can.
2813 4718 2897 4778 31,
2931 4717 2958 4779 ς
2992 4718 3042 4779 1;
3070 4716 3338 4778 Beoeulae
3377 4729 3502 4771 ser·

496 4802 728 4856 vandae
757 4803 819 4854 in
851 4803 1086 4857 iudiciis
1114 4803 1273 4866 apud
1314 4803 1372 4857 8.
1406 4804 1475 4855 Β.
1512 4805 1701 4858 Rotae
1727 4806 2034 4868 Tribunai,
2069 4809 2103 4858 4
2131 4820 2265 4869 aug.
2300 4809 2448 4871 1910,
2484 4808 2511 4869 ἦ
2544 4808 2658 4869 177,
2690 4821 2749 4860 ιι.
2783 4810 2831 4860 1.

668 4899 696 4936 ⁴
733 4894 854 4945 Lex
893 4896 1125 4957 propria
1160 4894 1218 4948 8.
1251 4896 1321 4947 Β.
1363 4895 1551 4948 Rotae
1583 4898 1644 4948 et
1676 4895 2031 4958 signatur-ae
2059 4899 2190 4959 Ap„
2220 4898 2286 4951 29
2315 4900 2437 4951 iun.
2471 4899 2619 4961 1908,
2650 4910 2778 4951 can.
2816 4899 2900 4960 31,
2934 4899 2961 4961 ς
3002 4898 3051 4961 2;
3079 4899 3346 4961 Mulae
3377 4911 3505 4953 ser-

494 4983 726 5036 vandae
757 4983 819 5034 ln
852 4983 1086 5038 iudiciis
1114 4985 1271 5046 apud
1314 4984 1372 5038 S.
1406 4986 1476 5038 Β.
1510 4986 1699 5038 Rotae
1728 4987 2033 5048 Tribunal,
2069 4990 2100 5038 4
2130 5000 2264 5051 aug.
2298 4990 2447 5050 1910,
2483 4990 2510 5052 ς
2543 4990 2659 5052 177,
2691 5002 2748 5041 ιι.
2784 4991 2834 5042 2.

667 5080 693 5115 ⁸
734 5074 993 5136 Regulae
1027 5076 1355 5129 servandae
1382 5077 1444 5128 in
1474 5077 1712 5130 iudiciis
1745 5077 1905 5138 apud
1940 5077 1997 5130 S.
2030 5078 2100 5129 Β.
2132 5078 2322 5131 Rotae
2348 5080 2654 5142 Tribunal,
2685 5084 2718 5133 4
2746 5093 2881 5143 aug.
2913 5081 3061 5142 1910,
3098 5080 3125 5142 8
3156 5078 3274 5141 178,
3315 5092 3372 5131 ιι.
3410 5082 3462 5132 1.

675 5165 701 5200 ⁶
737 5165 860 5216 Lex
888 5167 1122 5226 propria
1154 5166 1214 5219 8.
1249 5167 1320 5218 Β.
1353 5167 1542 5220 Rotae
1568 5172 1631 5222 et
1662 5167 2017 5229 signaturae
2047 5169 2177 5230 Ap..
2209 5169 2275 5220 29
2304 5171 2423 5220 lun.
2456 5171 2605 5231 1008,
2638 5181 2766 5222 can.
2807 5172 2892 5232 31,
2929 5171 2956 5233 ς
2994 5171 3046 5234 2;
3083 5171 3350 5233 Regulae
3379 5182 3505 5222 ser-

496 5256 728 5309 vandae
754 5256 816 5307 ln
850 5255 1088 5309 iudiciis
1114 5257 1272 5317 apud
1308 5257 1368 5310 S.
1403 5258 1473 5310 Β.
1503 5259 1693 5312 Rotae
1718 5260 2027 5320 Tribanta,
2055 5261 2088 5310 4
2116 5272 2249 5321 aug.
2281 5260 2429 5320 1910,
2462 5260 2489 5321 ἦ
2521 5260 2636 5321 178,
2666 5274 2723 5313 ιι.
2762 5261 2812 5313 2.

682 5350 705 5387 ⁷
737 5348 858 5399 Lex
891 5348 1125 5407 propria
1160 5346 1217 5400 S.
1251 5347 1321 5398 Β.
1355 5349 1545 5401 Rotae
1573 5353 1635 5402 et
1673 5348 2028 5410 signaturae
2057 5350 2188 5410 Ap„
2223 5349 2288 5402 29
2316 5350 2437 5401 lun.
2472 5350 2620 5411 1908,
2652 5362 2780 5403 can.
2813 5352 2899 5412 31,
2933 5351 2960 5413 ς
2992 5351 3041 5413 43
3074 5349 3340 5411 Regulae
3378 5361 3502 5401 ser·

495 5437 726 5491 vandae
759 5438 819 5489 in
858 5436 1094 5490 iudiciis
1119 5438 1279 5498 apud
1320 5435 1378 5492 S.
1413 5438 1482 5490 Β.
1518 5439 1707 5491 Rotae
1739 5439 2045 5500 Tribunal,
2079 5441 2109 5490 4
2139 5452 2272 5502 aug.
2305 5440 2454 5501 1910,
2491 5440 2518 5502 ς
2550 5440 2666 5501 178,
2697 5453 2755 5492 ιι.
2787 5441 2838 5501 3,
2871 5442 2921 5491 4.
