3753 5871
379 287 490 347 294
1514 286 1711 341 Gom
1757 284 1919 337 luris
1958 283 2240 336 Comici

386 477 923 561 publicationes
958 476 1144 543 inibi
1180 474 1561 555 faciendas
1606 474 1880 560 exigat,
1922 473 2040 540 vel
2085 472 2276 539 alias
2314 471 2786 556 probationes
2834 488 2960 537 seu
3002 470 3363 537 coniectu-

386 602 510 652 ras
544 603 765 668 super
808 589 1053 653 status
1087 584 1432 651 libertate
1464 581 1920 667 colligendas
1955 579 2413 666 praescribat
2440 576 2491 644 ¹.

567 692 601 774 ξ
647 693 714 759 3.
767 693 849 759 Si
876 692 1131 777 aliqua
1158 692 1259 760 sit
1286 692 1611 783 suspicio
1635 691 1728 759 de
1751 693 2140 758 contracto
2169 686 2718 772 impedimento,
2749 684 3116 770 parochus
3150 684 3373 752 etiam

390 819 526 885 pro
570 800 900 868 breviore
941 799 1515 867 commoratione
1556 798 1900 866 consulat
1944 796 2450 878 Ordinarium,
2501 794 2628 879 qui
2672 792 3226 871 matrimonium
3283 810 3374 858 ne

389 908 801 991 permittat,
836 908 982 975 nisi
1016 908 1226 992 prius
1257 907 1604 992 suspicio,
1638 906 1734 974 ad
1777 923 2108 973 normam
2149 904 2183 987 ξ
2225 903 2294 986 2,
2332 907 2814 971 removeatur.

1652 1077 1828 1145 CAN.
1879 1076 2074 1143 1024.

564 1195 1116 1263 Publicationes
1154 1194 1341 1261 fiant
1376 1194 1619 1262 tribus
1665 1192 2043 1260 continuis
2083 1190 2342 1259 diebus
2380 1188 2770 1257 dominicis
2807 1188 3122 1271 aliisque
3161 1186 3376 1254 festis

383 1304 476 1372 de
511 1308 900 1389 praecepto
935 1304 1014 1370 in
1057 1303 1365 1371 ecclesia
1397 1302 1596 1370 inter
1632 1302 2029 1368 Missurum
2076 1298 2485 1378 sollemnia,
2522 1302 2656 1364 aut
2690 1297 2887 1364 inter
2928 1295 3084 1363 alia
3114 1294 3365 1362 divina

386 1409 619 1478 officia
653 1411 749 1479 ad
787 1429 975 1496 quae
1013 1410 1333 1496 populus
1376 1409 1725 1494 frequens
1758 1409 2062 1476 accedat
2089 1404 2143 1473 ¹.

1655 1571 1833 1640 Gan.
1886 1571 2082 1638 1025.

565 1691 822 1759 Potest
851 1691 996 1758 loci
1034 1688 1479 1757 Ordinarius
1508 1706 1645 1773 pro
1682 1706 1817 1755 suo
1847 1687 2229 1755 territorio
2267 1684 2894 1771 publicationibus
2928 1682 3376 1748 substituere

391 1800 788 1885 publicam,
826 1798 922 1866 ad
967 1798 1223 1866 valvas
1281 1796 1630 1864 ecclesiae
1689 1795 2130 1881 paroecia-lis
2189 1794 2473 1861 aliusve
2531 1792 2904 1875 ecclesiae,
2965 1789 3376 1857 affixionem

391 1907 766 1974 nominum
800 1905 1395 1974 contrahentium
1432 1922 1565 1988 per
1602 1905 1927 1988 spatium
1971 1903 2230 1970 saltem
2268 1907 2434 1969 octo
2474 1901 2787 1982 dierum,
2824 1900 2937 1966 ita
2976 1902 3225 1965 tamen
3261 1899 3371 1977 ut,

393 2016 528 2082 hoc
559 2015 828 2099 spatio,
863 2013 1014 2082 duo
1041 2013 1201 2081 dies
1231 2013 1405 2081 festi
1439 2012 1532 2080 de
1563 2016 1956 2097 praecepto
1994 2009 2734 2094 comprehendantur.

1655 2184 1833 2253 oss.
1892 2183 2088 2250 1026.

570 2303 1121 2370 Publicationes
1161 2322 1251 2369 ne
1304 2301 1485 2369 fiant
1528 2319 1662 2385 pro
1703 2299 2201 2367 matrimoniis
2251 2316 2437 2383 quae
2477 2295 3025 2365 contrahuntur
3061 2311 3229 2361 cum
3270 2291 3373 2359 di·

389 2411 858 2495 spensatione
888 2411 980 2478 ab
1008 2410 1529 2493 impedimento
1552 2409 2025 2492 disparitatis
2048 2407 2298 2475 cultus
2328 2412 2460 2472 aut
2492 2405 2767 2471 mixtae
2793 2401 3198 2487 religionis,
3228 2399 3372 2465 nisi

392 2519 537 2586 loci
572 2518 1018 2586 ordinarius
1054 2536 1191 2602 pro
1225 2535 1361 2584 sua
1400 2517 1822 2601 prudentia,
1864 2519 2144 2583 remoto
2191 2512 2566 2594 scandalo,
2607 2529 2732 2579 eas
2779 2509 3206 2594 permittere
3253 2524 3371 2590 op·

391 2630 791 2710 portunum
825 2626 1149 2708 duxerit,
1193 2626 1588 2694 dummodo
1624 2625 2032 2709 apostolica
2067 2620 2524 2707 dispensatio
2558 2617 3041 2703 praecesserit
3073 2621 3147 2684 et
3183 2632 3372 2682 men-

390 2734 498 2802 tio
543 2736 937 2801 omittatur
983 2735 1362 2819 religionis
1400 2733 1640 2818 partis
1687 2751 1834 2800 non
1869 2732 2279 2800 catholicae
2317 2729 2369 2796 ³.

1653 2887 1830 2956 Gm.
1881 2887 2075 2954 1027.

569 3007 839 3074 Omnes
867 3006 1118 3074 fideles
1146 3008 1495 3074 tenentur
1523 3005 2075 3090 impedimenta,
2110 3005 2175 3071 si
2206 3021 2351 3088 qua
2391 3004 2667 3082 norint,
2703 3003 3023 3088 parocho
3061 3005 3197 3072 aut
3232 3002 3376 3070 loci

390 3113 813 3196 Ordinario‚
864 3119 1039 3183 ante
1078 3113 1534 3181 matrimonii
1572 3113 2165 3191 celebrationem,
2208 3110 2532 3180 revelare
2556 3109 2606 3176 ⁴.

1670 3280 1846 3349 CAN.
1895 3278 2090 3346 1028.

569 3399 603 3481 ξ
651 3400 716 3464 1.
767 3399 943 3466 Loci
990 3397 1435 3466 ordinarius
1483 3397 1830 3480 proprius
1878 3414 2017 3480 pro
2065 3413 2200 3463 suo
2259 3394 2609 3478 prudenti
2658 3393 2936 3461 iudicio
2995 3399 3240 3478 potest
3291 3412 3378 3460 ex

390 3507 725 3591 legitima
765 3524 993 3572 causa
1045 3525 1095 3572 a
1136 3505 1763 3590 publicationibus
1816 3505 2040 3573 etiam
2086 3505 2164 3571 in
2212 3504 2460 3571 aliena
2501 3502 2817 3570 dioecesi
2862 3501 3226 3569 faciendis
3269 3500 3373 3568 di·

770 3614 797 3649 ³

391 3632 735 3802 maga?
774 3662 856 3788 Si
895 3720 1145 3804 plures
1192 3720 1345 3786 sint
1392 3719 1775 3787 Ordinarii
1815 3719 2128 3803 proprii,
2171 3718 2299 3785 ille
2336 3719 2454 3785 ius
2495 3718 2717 3785 habet
2754 3715 3259 3801 dispensandi,
3301 3716 3381 3781 in

581 3953 601 3988 1
641 3952 996 4004 Benedictus
1025 3952 1176 4012 XIV,
1207 3963 1297 4012 ep.
1334 3966 1364 4002 α
1395 3949 1610 4003 Paucis
1641 3950 1856 4003 abhinc
1894 3967 1943 4014 ι,
1979 3954 2044 4006 19
2077 3956 2252 4006 mart.
2296 3954 2441 4016 17583
2475 3953 2533 4007 S.
2565 3955 2630 4008 O.
2667 3954 2724 4008 Β.
2758 3956 2896 4017 Off..
2933 3956 3104 4009 instr.
3148 3957 3214 4007 21
3244 3968 3377 4017 aug.

400 4042 547 4104 167oe
576 4042 747 4093 instr.
790 4041 892 4101 (ad
924 4041 1029 4102 Ep.
1063 4040 1336 4102 orient),
1369 4040 1435 4091 22
1472 4052 1606 4103 aug.
1640 4040 1788 4102 1890,
1821 4054 1881 4093 ιι.
1924 4041 1973 4092 2.

574 4134 600 4169 ²
638 4130 810 4182 Cone.
840 4130 1126 4191 Trident„
1156 4143 1299 4182 sess.
1329 4131 1527 4192 XXIV,
1558 4132 1628 4181 de
1654 4131 1765 4190 res.
1804 4132 2085 4190 maerim„
2114 4143 2165 4183 c.
2198 4133 2247 4193 1;
2278 4131 2632 4191 Benedictus
2665 4134 2816 4195 XIV,
2843 4145 2933 4194 ep.
2963 4135 3182 4195 encyci.
3222 4148 3252 4184 α
3279 4132 3383 4182 Sa·

401 4220 479 4272 tis
503 4220 678 4272 Vobis
699 4235 748 4282 ι,
772 4221 837 4272 17
857 4233 989 4273 nov.
1014 4220 1160 4282 1741;
1186 4233 1276 4282 ep.
1301 4222 1519 4281 encycl.
1546 4235 1575 4270 α
1604 4220 1863 4271 Nimiam
1891 4220 2191 4272 licentiam
2218 4235 2268 4282 ι,
2300 4221 2366 4273 18
2387 4222 2531 4272 maii
2555 4222 2703 4282 1743,
2732 4222 2761 4283 1
2790 4223 2842 4283 5,
2873 4223 2957 4283 10,
2988 4225 3070 4284 11;
3101 4222 3159 4275 S.
3191 4221 3256 4274 O.
3287 4221 3376 4282 0.,

397 4310 774 4367 avenionem,
800 4321 998 4361 mense
1021 4313 1135 4362 oct.
1162 4309 1311 4369 1588.
1336 4309 1415 4361 ad
1438 4310 1522 4371 133
1552 4308 1795 4362 Rituale
1822 4309 2010 4370 Rom..
2042 4310 2136 4362 tit.
2172 4311 2308 4370 VII,
2334 4323 2384 4361 c.
2417 4312 2467 4370 1,
2498 4313 2568 4362 ae
2601 4315 2969 4363 sacramento
2996 4309 3377 4367 matrimonii,

396 4409 455 4448 n.
487 4398 537 4459 7,
568 4398 651 4459 12,
682 4398 765 4460 13;
794 4410 844 4450 c.
877 4397 928 4459 2,
963 4397 1139 4449 Ritus
1170 4397 1503 4449 celebrandi
1534 4397 1899 4449 matrimonii
1939 4403 2393 4457 sacramentum,
2426 4411 2484 4450 ιι.
2520 4401 2569 4450 1.

578 4491 601 4524 ³
639 4488 697 4538 S.
738 4487 802 4539 Ο.
839 4488 897 4539 S.
930 4487 1069 4547 off..
1103 4488 1220 4538 litt.
1263 4488 1365 4546 (ad
1396 4489 1520 4560 Vic.
1558 4488 1664 4548 Ap.
1702 4488 2102 4549 nyseni-iem),
2142 4488 2208 4540 26
2238 4500 2368 4539 nov.
2402 4487 2548 4548 1862:
2589 4489 2704 4541 litt.
2740 4489 2772 4539 4
2803 4488 2906 4540 lul.
2941 4488 3087 4540 1874.

574 4580 601 4614 ⁴
632 4575 696 4626 O.
730 4575 812 4636 27,
845 4576 910 4635 X,
947 4577 1018 4625 de
1049 4573 1421 4634 sponsalibus
1452 4580 1512 4627 et
1543 4576 1958 4635 matrimoniis,
2003 4578 2104 4638 IV,
2139 4580 2188 4638 1;
2218 4588 2268 4628 c.
2301 4577 2384 4637 13,
2415 4578 2482 4637 X,
2527 4579 2598 4627 ae
2634 4576 3084 4636 desponsatione
3120 4577 3372 4635 impube-

396 4676 548 4722 rum,
584 4666 684 4725 IV,
721 4665 771 4726 2;
801 4677 851 4717 c.
888 4666 940 4726 3.
978 4666 1045 4726 X,
1081 4667 1154 4715 aa
1186 4665 1554 4716 clandestina
1590 4666 2058 4725 desponsatione,
2094 4667 2198 4734 IV,
2232 4666 2282 4727 33
2313 4678 2363 4717 c.
2396 4666 2446 4726 0,
2478 4667 2544 4726 X,
2592 4667 2693 4726 qui
2735 4663 3177 4716 matrimonium
3220 4675 3385 4715 acon-

401 4764 535 4804 sarc
571 4757 857 4834 possum,x
872 4755 965 4803 vel
1001 4757 1206 4804 contra
1240 4754 1391 4805 iliud
1429 4750 1755 4817 testificari,
1803 4755 1907 4816 IV,
1945 4754 2027 4816 1&
2063 4754 2419 4807 Benedictus
2463 4756 2614 4815 XIV,
2655 4767 2745 4815 ep.
2787 4756 3006 4816 encycl.
3057 4769 3087 4805 ι
3125 4752 3382 4804 Nimiam

401 4843 702 4893 licentiam
723 4860 771 4903 »,
799 4844 864 4896 18
886 4845 1028 4895 mail
1052 4844 1199 4905 1743,
1227 4844 1256 4905 1
1285 4847 1367 4906 11;
1391 4844 1632 4896 Rituale
1658 4845 1847 4905 Rom„
1881 4845 1975 4896 tit.
2001 4845 2137 4904 VII,
2163 4856 2212 4895 c.
2247 4846 2297 4904 1,
2324 4846 2395 4894 de
2418 4848 2786 4896 sacramento
2809 4843 3192 4900 matrimonii,
3217 4856 3275 4895 ιι.
3297 4844 3379 4895 13.

576 4932 602 4966 ⁵
639 4933 811 4984 Cone.
840 4933 1126 4992 'trident.,
1154 4944 1298 4986 sess.
1330 4934 1529 4993 XXIV,
1556 4934 1626 4983 de
1648 4934 1759 4993 res.
1788 4934 2070 4991 matrim..
2094 4946 2144 4985 c.
2170 4936 2220 4995 1;
2244 4932 2599 4985 Benedictus
2620 4933 2771 4994 XIV,
2795 4944 2887 4993 ep.
2920 4934 3139 4994 encycl.
3167 4946 3197 4982 ι
3223 4931 3386 4983 Satis

404 5023 578 5073 Vobis
612 5040 660 5082 ιο,
697 5023 761 5073 17
794 5035 925 5075 nov.
961 5024 1109 5084 1741,
1148 5023 1174 5084 1
1216 5024 1267 5084 53
1298 5035 1390 5084 ep.
1428 5026 1647 5086 encycl.
1695 5038 1725 5074 ι
1757 5022 2014 5073 Nimiam
2051 5022 2351 5074 licentiam
2394 5038 2444 5085 ι,
2480 5024 2546 5076 18
2579 5025 2723 5075 maii
2754 5023 2903 5083 1⁷43.
2942 5023 2968 5084 1
3004 5024 3056 5083 5,
3087 5023 3255 5083 12153
3287 5033 3378 5082 ep.

398 5113 617 5173 encycl.
657 5127 687 5162 α
720 5111 891 5161 Inter
920 5113 1259 5172 omniosnas
1293 5126 1343 5172 ι,
1379 5112 1415 5164 2
1455 5113 1605 5165 febr.
1643 5113 1791 5173 1744,
1830 5113 1859 5174 1
1904 5116 1986 5175 11;
2025 5112 2084 5166 S.
2117 5113 2181 5166 C.
2217 5112 2276 5166 S.
2309 5113 2425 5165 off.
2476 5113 2773 5174 (Quebec),
2821 5113 2887 5163 14
2922 5113 3044 5163 iun.
3078 5111 3225 5172 1703ς
3260 5111 3378 5163 utt.

403 5204 433 5252 4
477 5201 578 5252 lul.
623 5201 768 5262 1874:
811 5201 868 5253 S.
900 5201 968 5254 Ο.
998 5201 1088 5262 0.,
1129 5200 1465 5261 Novar-ten..
1507 5202 1573 5254 23
1625 5203 1743 5253 ian.
1790 5202 1936 5264 1610:
1982 5201 2042 5255 S.
2073 5202 2138 5255 O.
2193 5202 2267 5254 de
2308 5202 2477 5262 Prop.
2525 5201 2688 5262 Fide.
2744 5202 2914 5254 instr.
2968 5200 3071 5259 (ad
3111 5199 3381 5259 Arcbiep.

396 5292 760 5350 Hiberniae),
791 5291 855 5342 ὦ
883 5292 1004 5342 iun.
1043 5291 1189 5353 1701ς
1231 5290 1320 5352 (Ο.
1362 5290 1477 5353 (1.),
1509 5293 1542 5343 1
1569 5302 1697 5351 apr.
1730 5291 1876 5353 181&
1915 5290 2003 5350 (Ο.
2038 5290 2578 5351 G.—Hlberniae),
2614 5291 2680 5342 12
2707 5290 2856 5342 febr.
2889 5289 3036 5350 18213
3067 5289 3238 5340 instr.
3281 5287 3383 5346 (ad

402 5381 524 5431 vic.
560 5382 666 5439 Ap.
706 5380 929 5432 Indiar.
965 5381 1240 5443 orient.),
1272 5380 1307 5433 8
1336 5383 1484 5442 sept.
1527 5380 1676 5441 1869,
1712 5393 1771 5433 ιι.
1807 5382 1893 5444 50;
1931 5380 2174 5434 Rituale
2204 5380 2393 5440 Rom..
2429 5381 2525 5432 tit.
2570 5380 2706 5439 VII,
2740 5391 2789 5430 c.
2822 5380 2873 5439 1,
2911 5379 2981 5428 de
3014 5378 3382 5427 sacramento

397 5468 776 5525 matrimonii,
812 5481 869 5520 n.
903 5470 953 5520 9.
