3753 5871
513 328 624 387 520
1651 326 1848 378 codem
1893 325 2055 377 Iuris
2094 322 2377 378 canonici

700 515 733 598 ξ
779 515 847 583 3.
896 515 1116 582 Actio
1142 514 1320 583 haec
1350 514 1811 582 instituenda
1840 521 1954 583 est
1985 532 2235 582 coram
2275 514 2439 599 ipso
2476 513 2721 582 iudice
2750 532 3019 582 causae
3047 514 3509 599 principalis

519 624 712 708 quod
740 624 805 690 si
833 624 924 691 ob
954 628 1404 691 attentatum
1435 640 1612 707 pars
1640 623 1841 690 laesa
1871 622 2186 690 iudicem
2220 625 2643 707 suspectum
2682 622 2975 705 babeat,
3006 621 3508 707 exceptionem

519 732 961 815 suspicionis
1034 734 1278 816 potest
1352 748 1744 815 opponere,
1820 730 1901 797 in
1986 748 2132 816 qua
2205 730 2747 814 procedendum
2819 734 2935 797 est
3002 730 3099 797 ad
3172 748 3507 797 normam

515 856 678 907 can.
722 839 891 905 1615
938 835 987 902 ¹.

1783 946 1961 1012 CAN.
2013 945 2208 1012 1856.

701 1070 734 1152 ξ
783 1072 848 1137 1.
900 1070 1276 1137 Pendente
1329 1069 1758 1154 quaestione
1804 1069 1899 1137 de
1947 1072 2350 1152 attentato,
2403 1087 2669 1137 cursus
2720 1085 2992 1135 causae
3053 1066 3505 1151 principalis

520 1177 962 1262 regulariter
1009 1177 1513 1261 suspenditur,
1555 1176 1682 1245 sed
1719 1178 1784 1245 si
1822 1177 2056 1245 iudici
2101 1177 2597 1262 opportunius
2634 1176 3002 1257 videatur,
3048 1173 3391 1260 quaestio
3426 1174 3519 1241 de

518 1289 892 1354 attentato
936 1289 1178 1369 potest
1217 1303 1367 1352 una
1408 1303 1577 1375 cum
1615 1303 1841 1353 causa
1879 1285 2280 1369 principali
2316 1284 2766 1369 pertractari
2800 1287 2879 1352 et
2916 1282 3207 1351 resolvi.

697 1393 730 1475 ξ
778 1393 844 1460 2.
931 1393 1415 1473 Quaestiones
1450 1393 1543 1461 de
1586 1393 1984 1461 attenta-tis
2019 1393 2569 1478 expeditissime
2603 1396 2780 1461 sunt
2819 1390 3401 1476 pertractandae
3447 1396 3524 1459 et

515 1504 811 1571 decreto
854 1502 1123 1569 iudicis
1175 1500 1656 1582 definiendae,
1705 1502 1988 1570 auditis
2033 1502 2375 1586 partibus
2419 1505 2494 1570 et
2538 1504 2958 1586 promotore
3001 1499 3345 1569 iustitiae
3401 1500 3521 1569 vel

517 1610 901 1678 defensore
928 1609 1232 1690 vinculi,
1274 1609 1339 1676 si
1370 1609 1449 1676 hi
1480 1609 1757 1677 iudicio
1794 1609 2172 1677 intersint.

1792 1787 1972 1854 OAN.
2022 1785 2217 1852 1857.

697 1908 730 1991 ἓ
778 1911 843 1974 1.
894 1910 1422 1978 Demonstrato
1478 1914 1878 1993 attentato,
1929 1908 2149 1978 iudex
2198 1910 2589 1977 decernere
2635 1909 2853 1977 debet
2898 1909 3059 1977 eius
3112 1909 3519 1977 revocatio-

519 2035 683 2084 nem
722 2035 847 2084 seu
896 2017 1409 2102 purgationem
1447 2017 1499 2084 ².

691 2124 724 2208 ξ
771 2124 837 2191 2.
888 2125 1099 2205 Quod
1130 2127 1194 2193 si
1223 2129 1675 2194 attentatum
1704 2126 1779 2194 vi
1806 2127 1925 2194 vel
1960 2126 2132 2194 dolo
2160 2127 2542 2209 patratum
2577 2125 2703 2209 sit,
2741 2124 2867 2209 qui
2896 2122 3086 2191 illud
3113 2123 3523 2202 commisit,

518 2236 815 2300 tenetur
851 2233 1075 2301 etiam
1112 2233 1204 2300 de
1239 2234 1531 2301 damnis
1578 2253 1752 2319 erga
1792 2238 2080 2318 partem
2121 2234 2396 2301 laesam
2438 2230 2491 2297 ⁸.

1686 2555 2112 2625 TITULUS
2153 2556 2320 2623 x11.

980 2702 1085 2770 De
1129 2719 1496 2789 processus
1541 2701 2044 2787 publicatione,
2096 2701 2182 2768 de
2226 2702 2672 2770 conclusione
2716 2701 2793 2766 in
2838 2717 3045 2767 causa

1517 2812 1591 2877 et
1635 2809 1720 2877 de
1765 2827 2013 2877 causae
2059 2808 2514 2877 discussione.

1792 3004 1971 3071 CAN.
2006 3005 2200 3073 1858.

599 3153 602 3156 “
689 3127 887 3195 Ante
916 3144 1182 3195 causae
1207 3127 1737 3196 discussionem
1765 3135 1841 3198 et
1865 3130 2309 3198 sententiam
2336 3149 2587 3198 omnes
2611 3132 3087 3216 probationes
3114 3150 3304 3217 quae
3334 3140 3529 3202 sunt

518 3234 597 3300 in
640 3234 831 3302 actis
864 3237 941 3302 et
977 3252 1162 3318 quae
1198 3235 1438 3303 adhuc
1483 3242 1807 3306 secretae
1841 3243 2435 3322 permanserunt,
2473 3243 2651 3308 sunt
2686 3240 3177 3324 publicandae
3216 3236 3274 3302 ⁴.

1795 3417 1973 3484 oss.
2007 3417 2203 3484 1859.

692 3539 1057 3606 Concessa
1105 3539 1446 3622 partibus
1495 3557 1893 3625 earumque
1941 3541 2322 3609 advoca-tis
2369 3541 2735 3610 facultate
2785 3546 2956 3611 acta
3007 3545 3527 3627 processualia

517 3643 960 3728 inspiciendi
1030 3645 1471 3731 petendique
1539 3665 1790 3715 eorum
1851 3649 2251 3732 exemplar,
2314 3649 2766 3735 intelligitur
2826 3652 3029 3719 facta
3100 3651 3531 3735 publicatio

514 3771 900 3838 processus
936 3754 989 3822 ⁸.

1799 3863 1977 3931 CAN.
2028 3863 2222 3930 1860.

607 4034 613 4040 -
694 3986 727 4069 ξ
776 3988 841 4051 1.
891 3986 1233 4072 Expletis
1273 3986 1611 4055 omnibus
1656 4005 1843 4072 quae
1892 3987 1986 4054 ad
2026 3988 2502 4072 probationes
2543 3987 3054 4073 producendas
3104 3989 3525 4074 pertinent,

517 4096 614 4160 ad
650 4093 1192 4160 conclusionem
1227 4095 1311 4160 in
1345 4112 1571 4162 causa
1602 4095 2134 4164 deveniendum
2169 4100 2285 4163 est
2353 4095 2404 4163 ⁸.

701 4323 722 4359 ¹
760 4323 826 4376 Ο.
857 4323 940 4385 17,
972 4324 1038 4384 Χ,
1069 4326 1140 4374 de
1172 4322 1686 4383 appellationibus,
1716 4323 2187 4376 recusationibus
2225 4328 2285 4375 et
2314 4323 2722 4385 relationibus,
2755 4324 2838 4382 ΙΙ,
2870 4324 2951 4376 28.

688 4420 715 4456 ¹
752 4413 817 4466 C.
848 4414 898 4475 4,
931 4414 996 4474 X,
1028 4416 1098 4464 de
1126 4413 1501 4465 restitutione
1538 4415 1944 4474 spoliatorum.
1977 4415 2059 4475 ΙΙ,
2099 4414 2180 4476 13;
2207 4426 2256 4466 c.
2290 4416 2340 4475 1,
2373 4415 2439 4476 X,
2473 4415 2544 4465 ae
2576 4414 3043 4473 sequestratione
3072 4413 3521 4475 possessionum

518 4509 578 4557 et
597 4505 924 4565 fructuum,
952 4506 1034 4566 11,
1066 4505 1218 4584 1⁷3⁰·
1249 4517 1370 4565 un„
1395 4506 1460 4565 X,
1488 4507 1559 4556 de
1583 4505 1812 4556 clericis
1838 4504 2372 4567 pereurinantibus,
2401 4505 2483 4565 11,
2511 4504 2592 4566 293
2621 4517 2671 4556 c.
2699 4504 2781 4566 26,
2814 4506 2880 4567 X,
2916 4508 2989 4557 de
3011 4505 3523 4566 accusationibus,

519 4594 1005 4654 inquisitionibus
1034 4599 1093 4647 et
1125 4593 1693 4655 denunciationibus,
1727 4597 1794 4656 V,
1829 4597 1879 4657 13
1906 4608 1955 4648 c.
1989 4595 2039 4656 7,
2074 4597 2145 4646 de
2185 4594 2699 4655 appellationibus,
2731 4596 2815 4656 ΙΙ,
2851 4595 2935 4656 15,
2969 4595 3031 4646 ln
3071 4595 3197 4656 V1⁰;
3228 4593 3291 4646 8.
3323 4594 3393 4647 O.
3431 4596 3523 4656 Ο..

518 4685 945 4746 constantien„
973 4686 1039 4737 24
1073 4698 1204 4738 nov.
1237 4686 1383 4748 1734,
1413 4685 1492 4738 ad
1520 4686 1570 4749 23
1599 4685 1866 4746 oritana,
1898 4686 1964 4739 20
1990 4699 2146 4749 aug„
2179 4687 2244 4737 24
2274 4690 2421 4747 sept.
2454 4686 2602 4748 1735,
2641 4685 2717 4738 ad
2748 4688 2797 4738 1.

691 4783 717 4820 ³
758 4777 825 4829 O.
849 4778 899 4837 2,
932 4778 997 4838 Χ,
1023 4780 1094 4828 de
1117 4779 1247 4829 dolo
1277 4781 1336 4828 et
1361 4778 1747 4836 contumacia,
1780 4778 1863 4838 Il,
1889 4779 1970 4839 14;
1995 4790 2044 4830 c.
2073 4779 2123 4838 4,
2155 4779 2221 4838 X,
2246 4783 2314 4830 ut
2340 4778 2444 4829 lite
2467 4779 2756 4840 pendente
2782 4774 2934 4827 nihil
2955 4776 3289 4834 innovetur,
3318 4776 3406 4836 11,
3442 4777 3526 4837 1oe

516 4879 565 4920 c.
600 4869 650 4930 1,
691 4868 757 4928 X,
792 4868 863 4918 de
892 4867 1357 4927 sequestratione
1391 4869 1824 4928 possessionum
1853 4871 1914 4918 et
1942 4867 2269 4927 fructuum,
2302 4868 2385 4930 11,
2421 4868 2501 4920 17.

688 4965 717 5001 4
755 4958 819 5011 Ο.
853 4959 935 5018 24,
967 4959 1033 5018 Χ,
1070 4960 1141 5009 de
1184 4957 1678 5018 accusationibus,
1711 4957 2195 5017 inquisitionibus
2229 4963 2288 5010 et
2323 4956 2892 5016 denunciationibus,
2937 4957 3008 5016 V,
3044 4957 3095 5017 13
3128 4967 3178 5007 c.
3210 4955 3297 5018 31,
3329 4957 3400 5016 Χ,
3445 4958 3518 5006 ae

515 5049 787 5111 simonia,
817 5054 876 5102 et
906 5061 979 5100 ne
1007 5047 1235 5108 aliquia
1267 5061 1372 5110 pro
1400 5047 1814 5110 spiritualibus
1844 5048 2122 5107 eoeiqatur
2157 5049 2251 5100 vel
2281 5048 2684 5108 promittatur,
2719 5048 2788 5110 V,
2820 5047 2870 5100 3.

690 5147 715 5180 ⁵
763 5140 822 5193 S.
847 5141 912 5194 Ο.
940 5140 1045 5200 Ep.
1070 5144 1132 5192 et
1163 5140 1325 5201 Reg„
1354 5139 1522 5192 instr.
1555 5141 1621 5191 11
1647 5141 1767 5191 lun.
1795 5138 1943 5191 1880.
1973 5151 2031 5190 ιι.
2058 5139 2140 5199 22,
2172 5138 2253 5198 23,
2285 5138 2368 5200 32;
2400 5137 2457 5191 S.
2490 5138 2555 5191 Ο.
2583 5137 2657 5190 de
2676 5139 2851 5198 Pron.
2884 5137 3050 5198 Fide,
3074 5137 3246 5190 instr.
3277 5150 3336 5189 a.
3361 5137 3518 5196 1883,

518 5244 573 5282 n.
607 5229 787 5291 XXII,
821 5230 1034 5290 XXIII,
1066 5230 1293 5282 XXXII.

689 5329 714 5364 ο
763 5320 820 5372 S.
854 5322 917 5374 O.
955 5321 1011 5373 S.
1047 5321 1185 5380 011³..
1218 5322 1387 5373 lustr.
1427 5320 1528 5380 (ad
1558 5321 1661 5381 Ep.
1693 5320 1940 5373 thuum
1969 5320 2242 5380 orient),
2276 5331 2330 5370 a.
2364 5318 2511 5379 1883,
2550 5319 2643 5371 tit.
2679 5318 2793 5380 ΙΙΙ,
2825 5332 2880 5371 n.
2914 5318 2995 5382 223
3034 5317 3094 5373 S.
3125 5318 3192 5371 Ο.
3226 5317 3305 5370 de
3340 5319 3515 5380 Pmp.

519 5412 681 5473 Fide,
711 5413 880 5465 instr.
909 5425 963 5463 a.
992 5413 1139 5473 1883,
1171 5425 1228 5463 n.
1257 5412 1337 5474 223
1362 5412 1483 5463 Lex
1518 5411 1754 5474 propria
1784 5410 1842 5464 S.
1875 5411 1948 5462 R.
1983 5409 2171 5463 Rotae
2197 5413 2261 5463 et
2289 5408 2643 5471 signaturae
2670 5412 2797 5469 Ap„
2826 5409 2890 5462 29
2924 5410 3046 5461 iun.
3076 5409 3226 5470 1908,
3261 5421 3394 5461 can.
3426 5407 3512 5468 27,

523 5502 550 5564 ς
580 5505 629 5562 1,
663 5503 710 5565 2;
737 5502 998 5564 Regulae
1031 5503 1357 5555 servandae
1386 5503 1448 5554 in
1485 5501 1722 5554 iudiciis
1748 5500 1909 5561 apud
1938 5500 1997 5554 S.
2026 5501 2096 5551 R.
2134 5500 2321 5553 Rotae
2349 5499 2654 5560 Tribunal,
2692 5500 2725 5549 4
2752 5512 2885 5561 aug.
2917 5500 3066 5560 1910,
3104 5499 3131 5561 ς
3159 5499 3244 5552 51.
