3753 5871
1232 264 1402 314 mber
1433 262 1736 315 secundus
1779 290 1798 301 -
1830 263 1919 314 De
1952 264 2226 315 Per-some
3147 267 3216 325 31

1523 475 1700 541 CAN.
1747 473 1899 541 129.

391 598 670 667 Clerici
707 597 984 680 studia,
1025 599 1461 682 praesertim
1493 615 1731 680 sacra,
1770 602 2065 683 recepto
2094 597 2531 681 sacerdotio,
2565 617 2657 666 ne
2686 598 3221 683 intermittant;

212 715 295 776 et
327 708 410 775 in
453 707 692 774 sacris
722 707 1142 792 disciplinis
1184 707 1494 774 solidam
1530 707 1736 773 illam
1772 706 2189 774 doctrinam
2225 725 2272 774 a
2310 707 2712 774 maioribus
2750 708 3106 776 traditam
3142 712 3217 776 et

211 814 714 882 communiter
746 815 840 882 ab
878 814 1211 882 Ecclesia
1251 820 1617 899 receptam
1664 819 2066 897 sectentur,
2113 815 2531 883 devitantes
2565 815 2921 898 profanas
2957 833 3215 883 vocum

217 921 596 990 novitates
625 925 702 990 et
728 920 907 989 falsi
937 922 1256 989 nominis
1284 922 1669 989 scientiam
1708 923 1757 989 ¹.

1527 1100 1704 1167 ΟΔΝ.
1743 1099 1895 1166 130.

402 1225 437 1307 ξ
487 1226 552 1291 1.
602 1225 923 1309 Expleto
955 1225 1372 1292 studiorum
1404 1224 1804 1308 curriculo,
1840 1224 2259 1292 sacerdotes
2291 1242 2565 1308 omnes,
2610 1225 2754 1292 etsi
2787 1222 3217 1292 beneficium

214 1333 640 1416 paroeciale
670 1337 808 1427 aut
829 1332 1257 1401 canonicale
1280 1334 1682 1408 consecuti,
1713 1333 1858 1400 nisi
1888 1333 1983 1400 ab
2012 1332 2413 1402 Ordinario
2447 1332 2591 1400 loci
2626 1334 2717 1401 ob
2743 1333 3017 1400 iustam
3046 1350 3214 1399 cau-

214 1458 382 1533 sam
427 1439 716 1509 fuerint
751 1441 1095 1525 exempti,
1133 1457 1436 1509 examen
1478 1441 1795 1528 singulis
1830 1441 2053 1508 annis
2090 1441 2352 1508 saltem
2393 1460 2523 1525 per
2569 1441 2939 1525 integrum
2990 1440 3211 1508 trien·

216 1548 433 1614 nium
463 1549 543 1616 in
571 1548 888 1616 diversis
913 1566 1293 1616 sacrarum
1324 1549 1802 1617 scientiarum
1832 1549 2276 1634 disciplinis,
2317 1553 2538 1616 antea
2578 1552 2992 1633 opportune
3029 1547 3212 1616 desi-

211 1656 500 1740 gnatis,
535 1656 848 1725 subeant
881 1656 1280 1724 secundum
1317 1658 1611 1734 modum
1647 1659 1743 1727 ab
1774 1656 2025 1724 eodem
2060 1657 2461 1725 Ordinario
2501 1655 3169 1725 determinandum.

400 1763 436 1846 ξ
482 1764 550 1830 2.
601 1765 693 1830 In
742 1764 1140 1833 collatione
1189 1763 1588 1833 officiorum
1638 1769 1716 1834 et
1755 1764 2270 1834 beneficiorum
2313 1765 2978 1833 ecclesiasticorum
3022 1765 3223 1833 ratio

212 1873 586 1940 habeatur
618 1890 871 1940 eorum
910 1872 1061 1958 qui,
1096 1873 1363 1941 ceteris
1405 1873 1735 1957 paribus,
1773 1874 1854 1939 in
1893 1860 2319 1942 memoratis
2355 1873 2707 1959 periculis
2740 1875 2977 1959 magis
3011 1891 3214 1958 prae-

213 1978 606 2047 stiterunt.

1515 2087 1693 2156 cm.
1734 2088 1885 2156 131.

396 2207 433 2290 ἓ
458 2209 525 2274 1.
558 2209 651 2274 In
670 2207 976 2275 civitate
1001 2206 1406 2291 episcopali
1426 2210 1502 2275 et
1521 2208 1600 2273 in
1628 2206 1949 2293 singulis
1967 2208 2453 2275 vicariatibus
2472 2207 2801 2276 foraneis
2822 2208 3119 2303 saepius
3141 2208 3221 2275 in

215 2333 446 2398 anno,
477 2315 740 2382 diebus
764 2311 1081 2382 arbitrio
1114 2314 1498 2383 Ordinarii
1525 2314 1670 2382 loci
1697 2315 2304 2400 praestituendis‚
2338 2319 2745 2383 conventus
2774 2316 3214 2399 habeantur,

215 2441 407 2508 quos
433 2422 868 2490 collationes
895 2441 1024 2490 seu
1058 2422 1554 2506 conset-entiae
1588 2427 1881 2506 vocant,
1918 2422 2011 2491 de
2040 2443 2119 2491 re
2144 2424 2410 2492 morali
2438 2428 2515 2493 et
2541 2424 2918 2509 liturgica3
2950 2424 3217 2510 quibus

214 2532 399 2599 addi
423 2535 741 2616 possunt
759 2531 952 2598 aliae
981 2531 1572 2615 exercitationes,
1602 2550 1787 2616 quas
1815 2532 2263 2600 Ordinarius
2290 2537 2750 2617 opportunas
2774 2533 3218 2604 iudicaverit

220 2638 322 2707 ad
348 2638 740 2706 scientiam
764 2642 840 2707 et
865 2638 1216 2723 pietatem
1248 2639 1685 2706 clericorum
1720 2640 2288 2724 promovendam
2322 2639 2375 2707 ².

402 2745 440 2829 ξ
485 2745 555 2812 2.
607 2746 691 2814 Si
728 2750 1134 2815 conventus
1174 2747 1429 2815 haberi
1467 2747 1764 2817 difficile
1810 2749 1938 2832 sit,
1980 2748 2349 2816 resolutae
2390 2748 2856 2833 quaestiones
2895 2750 3220 2834 scriptae

217 2854 653 2938 mittantur,
689 2855 1091 2923 secundum
1123 2872 1421 2922 normas
1460 2857 1556 2922 ab
1597 2856 2001 2925 Ordinario
2041 2855 2500 2927 statuendas.

399 2962 434 3045 ξ
480 2962 549 3030 3.
598 2962 1015 3033 conventui
1048 2964 1429 3048 interesse,
1465 2969 1624 3048 aut,
1660 2964 2045 3034 deficiente
2084 2971 2477 3050 conventu,
2518 2966 2874 3051 scriptam
2911 2985 3217 3033 casuum

216 3072 666 3140 solutionem
705 3072 1003 3141 mittere
1034 3073 1328 3155 debent,
1366 3074 1514 3141 nisi
1547 3094 1595 3142 a.
1637 3074 1782 3142 loci
1826 3073 2229 3142 Ordinario
2272 3075 2803 3158 exemptionem
2841 3079 3065 3142 antea
3101 3094 3214 3142 ex·

214 3201 473 3267 preme
509 3182 994 3265 obtinuerint,
1034 3188 1193 3251 tum
1238 3201 1490 3252 omnes
1526 3183 1945 3251 sacerdotes
1981 3184 2422 3266 saeculares,
2469 3189 2628 3253 tum
2677 3181 3003 3267 religiosi
3042 3182 3219 3251 licet

216 3290 546 3373 exempti
575 3306 833 3356 curam
864 3290 1280 3356 animarum
1314 3291 1667 3359 habentes
1691 3296 1768 3359 et
1790 3291 2042 3373 etiam,
2073 3292 2139 3358 si
2164 3290 2469 3358 collatio
2494 3291 2571 3357 in
2600 3309 2852 3357 eorum
2880 3291 3223 3359 domibus

219 3416 371 3465 non
400 3397 788 3478 habeatur,
818 3397 951 3464 alii
990 3397 1315 3482 religiosi
1347 3399 1473 3483 qui
1503 3400 1942 3467 facultatem
1972 3398 2326 3467 audiendi
2351 3397 2850 3466 confessiones
2877 3399 2972 3466 ab
3003 3399 3215 3466 Ordi-

222 3504 443 3570 nario
468 3504 954 3572 obtinuerunt
986 3505 1039 3573 ⁸.

1520 3613 1695 3680 ΟΛΝ.
1736 3612 1886 3681 132.

405 3738 442 3820 ξ
491 3740 557 3803 1.
606 3737 879 3806 Clerici
913 3739 994 3804 in
1029 3738 1434 3805 maioribus
1470 3736 1855 3805 ordinibus
1898 3737 2289 3807 constituti
2339 3757 2387 3805 a
2433 3738 2720 3823 nuptiis
2757 3743 3111 3807 arcentur
3146 3748 3219 3807 et

222 3845 632 3914 servandae
656 3846 1035 3915 castitatis
1062 3845 1510 3931 obligatione
1535 3846 1647 3915 ita
1681 3849 2057 3929 tenentur,
2092 3851 2177 3916 ut
2205 3851 2466 3915 contra
2498 3847 2801 3915 eandem
2832 3851 3225 3932 peccantes

223 3952 603 4038 sacrilegii
637 3971 923 4038 quoque
964 3954 1071 4021 rei
1111 3953 1287 4032 sint,
1331 3955 1537 4021 salvo
1567 3954 2030 4039 praescripto
2060 3973 2224 4023 can.
2260 3955 2416 4038 214,
2455 3956 2487 4039 §
2526 3959 2565 4022 1
2610 3954 2664 4021 ⁴.

397 4168 420 4203 ²
458 4169 524 4219 G.
557 4167 641 4228 15,
671 4168 739 4227 X,
772 4169 844 4218 de
875 4168 1001 4217 vita
1032 4171 1092 4218 et
1131 4169 1438 4220 honestate
1467 4168 1830 4227 clericorum,
1865 4169 1983 4230 111,
2015 4171 2065 4231 13
2096 4170 2239 4220 Plus
2267 4169 2366 4229 IX,
2401 4180 2493 4228 ep.
2526 4170 2744 4230 encycl.
2780 4185 2811 4220 α
2840 4166 3022 4219 Nemo
3063 4172 3220 4219 certe

228 4259 466 4318 morat
494 4271 546 4319 ι,
583 4257 649 4309 25
683 4262 858 4310 mart.
897 4259 1043 4321 1852:
1069 4272 1160 4320 ep.
1195 4262 1413 4322 encycl.
1448 4275 1480 4310 ι
1507 4257 1813 4310 Neminem
1842 4264 2104 4311 vestrum
2137 4273 2186 4320 ο,
2217 4259 2252 4309 2
2289 4260 2436 4310 tebr.
2474 4259 2621 4321 1854:
2649 4272 2740 4320 ep.
2775 4261 2993 4322 encxel.
3032 4274 3061 4310 α
3091 4256 3219 4308 δίη·

225 4350 427 4408 θυίαν-ί
459 4347 695 4408 quidem
728 4366 777 4410 ι,
814 4349 879 4401 17
910 4354 1086 4401 mart.
1123 4350 1270 4412 18:563
1307 4361 1399 4410 ep.
1433 4352 1651 4414 encycl.
1698 4365 1731 4401 ι
1772 4349 2229 4401 Amantissimus
2267 4367 2317 4412 »,
2351 4350 2387 4402 8
2416 4362 2544 4411 apr.
2581 4351 2727 4411 186ae
2762 4351 2881 4401 Leo
2914 4350 3080 4409 XIII,
3127 4361 3217 4409 ep.

227 4433 450 4491 encycl.
521 4433 680 4489 «ΡΜ
717 4436 814 4483 dal
848 4436 1140 4495 principio
1163 4455 1210 4491 2.
1245 4436 1274 4484 8
1309 4436 1428 4484 dec.
1465 4434 1624 4491 1902:
1672 4434 1812 4482 Pius
1845 4434 1915 4489 X,
1950 4433 2061 4483 lm.
2094 4433 2312 4493 encycl.
2382 4453 2412 4489 ς
2436 4433 2721 4482 Pascemli
2743 4456 2791 4492 ›.
2827 4439 2856 4487 8
2890 4441 3033 4497 sept,
3072 4441 3222 4490 1907,

390 4531 419 4567 ²
460 4529 606 4582 Plus
631 4530 729 4591 IX,
757 4540 847 4589 ep.
875 4530 1097 4591 encycl.
1128 4544 1159 4579 α
1188 4529 1492 4589 Sinculari
1524 4530 1758 4590 quidem
1787 4546 1836 4592 »,
1865 4532 1931 4583 17
1957 4535 2131 4584 mart.
2164 4531 2310 4589 1856:
2343 4530 2403 4583 S.
2434 4529 2499 4582 C.
2536 4531 2638 4589 Ep.
2673 4532 2736 4580 et
2765 4529 2929 4590 Reg„
2960 4529 3220 4589 Lucana,

226 4624 255 4672 1
297 4622 405 4672 iul.
442 4620 590 4682 1579:
631 4620 871 4680 callen..
904 4622 938 4671 2
964 4634 1098 4683 aug.
1142 4619 1288 4685 15943
1322 4622 1380 4674 S.
1413 4622 1478 4675 G.
1511 4622 1585 4676 de
1623 4623 1792 4683 Prop.
1833 4623 1996 4680 Fide,
2033 4624 2205 4675 lustr.
2252 4621 2354 4679 (ad
2385 4623 2508 4673 Vlc.
2544 4622 2647 4680 Ap.
2685 4620 2909 4671 Indlar.
2941 4620 3219 4681 orient),

225 4712 258 4763 8
284 4715 439 4773 sept.
479 4710 631 4773 1839,
663 4724 722 4764 n.
755 4713 837 4763 11.

393 4806 423 4842 ⁸
462 4803 821 4856 Benedictus
870 4803 1021 4865 XIV,
1074 4806 1259 4856 const.
1304 4819 1335 4854 ι
1364 4803 1703 4854 Firmandis
1734 4820 1783 4866 n,
1837 4806 1870 4857 6
1910 4818 2041 4856 nov.
2090 4805 2237 4864 1744,
2286 4805 2312 4863 5
2354 4804 2405 4864 ῦς
2446 4803 2565 4853 Leo
2606 4801 2771 4862 XIII,
2818 4804 3004 4854 const.
3053 4816 3082 4852 α
3112 4801 3222 4853 Ro-

227 4905 437 4945 manos
467 4891 782 4954 Pontifices
814 4907 863 4955 ι,
902 4893 938 4945 8
963 4894 1105 4946 mall
1138 4894 1284 4957 :8813
1317 4895 1375 4948 S.
1407 4895 1471 4948 O.
1509 4896 1614 4957 Dp.
1644 4899 1709 4947 et
1738 4895 1903 4956 neg„
1937 4896 2196 4951 Lucana,
2229 4895 2259 4945 1
2293 4893 2396 4944 lul.
2429 4893 2576 4952 1579:
2611 4891 2969 4950 Fert-arten„
3001 4893 3067 4944 13
3105 4897 3215 4944 oet.

227 4986 376 5047 lm&
407 4985 651 5045 vollen„
691 4987 725 5037 2
760 4998 894 5048 aug.
935 4987 1082 5050 15943
1112 4986 1423 5044 Patavina,
1459 4986 1525 5037 27
1555 4986 1699 5038 mail
1729 4986 1876 5046 159&
1908 4985 2065 5037 decr.
2099 4985 2164 5036 15
2200 4986 2316 5035 lan.
2352 4984 2498 5045 1682ς
2530 4981 2729 5034 castrt
2769 4981 2977 5042 Maris,
3013 4982 3046 5034 8
3078 4983 3219 5034 mall

226 5078 376 5138 1716,
410 5078 490 5129 ad
522 5078 659 5140 V11;
698 5079 756 5130 S.
790 5078 854 5130 C.
887 5078 976 5139 C..
1009 5075 1571 5138 For-oaemproncen„
1604 5078 1636 5129 3
1669 5079 1816 5136 sept.
1849 5076 1996 5138 1ὓόος
2027 5077 2061 5129 3
2092 5078 2206 5128 oct.
2240 5076 2388 5152 16ῗ1,
2430 5076 2509 5128 ad
2547 5077 2596 5126 1.

393 5172 423 5207 ⁴
455 5170 522 5223 0.
552 5172 606 5230 8,
646 5170 720 5222 D.
757 5170 990 5232 XXVII:
1023 5180 1074 5222 c.
1107 5170 1157 5230 2,
1189 5169 1239 5224 8.
1270 5170 1323 5229 9,
1355 5169 1427 5219 D.
1460 5168 1726 5230 XXVIII;
1752 5179 1801 5219 c.
1838 5165 1943 5230 1·3‚
1977 5168 2027 5229 7,
2059 5169 2141 5229 10,
2175 5169 2259 5229 14,
2293 5169 2363 5219 D.
2398 5168 2591 5229 XXXIg
2619 5178 2669 5217 c.
2703 5169 2755 5227 1,
2786 5166 2837 5226 2,
2878 5166 2983 5226 4-6,
3018 5167 3101 5226 10,
3135 5167 3220 5222 11.

225 5262 310 5322 13,
339 5264 423 5322 14,
456 5263 529 5312 D.
563 5260 796 5322 XXXII:
821 5272 872 5312 c.
894 5260 956 5321 ³1,
993 5260 1065 5311 D.
1093 5260 1354 5320 XXXIII:
1380 5271 1430 5310 c.
1463 5261 1547 5320 19,
1580 5260 1651 5310 D.
1685 5260 1928 5320 Lxxxl;
1954 5271 2005 5310 c.
2038 5261 2121 5320 40,
2150 5260 2216 5311 C.
2248 5259 2480 5320 XXVII,
2514 5269 2568 5321 q.
2601 5260 2651 5320 15
2685 5270 2735 5310 c.
2767 5258 2851 5319 13,
2889 5259 2956 5319 Χ,
2997 5261 3068 5310 de
3096 5258 3223 5308 vita

226 5358 286 5405 et
318 5355 632 5406 honestate
665 5351 1029 5412 clericorum,
1074 5351 1191 5412 111,
1226 5353 1274 5412 13
1306 5362 1356 5402 c.
1389 5353 1440 5412 1,
1471 5352 1522 5411 4,
1553 5351 1604 5412 5,
1636 5351 1703 5411 X,
1748 5352 1820 5402 de
1862 5350 2093 5403 clericis
2127 5351 2477 5411 contuentis,
2515 5351 2632 5412 III,
2667 5350 2716 5412 33
2747 5361 2799 5402 c.
2838 5351 2888 5410 1.
2926 5349 2976 5411 2,
3014 5351 3080 5411 X,
3122 5354 3222 5409 qut

227 5444 425 5493 clerici
457 5443 553 5493 vel
585 5441 869 5493 voventes
909 5439 1350 5491 matrimonium
1386 5440 1731 5491 contrahere
1769 5443 2034 5499 possunt,
2073 5441 2173 5500 IV,
2209 5441 2258 5502 ὃς
2289 5453 2338 5492 c.
2385 5442 2435 5502 4,
2472 5442 2536 5502 X,
2575 5441 2645 5490 de
2689 5439 3023 5490 excessibus
3059 5450 3223 5498 prac-
