3753 5871
465 365 577 423 410
1614 365 1811 415 Codes
1849 363 2011 415 lum
2058 362 2339 415 canonio&

1743 578 1921 644 CAN.
1981 578 2174 644 1400.

655 704 851 770 Usus
892 703 1249 767 librorum
1298 701 1390 769 de
1432 702 1696 786 quibus
1738 702 1816 767 in
1857 719 2024 768 can.
2079 703 2274 783 1399,
2323 721 2396 768 ιι.
2444 705 2509 784 1,
2555 720 2643 769 ac
2685 703 3041 770 librorum
3097 704 3474 771 editorum

477 814 739 877 contra
770 812 1307 893 praescriptum
1338 828 1502 876 can.
1536 810 1731 891 1391,
1772 810 1869 876 iis
1895 811 2287 877 dumtaxat
2317 811 2783 894 permittitur
2812 813 2937 896 qui
2968 811 3237 879 studiis
3268 811 3474 880 theo-

480 917 740 1001 logicis
774 918 889 984 vel
937 918 1225 983 biblicis
1264 917 1519 1001 quovis
1554 918 1769 984 modo
1802 937 2099 1002 operam
2145 918 2354 1000 dant,
2393 919 2787 985 dummodo
2824 920 3045 986 iidem
3084 919 3257 986 libri
3293 919 3473 987 fide·

481 1025 655 1091 liter
695 1031 770 1091 et
804 1026 1090 1109 integre
1123 1026 1305 1092 editi
1340 1025 1492 1092 sint
1537 1044 1768 1109 neque
1802 1027 2330 1109 impugnentur
2361 1026 2439 1092 in
2475 1045 2727 1094 eorum
2763 1027 3298 1112 prolegomenis
3331 1033 3478 1095 aut

479 1133 1087 1200 adnotationibus
1134 1133 1543 1199 catholicae
1582 1133 1750 1199 fidei
1793 1135 2139 1217 dogmata
2178 1133 2227 1200 ¹.

1746 1293 1924 1359 CAN.
1973 1292 2169 1358 1401.

659 1419 736 1485 S.
769 1418 859 1484 R.
901 1419 989 1485 Ε.
1023 1417 1484 1500 Cardinales,
1519 1418 1898 1501 Episcopi,
1934 1417 2160 1485 etiam
2190 1417 2561 1499 titulares,
2598 1418 2874 1502 aliique
2906 1415 3313 1497 Ordinarii,
3349 1434 3475 1483 ne·

477 1525 821 1592 cessariis
891 1525 1248 1592 adhibitis
1321 1525 1661 1605 cautelis,
1730 1525 2228 1592 ecclesiastica
2310 1524 2668 1592 librorum
2741 1524 3239 1608 prohibitione
3316 1540 3475 1590 non

478 1632 1078 1717 adstringuntur.

1756 1741 1933 1806 CAN.
1983 1740 2178 1806 1402.

654 1860 687 1941 §
736 1864 801 1926 1.
852 1862 1235 1928 ordinarii
1266 1862 1667 1943 licentiam,
1708 1862 1804 1928 ad
1838 1862 2067 1928 libros
2105 1863 2298 1946 quod
2329 1862 2604 1929 attinet
2641 1862 2803 1945 ipso
2833 1862 2997 1930 iure
3028 1860 3143 1928 vel
3174 1861 3480 1928 decreto

483 1967 694 2035 Sedis
729 1970 1201 2052 Apostolicae
1234 1971 1669 2054 prohibitoS,
1705 1972 2100 2037 concedere
2144 1971 2300 2036 suis
2334 1970 2654 2037 subditis
2687 1971 2940 2038 valent
2982 1987 3119 2053 pro
3156 1968 3480 2053 singulis

482 2080 775 2144 tantum
809 2078 1022 2143 libris
1053 2081 1276 2162 atque
1309 2080 1387 2144 in
1418 2080 1714 2145 casibus
1754 2080 2146 2146 dumtaxat
2182 2078 2617 2161 urgentibus
2653 2076 2705 2142 ².

657 2184 690 2264 ξ
737 2183 805 2248 2.
853 2183 1065 2263 Quod
1102 2186 1166 2251 si
1199 2184 1610 2266 generalem
1653 2204 1701 2251 a
1736 2186 1922 2253 Sede
1956 2186 2387 2269 Apostolica
2429 2185 2865 2252 facultatem
2908 2182 3481 2267 impetraverint

481 2292 637 2357 suis
676 2291 995 2359 subditis
1033 2293 1512 2375 permittendi
1550 2298 1635 2360 ut
1670 2294 1900 2359 libros
1940 2294 2397 2377 proscriptos
2445 2293 2816 2361 retineant
2854 2310 2941 2359 ac
2980 2292 3257 2376 legant,
3307 2306 3476 2357 eam

483 2400 776 2466 nonnisi
808 2418 975 2466 cum
1007 2399 1295 2467 delectu
1337 2404 1413 2467 et
1445 2401 1646 2467 iusta
1678 2419 1763 2467 ac
1808 2401 2236 2467 rationabili
2272 2419 2497 2467 causa
2536 2400 2945 2467 concedant
2980 2398 3031 2466 ³.

1752 2561 1930 2628 CAN.
1989 2561 2182 2628 1403.

658 2678 691 2759 ξ
740 2681 805 2743 1.
856 2678 1001 2758 Qui
1037 2681 1471 2748 facultatem
1510 2682 1992 2764 apostolicam
2026 2682 2401 2748 consecuti
2447 2685 2625 2749 sunt
2657 2681 2946 2766 legendi
2990 2687 3064 2748 et
3103 2679 3475 2747 retinendi

482 2784 710 2853 libros
751 2788 1186 2869 prohibitore,
1227 2793 1595 2887 nequeunt
1632 2790 1799 2856 ideo
1828 2789 2067 2873 legere
2101 2794 2176 2857 et
2212 2790 2529 2857 retinere
2562 2790 2792 2856 libros
2835 2788 3199 2873 quoslibet
3231 2806 3276 2854 a
3313 2787 3476 2854 suis

484 2892 906 2961 Ordinariis
955 2896 1436 2980 proscriptos,
1482 2896 1628 2963 nisi
1669 2898 1747 2963 in
1787 2897 2195 2981 apostolico
2244 2898 2541 2965 indulto
2582 2915 2926 2982 expressa
2971 2896 3229 2964 iisdem
3269 2895 3476 2963 facta

482 3001 715 3068 fuerit
746 3008 1076 3086 potestas
1108 3005 1397 3086 legendi
1436 3009 1510 3072 et
1550 3005 1917 3072 retinendi
1949 3005 2180 3072 libros
2210 3024 2254 3072 a
2288 3006 2736 3090 quibuslibet
2765 3005 3156 3072 damnatos
3187 3005 3238 3072 ⁴.

659 3109 692 3190 ξ
740 3110 806 3175 2.
859 3111 1175 3194 Insuper
1229 3112 1434 3195 gravi
1484 3117 1879 3196 praecepto
1935 3117 2284 3181 tenentur
2330 3114 2560 3181 libros
2617 3114 3029 3198 prohibitos
3072 3114 3185 3180 ita
3227 3116 3470 3180 custo·

483 3216 759 3299 diendi,
810 3223 897 3285 ut
929 3218 1005 3283 hi
1051 3219 1145 3285 ad
1184 3220 1497 3285 aliorum
1541 3238 1804 3287 manus
1845 3240 1986 3287 non
2031 3222 2469 3305 perveniant
2504 3223 2555 3289 ⁵.

1730 3377 1932 3444 cm.
1985 3377 2179 3444 1404.

656 3499 1042 3565 Librorum
1071 3500 1490 3567 venditores
1520 3500 1748 3568 libros
1775 3501 1867 3568 de
1897 3502 2228 3568 obscenis
2255 3521 2342 3567 ex
2373 3502 2707 3585 professo
2733 3505 3146 3568 tractantes
3179 3519 3268 3566 ne
3303 3518 3471 3566 ven·

477 3605 688 3688 dant,
725 3608 1211 3689 commodent,
1261 3609 1653 3691 retineant;
1687 3614 1970 3677 ceteros
2015 3611 2427 3693 prohibitos
2465 3609 2759 3676 venales
2805 3628 2896 3675 ne
2932 3609 3276 3689 habeant,
3326 3607 3477 3674 nisi

482 3714 806 3780 debitam
852 3715 1228 3782 licentiam
1270 3735 1315 3782 a
1360 3717 1547 3784 Sede
1587 3718 2018 3801 Apostolica
2063 3718 2651 3800 impetraverint,
2700 3735 2878 3783 neve
2919 3716 3264 3799 cuiquam
3307 3732 3476 3782 ven-

483 3821 693 3904 dant,
738 3821 882 3888 nisi
916 3823 1319 3905 prudenter
1358 3824 1783 3893 existimare
1818 3826 2109 3909 possint
2147 3828 2241 3892 ab
2272 3830 2600 3909 emptore
2641 3824 2966 3909 legitime
3001 3823 3155 3907 peti
3193 3822 3243 3889 ⁸.

1748 3984 1927 4051 CAN.
1977 3985 2169 4049 1405.

662 4105 695 4187 ἓ
744 4108 809 4171 1.
862 4106 1192 4173 Licentia
1232 4125 1279 4173 a
1319 4108 1574 4190 quovis
1614 4107 1916 4174 obtenta-
1957 4107 2162 4174 nullo
2203 4108 2418 4174 modo
2461 4108 2625 4190 quis
2665 4107 3016 4173 eximitur
3057 4124 3100 4172 a
3153 4103 3476 4189 prohibi·

479 4214 682 4280 tione
718 4214 907 4280 iuris
941 4215 1313 4281 naturalis
1348 4214 1635 4298 legendi
1674 4216 1904 4282 libros
1943 4217 2067 4299 qui
2114 4215 2261 4299 ipsi
2297 4215 2711 4298 proximum
2760 4213 3154 4298 spirituale
3191 4213 3471 4297 pericu·

480 4320 634 4387 lum
668 4325 1078 4404 praestant.

662 4533 682 4567 ¹
721 4533 838 4583 Leo
871 4533 1034 4592 x111‚
1072 4537 1256 4584 const.
1294 4548 1325 4583 α
1364 4532 1698 4592 omniorum
1732 4545 1805 4582 ac
1836 4544 2144 4582 mfanerum
2178 4548 2227 4593 ι,
2268 4533 2333 4585 25
2369 4534 2486 4584 lan.
2525 4533 2674 4593 lam.
2720 4546 2777 4584 n.
2815 4532 2867 4592 5,
2896 4531 2949 4592 0,
2980 4532 3030 4593 8;
3069 4532 3127 4584 S.
3160 4532 3226 4584 O.
3260 4530 3472 4590 Indlc„

482 4624 546 4674 23
587 4624 729 4674 mall
765 4622 911 4683 1898,
948 4624 1025 4675 ad
1066 4624 1116 4683 1:
1147 4623 1212 4673 21
1246 4625 1367 4674 iun.
1411 4622 1559 4682 1898,
1595 4623 1674 4674 ad
1705 4625 1756 4674 1.
2159 4625 2162 4626 ’

650 4716 677 4752 ²
720 4715 837 4786 Igeo
871 4714 1037 4773 XIII,
1069 4717 1254 4765 const.
1291 4729 1321 4762 α
1355 4712 1689 4772 Officiorum
1722 4725 1793 4762 ao
1823 4726 2129 4764 munerum
2163 4728 2212 4774 ι,
2251 4715 2316 4765 25
2349 4716 2468 4764 lan.
2503 4713 2653 4773 1897,
2696 4725 2753 4764 ιι.
2789 4712 2871 4763 25.

651 4806 678 4840 ³
724 4806 839 4855 Leo
862 4805 1026 4865 XIII,
1060 4808 1245 4857 const.
1275 4820 1305 4854 ι
1333 4802 1663 4864 officiorum
1698 4818 1769 4855 ac
1794 4818 2101 4856 munerum
2132 4820 2182 4864 n,
2209 4804 2275 4855 25
2299 4804 2417 4855 lan.
2449 4803 2598 4862 1895,
2624 4816 2682 4854 n.
2710 4804 2791 4864 25:
2818 4803 2876 4856 Β.
2908 4803 2975 4855 O.
3007 4802 3082 4854 de
3107 4803 3277 4863 Prop.
3309 4801 3476 4860 Fide,

482 4895 653 4945 instr.
684 4906 880 4945 mense
908 4894 1032 4945 dec.
1062 4895 1209 4946 1897.

655 4989 684 5023 ⁴
722 4985 861 5047 Reg.
899 4985 983 5045 81,
1019 4986 1088 5035 R.
1125 4987 1163 5037 J
1171 5023 1205 5046 .,
1240 4986 1303 5036 ln
1336 4986 1463 5047 V1⁰;
1493 4987 1611 5037 Leo
1642 4986 1809 5045 xln,
1847 4989 2033 5037 const.
2071 5001 2101 5035 α
2139 4985 2472 5044 omniorum
2516 4996 2587 5035 ae
2618 4995 2927 5035 munerum
2969 4997 3020 5043 n,
3057 4982 3123 5034 25
3159 4982 3278 5033 lan.
3324 4980 3473 5040 1897.

480 5089 538 5128 ιι.
567 5077 649 5139 26ς
682 5077 824 5128 Pius
850 5078 917 5135 X.
947 5077 1063 5128 utt.
1099 5079 1318 5138 encyel.
1351 5093 1380 5127 α
1414 5076 1703 5127 pascendi
1731 5093 1781 5136 n,
1808 5076 1844 5129 8
1872 5080 2021 5136 sept.
2053 5076 2200 5136 1907:
2224 5079 2387 5128 motu
2418 5087 2611 5136 propr.
2642 5089 2673 5124 ι
2702 5072 3018 5123 Sacrorum
3044 5071 3387 5121 antistitum
3419 5084 3470 5130 ι,

479 5169 512 5219 1
545 5169 694 5227 sept.
727 5167 875 5225 1910.
909 5179 966 5216 ιι.
1004 5166 1119 5228 111;
1152 5165 1210 5218 S.
1243 5167 1309 5218 Ο.
1342 5166 1551 5226 ludio..
1584 5167 1618 5218 6
1648 5167 1770 5219 dec.
1809 5167 1958 5219 1895.

659 5262 686 5298 ⁵
722 5259 838 5310 Leo
868 5258 1035 5318 xnI,
1076 5261 1260 5310 const.
1297 5272 1328 5307 ι
1362 5257 1696 5317 officiorum
1735 5269 1807 5307 ao
1834 5269 2143 5308 nannetum
2181 5272 2232 5317 ιι,
2266 5257 2333 5308 95
2363 5258 2481 5307 lan.
2519 5254 2669 5314 1897,
2701 5266 2759 5304 ιι.
2793 5252 2876 5305 20.

658 5350 685 5385 ⁸
720 5351 837 5400 Leo
862 5349 1029 5408 XIII,
1055 5352 1240 5400 const.
1273 5365 1303 5399 α
1330 5347 1664 5409 officiorum
1688 5361 1760 5398 ac
1783 5360 2092 5399 munerum
2119 5364 2169 5409 n,
2203 5348 2269 5399 23
2294 5348 2415 5398 lan.
2444 5344 2593 5404 1897,
2624 5357 2682 5395 n.
2712 5344 2795 5405 ως
2823 5344 2966 5395 Plus
2998 5344 3065 5402 X,
3103 5342 3221 5395 ntt.
3249 5341 3471 5401 encycl.

479 5456 509 5490 ι
538 5439 825 5490 Ραεοεπαί
851 5456 900 5500 n,
932 5441 966 5491 8
990 5443 1139 5500 sept.
1170 5439 1317 5501 190·st
1340 5442 1503 5491 motu
1534 5450 1726 5499 propr.
1762 5454 1793 5489 ι
1822 5438 2138 5490 Sacrorum
2167 5436 2509 5488 antistitum
2546 5450 2595 5496 n,
2624 5437 2656 5486 1
2693 5438 2842 5494 sept.
2873 5435 3023 5492 1910,
3061 5445 3120 5483 ιι.
3156 5432 3272 5493 ΙΙΙς
3301 5430 3362 5483 S.
3400 5430 3470 5483 O.

481 5531 540 5583 S.
569 5530 684 5583 Off.
720 5531 1016 5592 (ot-egon).
1047 5531 1081 5583 6
1101 5544 1235 5593 aug.
1267 5531 1414 5591 1856,
1439 5530 1518 5582 ad
1545 5532 1595 5592 12
1619 5530 1677 5582 S.
1711 5530 1775 5582 Ο.
1802 5529 1875 5581 de
1904 5530 2073 5591 Prop.
2101 5529 2247 5581 mdo
2277 5527 2367 5587 (C.
2405 5529 2468 5579 P.
2497 5539 2602 5588 pro
2626 5525 2749 5578 Sin.
2768 5551 2837 5562 —
2855 5524 3063 5584 siam),
3091 5522 3158 5576 26
3178 5523 3303 5574 lun.
3323 5520 3473 5574 182⁰.
