3753 5871
594 314 707 373 568
1742 313 1941 364 Gom
1978 312 2139 364 laris
2188 310 2468 363 canonici

1889 538 2067 606 OAN.
2098 537 2294 605 2077.

778 673 1106 742 Litterae
1141 675 1703 759 postulatoriae,
1739 677 2008 761 quibus
2045 694 2402 761 personae
2441 677 2885 762 insigniores
2922 678 3003 744 in
3042 677 3414 762 dignitate
3439 676 3549 743 sive

601 783 1104 852 ecclesiastica
1154 784 1307 852 sive
1346 784 1553 852 civili
1601 786 2057 854 constitutae
2099 786 2215 853 vel
2259 802 2614 870 personae
2663 784 2983 853 morales
3022 782 3489 869 expostulant
3514 800 3546 849 ι

605 893 908 961 Summo
944 891 1302 960 Pontifice
1346 897 1432 960 ut
1464 910 1734 962 causae
1767 893 2341 961 beatificationis
2382 893 2703 961 alicuius
2741 892 2952 961 Servi
2988 892 3133 960 Dei
3165 910 3429 959 manus
3457 910 3544 976 sp

602 1003 951 1084 ponatur,
1009 998 1299 1067 utiliter
1351 1000 1815 1082 exhibentur,
1871 1000 2268 1068 dummodo
2332 1004 2593 1084 sponte
2643 1004 2722 1069 et
2772 1020 2862 1068 ex
2916 1001 3234 1085 propria
3294 1000 3551 1067 scientis

601 1109 824 1177 datae
850 1109 1006 1179 sint
1048 1108 1098 1177 ².
2170 1096 2175 1105 ’

1893 1218 2070 1285 OAN.
2100 1216 2297 1285 2078.

779 1357 888 1441 Si,
913 1358 1217 1445 scriptis
1237 1359 1645 1444 perpensis,
1669 1360 2044 1428 decretum
2070 1360 2301 1428 fuerit
2323 1360 2420 1428 ad
2444 1360 2803 1429 ulteriora
2829 1350 3128 1445 procedi
3155 1378 3399 1445 posse,
3424 1358 3552 1424 Pro

602 1468 844 1533 motor
878 1466 1245 1547 generalis
1289 1465 1461 1535 fidei
1506 1466 1952 1535 obiectiones
1996 1485 2171 1535 suas
2215 1476 2469 1536 exaret
2504 1471 2765 1536 contra
2804 1485 3074 1536 causae
3108 1466 3551 1535 introductio

605 1590 795 1655 nem,
839 1574 1107 1657 quibus
1147 1573 1589 1658 respondeat
1626 1574 2031 1642 advocatus
2065 1593 2358 1643 causae.

1890 1751 2066 1819 OAN.
2098 1750 2295 1818 2070.

782 1891 817 1973 ξ
865 1892 930 1955 1.
981 1891 1194 1959 Fidei
1236 1893 1627 1961 Promotor
1665 1893 2033 1976 generalis
2072 1894 2607 1962 obiectionibus
2645 1895 2740 1962 ab
2780 1895 2945 1980 ipso
2992 1911 3132 1979 pro
3170 1912 3443 1962 causae
3482 1894 3553 1959 in·

603 1996 1073 2067 traductione
1116 2000 1651 2068 concinnandis
1704 2002 2143 2085 praemittat
2186 2002 2505 2069 sobriam
2550 2006 2628 2070 et
2680 2003 3148 2087 perspicuam
3199 2001 3554 2089 synopsin,

604 2122 793 2189 quae
829 2104 1040 2174 Servi
1075 2107 1215 2175 Dei
1246 2107 1477 2176 vitam
1522 2109 1867 2179 exhibeat
1911 2110 1962 2176 ².

781 2216 817 2297 ξ
862 2215 929 2315 2.
977 2217 1098 2284 Ad
1123 2217 1312 2285 hanc
1337 2219 1713 2304 synopsim
1738 2207 2344 2289 conscribendam
2367 2221 2719 2289 adhibeat
2738 2238 2885 2288 non
2914 2218 3134 2288 modo
3157 2219 3557 2287 document:

600 2324 681 2390 in
719 2326 1123 2394 summario
1152 2326 1415 2433 relata,
1456 2328 1580 2396 sed
1613 2330 1837 2397 etiam
1869 2330 2047 2412 alia,
2087 2331 2154 2397 si
2186 2349 2330 2415 qua
2362 2326 2993 2414 sint‚'opportune
3024 2327 3475 2396 consulenda
3500 2324 3539 2385 ⁸·

1890 2509 2067 2577 OAN.
2103 2509 2299 2577 2080.

780 2647 1246 2717 obiectiones
1269 2655 1345 2720 et
1372 2650 1885 2733 responsiones
1909 2652 2231 2719 breviter
2254 2656 2330 2720 et
2362 2651 2771 2735 perspicue,
2807 2650 3264 2718 scholastica
3290 2650 3440 2718 fere
3458 2666 3557 2713 me

603 2755 856 2838 thodo,
882 2757 1281 2824 secundum
1303 2762 1587 2825 veteres
1612 2758 1884 2827 Sacrae
1907 2758 2523 2845 Oongregationis
2548 2758 3148 2834 consuetudines,
3177 2761 3558 2826 exarentur·

1900 2940 2075 3006 CAN.
2107 2938 2303 3005 2081.

774 3081 1353 3150 Informationes
1387 3082 1628 3149 orales
1664 3099 1812 3149 non
1856 3081 2093 3148 solum
2131 3081 2225 3148 ad
2270 3081 2578 3162 iudices,
2616 3080 2742 3148 sed
2779 3081 3003 3148 etiam
3047 3079 3149 3147 ad
3183 3099 3318 3148 eos
3356 3093 3557 3148 omne·

606 3189 733 3272 qui
776 3188 1214 3274 suffragium
1256 3189 1453 3257 ferre
1491 3189 1785 3270 debent,
1841 3194 1995 3257 tam
2039 3189 2118 3256 in
2163 3190 2312 3257 isto
2356 3188 2635 3256 iudicio
2673 3206 2891 3273 quam
2945 3188 3023 3255 in
3066 3188 3370 3270 ceteris,
3421 3202 3560 3270 quse

605 3299 955 3362 secutura
992 3298 1193 3377 sunt,
1243 3295 1753 3380 prohibentur.

1897 3421 2073 3490 om.
2107 3421 2301 3489 2082.

780 3563 1146 3631 Iudicium
1179 3565 1380 3631 circa·
1405 3565 1725 3632 valorem
1756 3582 2143 3649 processus
2173 3563 2634 3631 informativi
2663 3563 2758 3629 ab
2785 3561 3195 3630 ordinario
3220 3557 3552 3632 instructi,

603 3672 806 3739 circa
875 3673 1150 3740 famam
1216 3672 1645 3741 sanctitatis
1714 3672 1829 3741 vel
1897 3672 2244 3758 martyrii
2307 3677 2384 3741 et
2444 3673 2647 3740 circa
2711 3671 3126 3739 absentiam
3202 3665 3554 3737 cuiuslibet

603 3782 969 3850 obstaculi
998 3782 1476 3866 peremptorii
1505 3782 1888 3867 profertur
1919 3801 1965 3849 a
1994 3782 2349 3850 Patribus
2376 3779 2904 3849 cardinalibus
2938 3780 3018 3846 in
3049 3778 3384 3847 comitiis
3406 3772 3553 3843 ordi-

606 3888 866 3971 nariis,
903 3889 1291 3957 Oardinali
1321 3890 1653 3958 Ponente
1686 3889 2051 3958 referente
2090 3908 2176 3957 ac
2219 3893 2674 3974 proponente
2704 3888 3010 3955 dubium
3040 3907 3056 3952 ε
3104 3906 3208 3953 an
3246 3879 3558 3970 siquando

606 4000 706 4064 sit
735 3990 1148 4066 commissio
1178 4000 1252 4064 in
1264 3999 1756 4066 troductionis
1787 4017 2051 4066 causae
2088 3999 2168 4064 in
2206 4018 2380 4065 casu
2420 4003 2493 4065 et
2531 4001 2624 4064 ad
2655 3998 2995 4082 effectum
3027 3999 3117 4062 de
3148 4014 3300 4080 quo
3329 3993 3552 4079 ayitur.

1889 4176 2068 4244 om.
2103 4175 2299 4243 2083.

783 4317 816 4399 §
865 4320 931 4384 1.
983 4319 1065 4387 Si
1105 4318 1417 4387 Patrum
1458 4319 1971 4388 cardinalium
2004 4319 2361 4386 iudicium
2395 4319 2628 4388 fuerit
2664 4317 3100 4400 favorabile,
3138 4315 3554 4403 proponatur

609 4425 1094 4495 sanctissimo
1126 4432 1211 4495 ut
1239 4427 1506 4511 signet,
1547 4429 1610 4496 si
1639 4429 1956 4513 placeat,
1996 4428 2579 4495 commissionem
2607 4426 3190 4494 introductionis
3222 4436 3490 4492 caum·

779 4533 813 4616 ξ
860 4533 926 4600 2.
981 4533 1060 4603 Si
1113 4535 1643 4604 Sanctissimus
1700 4537 2283 4604 commissionem
2332 4536 2763 4621 signaverit,
2820 4535 3292 4603 secretarius
3340 4532 3556 4600 Sacae

607 4642 1222 4728 Oongregationis
1258 4644 1395 4712 hac
1437 4644 1530 4711 de
1567 4664 1644 4711 re
1679 4644 2051 4712 decretum
2091 4644 2438 4711 conficiat
2482 4649 2556 4712 et
2593 4643 2873 4728 publici
2910 4642 3101 4709 iuris
3136 4642 3393 4709 faciat.

1882 4824 2058 4891 CAN.
2110 4824 2307 4890 2084.

787 4965 821 5046 ξ
870 4968 933 5031 1.
985 4966 1213 5034 Edito
1243 4967 1541 5034 decreto
1574 4966 2151 5034 introductionis
2178 4983 2482 5053 causae,
2519 4964 2903 5032 Ordinarii
2938 4962 3128 5029 nihil
3166 4962 3365 5028 ultra
3402 4955 3551 5022 circ·

608 5089 767 5138 eam
805 5092 1023 5158 agere
1059 5078 1372 5157 possunt
1409 5074 1568 5143 sine
1614 5092 1959 5158 expressa
1997 5074 2300 5143 licentia
2346 5073 2616 5140 Sacrae
2654 5070 3297 5156 congregationis.

790 5297 809 5332 ¹
851 5297 909 5350 S.
945 5298 1013 5348 B.
1047 5297 1134 5358 0.,
1161 5297 1318 5349 decr.
1353 5299 1419 5350 15
1443 5301 1558 5350 oct.
1593 5298 1740 5357 16⁷8,
1771 5299 1798 5360 fi
1827 5300 1876 5359 1,
1909 5311 1968 5348 n.
1999 5298 2071 5357 ‘10;
2099 5299 2268 5349 instr.
2303 5310 2338 5348 a
2389 5295 2536 5348 1878.

784 5396 809 5430 ²
854 5389 911 5442 S.
945 5389 1015 5439 R.
1049 5389 1136 5449 (3.,
1167 5387 1322 5440 decr.
1361 5387 1426 5440 20
1454 5400 1588 5451 aug.
1626 5389 1775 5450 1013,
1806 5401 1863 5440 n.
1898 5389 1999 5439 VI.

787 5485 812 5522 ³
853 5480 910 5532 S.
945 5480 1015 5530 R.
1049 5480 1136 5540 0.,
1167 5480 1321 5531 decr.
1361 5480 1425 5531 20
1454 5492 1587 5542 aug.
1628 5481 1774 5540 1913,
1806 5493 1862 5530 n.
1898 5481 1998 5530 VI.
