3753 5871
475 362 582 420 104
1612 362 1814 415 00600
1850 361 2011 413 tana
2058 361 2341 414 Οοκοβίοί

1773 565 1952 635 oin.
1987 565 2142 634 382.

659 691 695 774 ξ
741 693 808 758 1.
857 687 1340 759 Tabularium
1370 691 1489 758 vel
1526 691 1933 757 armarium
1970 708 2345 775 nunquam
2379 690 2765 775 aperiatur
2800 708 2936 758 nec
2973 690 3222 775 sigilla
3255 690 3349 757 ab
3383 707 3468 756 eo

480 803 1020 881 removeantur,
1050 800 1195 866 nisi
1223 802 1532 885 urgente
1556 799 1997 867 necessitate
2021 803 2097 866 et
2121 799 2216 865 ab
2242 798 2409 883 ipso
2438 798 2741 866 Vicario
2769 797 3190 883 capitulari
3218 815 3465 865 coram

476 911 766 977 duobus
815 908 1194 977 canonicis
1245 909 1358 975 vel
1410 906 1866 976 dioecesanis
1923 906 2498 990 consultoribus,
2570 905 2697 991 qui
2758 904 3112 990 evigilent
3170 922 3262 972 ne
3317 921 3464 987 qua

481 1016 858 1101 scriptura
890 1034 932 1084 e
966 1014 1340 1082 tabulario
1375 1013 1788 1099 auferatur3
1825 1013 2030 1082 solus
2074 1018 2321 1081 autem
2367 1014 2717 1081 vicarius
2752 1012 3214 1097 Capitularis
3250 1012 3462 1080 docu-

357 1178 366 1186 .
479 1128 731 1191 menta
767 1124 846 1190 in
887 1122 1259 1190 tabulario
1297 1126 1678 1190 asservata
1718 1125 1991 1207 potest,
2042 1120 2303 1189 iisdem
2339 1121 2719 1189 canonicis
2764 1120 2882 1189 vel
2919 1120 3468 1188 consultoribus

477 1232 978 1314 adstantibus,
1017 1232 1405 1316 inspicere,
1450 1249 1827 1317 nunquam
1869 1235 2119 1298 tamen
2159 1230 2479 1297 auferre.
2525 1228 2927 1294 Archivum
2975 1230 3251 1309 autem,
3296 1228 3465 1310 post

478 1341 1034 1427 inspectionem,
1077 1340 1349 1409 iterum
1391 1339 1663 1424 sigillis
1701 1338 2156 1422 obsignetur.

659 1448 693 1531 ξ
739 1447 807 1514 2.
856 1446 1300 1515 Advenienti
1340 1463 1529 1512 novo
1567 1445 1963 1529 Episcopo,
2007 1445 2072 1511 si
2114 1443 2364 1529 sigilla
2404 1407 2685 1511 remota
2734 1443 3018 1510 fuerint
3067 1445 3145 1510 et
3182 1442 3462 1509 tabula·

481 1556 675 1623 rium
712 1560 846 1624 aut
884 1554 1287 1621 armarium
1328 1556 1697 1638 apertum,
1745 1552 2095 1619 vicarius
2133 1551 2597 1636 capitularis
2645 1551 3006 1618 rationem
3048 1550 3310 1617 reddat
3349 1568 3462 1614 ur-

477 1667 723 1753 gentis
759 1663 1247 1747 necessitatis,
1291 1681 1437 1749 qua
1477 1662 1574 1730 ad
1611 1663 1747 1730 hoc
1782 1664 2028 1729 motus
2063 1660 2320 1729 fuerit.

1783 1817 1963 1887 om.
2000 1816 2155 1885 383.

650 1940 685 2022 ξ
734 1943 798 2006 1.
847 1940 1133 2008 Ourent
1175 1941 1526 2026 Episcopi
1580 1945 1669 2009 ut
1718 1942 2188 2009 archivorum
2234 1960 2519 2027 quoque
2561 1941 3033 2010 ecclesiarum
3086 1929 3466 2010 cathedra-

482 2047 692 2130 lium,
737 2046 1324 2131 collegiatarum,
1370 2047 1923 2131 paroecialium,
1973 2067 2254 2117 necnon
2307 2049 3010 2118 confraternitatum
3054 2055 3130 2118 et
3176 2050 3466 2134 piorum

480 2154 809 2222 locorum
849 2153 1270 2223 inventaria
1314 2172 1442 2222 seu
1479 2156 1803 2241 catalogi
1835 2155 2329 2225 conficiantur
2365 2156 2653 2224 duobus
2690 2157 3255 2242 exemplaribus,
3298 2175 3464 2242 quo·

483 2282 647 2330 rum
683 2263 1000 2330 alterum
1035 2262 1113 2330 in
1156 2263 1462 2347 proprio
1494 2263 1819 2347 archivo,
1854 2266 2172 2333 alterum
2209 2265 2288 2332 in
2331 2265 2634 2333 archivo
2664 2265 3064 2350 episcopali
3109 2270 3465 2345 servetur,

481 2369 696 2437 firmo
725 2370 1189 2454 praescripto
1224 2388 1389 2438 can.
1424 2369 1579 2452 470,
1619 2371 1653 2454 ἓ
1686 2371 1756 2454 3,
1792 2371 1988 2455 1522,
2033 2391 2159 2440 nn.
2193 2373 2262 2455 2,
2295 2372 2365 2456 3,
2410 2372 2607 2455 1523,
2648 2392 2720 2442 n,
2756 2374 2800 2441 6
2844 2371 2894 2439 ¹.

661 2476 696 2558 ξ
741 2476 808 2542 2.
860 2477 1313 2544 Documenta
1356 2477 1754 2563 originalia
1795 2497 1884 2546 ex
1929 2480 2331 2563 praedictis
2364 2479 2686 2546 archivis
2730 2498 2821 2546 ne
2855 2479 3286 2560 efferantur,
3325 2477 3469 2544 nisi

485 2585 582 2653 ad
619 2601 948 2651 normam
987 2599 1151 2650 can.
1193 2583 1326 2651 378
1379 2586 1430 2654 ².
1785 2636 1940 2704 CAN
2001 2639 2132 2705 384

661 2760 694 2841 ξ
743 2762 807 2825 1.
859 2759 1322 2827 Documenta
1360 2778 1547 2846 quae
1585 2762 1664 2827 in
1710 2761 2220 2844 paroeciarum
2270 2764 2346 2829 et
2387 2762 2783 2829 Curiarum
2826 2761 3147 2828 archivis
3187 2761 3324 2828 sub
3366 2779 3466 2827 se·

481 2872 688 2935 creto
726 2866 1087 2934 servanda
1136 2886 1282 2935 non
1330 2873 1532 2951 sunt,
1572 2867 1660 2938 fit
1703 2869 2011 2940 cuilibet
2046 2870 2262 2937 cuius
2299 2868 2601 2938 intersit
2639 2869 3081 2955 inspiciendi
3120 2872 3469 2954 potestas;

484 2976 806 3059 itemque
829 2975 1259 3059 postulandi
1286 2980 1372 3045 ut
1402 2995 1537 3043 sua
1566 2977 1897 3061 impensa
1923 2977 2062 3045 sibi
2090 2978 2501 3063 legitimum
2527 2996 2778 3046 eorum
2806 2977 3183 3062 exemplar
3204 2977 3467 3045 exscri-

485 3080 707 3148 batur
737 3088 813 3151 et
850 3082 1200 3150 tradatur
1246 3083 1300 3151 ⁸.

661 3190 694 3271 ἓ
742 3190 808 3256 2.
860 3191 1308 3285 cancellarii
1355 3195 1603 3258 autem
1650 3191 2075 3272 Ouriarum,
2129 3193 2456 3275 parochi,
2508 3193 2784 3278 aliique
2841 3192 3306 3260 archivorum
3353 3212 3470 3260 cu·

485 3297 734 3364 stodes
759 3298 840 3364 in
866 3298 1496 3366 communicandis
1521 3298 1983 3365 documentis
2012 3302 2090 3366 et
2121 3317 2372 3366 eorum
2408 3300 2949 3385 exemplaribus
2976 3299 3474 3368 describendis

485 3404 1011 3489 tradendisque
1046 3406 1341 3490 regulas
1367 3411 1658 3475 servent
1683 3426 1729 3474 a
1757 3406 2090 3493 legitima
2123 3407 2573 3475 auctoritate
2602 3407 3099 3475 ecclesiastica
3126 3408 3370 3488 datas,
3400 3412 3475 3475 et

484 3512 561 3578 in
589 3513 886 3579 casibus
921 3513 1171 3580 dubiis
1204 3513 1349 3581 loci
1382 3514 1861 3582 Ordinarium
1892 3514 2311 3583 consulant.

616 3779 786 3843 Aur.
835 3776 947 3842 111.
989 3812 1068 3823 —
1110 3779 1209 3840 Do
1246 3777 1831 3841 examinatoribus
1883 3775 2345 3856 synodalibus,
2385 3777 2447 3838 et
2479 3778 2800 3856 parochis
2840 3776 3351 3842 consutoribus&

1788 3945 1966 4013 CAN.
2004 3945 2157 4013 385.

666 4071 701 4153 ξ
748 4073 813 4137 1.
864 4072 952 4138 In
994 4073 1252 4155 quavis
1278 4072 1593 4140 dioecesi
1631 4071 2047 4140 habeantur
2076 4071 2618 4138 examinatores
2647 4069 3034 4157 synodales
3065 4076 3142 4138 et
3171 4068 3473 4155 parochi

487 4179 947 4246 consultores
986 4180 1110 4264 qui
1153 4198 1403 4247 omnes
1450 4179 1531 4247 in
1572 4180 1870 4267 Synodo
1907 4181 2492 4262 constituantur,
2536 4179 2898 4264 propositi
2947 4179 3040 4246 ab
3080 4178 3473 4263 Episcopo,

484 4304 531 4352 a
576 4285 873 4371 Synodo
908 4287 1302 4371 approbati
1346 4287 1401 4354 ⁴.

668 4393 703 4475 ξ
752 4393 817 4460 2.
868 4394 1009 4462 'rot
1047 4395 1424 4480 eligantur
1463 4399 1641 4478 quot
1671 4395 2097 4480 Episcopus
2146 4394 2497 4479 prudenti
2541 4412 2674 4460 suo
2713 4391 2989 4459 iudicio
3029 4391 3480 4459 necoesarios

484 4505 951 4581 iudicaverit,
990 4524 1131 4572 non
1172 4508 1419 4572 tamen
1457 4503 1666 4571 infra
1700 4509 2045 4590 quatuor,
2085 4521 2215 4570 nec
2251 4504 2453 4570 ultra
2487 4501 2867 4589 duodecim
2906 4498 2959 4565 ⁸.

667 4731 685 4765 ι
726 4730 1080 4781 Benedictus
1106 4729 1271 4789 xm,
1302 4712 1487 4781 const.
1520 4744 1549 4777 ι
1582 4728 1845 4779 Maxima
1876 4728 2188 4788 vigmanno
2221 4745 2269 4788 ».
2301 4730 2366 4780 14
2404 4730 2523 4780 nm.
2559 4729 2705 4789 1727,
2743 4730 2768 4790 s
2805 4730 2856 4789 s,
2887 4729 2938 4789 s,
2969 4730 3020 4789 s,
3061 4728 3142 4779 24.

654 4821 681 4857 ²
730 4819 786 4869 S.
820 4819 884 4871 C.
920 4820 1024 4878 Ep.
1056 4822 1119 4870 et
1149 4818 1311 4878 Rea..
1348 4816 1692 4870 Ariminen..
1725 4819 1758 4870 3
1786 4822 1963 4870 mart.
1999 4817 2146 4879 1837.
2181 4818 2258 4870 ad
2296 4817 2346 4880 33
2380 4816 2438 4871 S.
2471 4819 2535 4869 Ο.
2568 4818 2656 4877 0.,
2702 4816 3144 4878 antipolitana,
3179 4817 3249 4869 15
3276 4820 3476 4878 mart..

483 4908 549 4959 m
577 4918 703 4967 apr.
738 4907 885 4967 1828,
918 4908 996 4959 ad
1030 4907 1080 4959 3.

657 4999 684 5035 ³
727 4997 1082 5048 Benedictus
1119 4996 1271 5054 XIV.
1311 4999 1497 5049 const.
1533 5012 1562 5045 ι
1596 4997 1685 5046 Ad
1720 4996 2121 5047 honorandam
2151 5011 2199 5057 »,
2242 4997 2305 5049 27
2337 4999 2511 5048 mart.
2549 4996 2697 5057 1⁷52,
2743 4996 2770 5057 5
2804 4997 2869 5048 16
2901 5008 2998 5057 sq,-

660 5091 689 5126 ⁴
727 5086 901 5137 conc:
938 5085 1227 5145 Trident„
1263 5098 1406 5137 sess.
1442 5086 1641 5145 XXIV,
1678 5086 1749 5135 de
1782 5086 1919 5144 ret„
1954 5098 2003 5138 c.
2041 5087 2122 5147 18;
2166 5084 2224 5137 S.
2263 5086 2327 5138 C.
2365 5086 2644 5146 Consist„
2689 5085 2843 5137 decr.
2881 5099 2912 5134 ι
2945 5082 3211 5135 Maxima
3247 5094 3393 5134 cura
3429 5099 3479 5145 ι,

487 5177 552 5230 a)
586 5189 720 5237 aug.
753 5177 903 5237 1910,
936 5187 1064 5227 can.
1099 5176 1148 5235 4,
1182 5176 1209 5237 ς
1247 5177 1298 5238 1;
1324 5177 1358 5227 3
1384 5179 1497 5227 oct.
1531 5176 1678 5235 1910,
1711 5175 1790 5227 ad
1818 5177 1869 5236 1,
1904 5174 2006 5235 4-7ς
2046 5174 2104 5226 S.
2137 5175 2202 5227 C.
2235 5175 2322 5233 C..
2356 5173 2683 5233 zamoren„
2724 5186 2921 5225 mense
2951 5174 3099 5226 febr.
3133 5173 3284 5233 1588,
3317 5173 3399 5225 ad
3433 5176 3483 5235 4;

495 5266 887 5324 venetiarum,
934 5267 1000 5316 11
1059 5266 1162 5316 lul.
1224 5264 1369 5326 1502,
1420 5264 1725 5323 Toletano,
1774 5277 1973 5316 mense
2018 5267 2193 5316 mart.
2244 5264 2390 5325 159&
2443 5261 2682 5314 valven.
2733 5267 2792 5314 et
2840 5260 3198 5321 Sulmonem,
3246 5262 3281 5314 3
3327 5267 3482 5324 sept.

487 5354 634 5416 1050,
675 5355 753 5407 ad
789 5356 838 5405 1.

658 5449 685 5482 ³
726 5445 900 5496 conc.
937 5445 1225 5506 Trident„
1263 5457 1405 5496 sess.
1451 5443 1650 5506 XXIV,
1698 5446 1769 5495 ao
1802 5444 1938 5504 ros„
1972 5454 2021 5494 c.
2059 5444 2140 5505 18;
2177 5442 2235 5494 S.
2268 5442 2332 5495 C.
2366 5442 2644 5503 Constet„
2682 5441 2837 5495 decr.
2876 5458 2905 5491 ι
2939 5440 3205 5492 Maxima
3238 5453 3381 5493 eura
3431 5458 3480 5502 n,

484 5533 548 5584 20
579 5544 712 5594 aug.
747 5534 895 5594 1910,
940 5544 1068 5584 can.
1115 5535 1164 5594 4,
1205 5534 1232 5595 ς
1266 5535 1317 5585 1.
