3753 5871
1262 1330 2137 1445 PRAEFATIO

369 2188 451 2258 Id
497 2187 650 2258 fuit
695 2192 1050 2258 constans
1120 2185 1528 2258 catholicae
1594 2185 1967 2258 Ecclesiae
2012 2186 2500 2275 propositum,
2547 2207 2635 2258 ex
2699 2207 2848 2277 quo
2912 2187 3203 2275 potissi-

207 2352 392 2402 mum
435 2338 781 2421 tempore
829 2329 1114 2421 imperii
1162 2330 1449 2403 romani
1497 2331 1697 2422 leges
1758 2337 1937 2402 sunt
1983 2330 2061 2400 in
2110 2329 2399 2419 Corpus
2461 2330 2641 2401 iuris
2710 2330 3071 2414 redactae,
3120 2336 3204 2400 ut

203 2474 377 2546 sacri
442 2475 634 2548 item
703 2495 1031 2546 canones
1093 2475 1169 2546 in
1239 2496 1475 2546 unum
1537 2473 2078 2565 colligerentur,
2139 2474 2393 2564 sicque
2442 2495 2698 2546 eorum
2773 2472 3083 2546 scientia
3130 2478 3206 2545 et

205 2622 374 2689 usus
402 2623 476 2690 et
506 2617 994 2689 observantia
1041 2616 1323 2689 facilior
1351 2617 1751 2708 unicuique
1791 2617 2019 2689 tieret.
2055 2617 2552 2705 Quamobrem
2597 2616 2781 2687 nihil
2822 2615 3087 2688 mirum
3138 2618 3205 2688 si

207 2759 861 2831 ecclesiasticarum
925 2759 1168 2850 legum
1231 2759 1552 2851 syllogae
1599 2760 1782 2831 satis
1849 2745 2120 2832 multae
2184 2761 2499 2832 decursu
2545 2759 2903 2849 temporis
2960 2761 3205 2832 confe-

211 2908 358 2973 ctae
402 2903 802 2993 editaeque
850 2908 1047 2975 sunt.

371 3047 542 3135 Quo
611 3048 692 3118 in
749 3067 1040 3137 genere,
1102 3069 1322 3121 nemo
1390 3070 1570 3121 sane
1632 3049 1946 3140 ignorat,
1995 3050 2214 3141 legeS,
2261 3070 2452 3141 quae
2522 3054 2696 3120 ante
2762 3049 3202 3121 Gratianum

214 3188 419 3273 (intra
461 3211 647 3261 ann.
700 3189 1125 3282 1140-1150)
1173 3192 1367 3264 latae
1415 3196 1612 3278 sunt,
1658 3196 1781 3264 ius
1833 3197 2241 3281 antiquum,
2292 3198 2545 3264 nostra
2590 3213 2888 3283 quoque
2943 3197 3208 3276 aetate,

213 3333 593 3422 appellari;
645 3355 837 3425 quae
876 3356 922 3404 a
955 3324 1308 3406 Gratiano
1354 3336 1452 3406 ad
1500 3334 1909 3407 Concilium
1962 3336 2472 3407 Tridentinum
2520 3339 2720 3428 (ann.
2760 3336 3210 3428 1545-1563),

211 3478 320 3546 iae
357 3498 652 3564 novum,
706 3477 844 3548 etsi
893 3476 1039 3547 iam
1088 3477 1309 3548 nobis
1353 3477 1918 3569 antiquissimae
1966 3483 2175 3565 sunt;
2232 3499 2423 3568 quae
2470 3478 2789 3569 denique
2846 3482 3015 3568 post
3062 3478 3211 3548 Tri-

213 3617 577 3691 dentinam
617 3620 1025 3708 synodum,
1059 3626 1182 3693 ius
1210 3625 1702 3693 novissimum.
1737 3621 1874 3692 Vix
1908 3626 2156 3693 autem
2205 3621 2445 3693 dicere
2491 3621 2777 3706 attinet,
2810 3621 2984 3692 novi
3031 3621 3212 3692 iuris

213 3763 787 3851 collectionibus,
836 3765 927 3837 de
989 3767 1280 3856 quibus
1323 3765 1629 3838 inferius
1693 3766 2087 3857 agendum,
2142 3765 2326 3838 iuris
2384 3766 2603 3838 etiam
2670 3765 2956 3858 antiqui
3014 3766 3214 3858 leges

213 3909 583 3997 contineri,
631 3930 763 3980 eas
812 3908 1164 3995 videlicet,
1212 3930 1404 4000 quae
1458 3914 1632 3980 ante
1691 3908 2024 3982 Gratiani
2076 3915 2413 3998 tempora
2460 3910 2967 4001 promulgatae
3017 3915 3213 3983 sunt.

378 4053 461 4123 In
510 4059 896 4142 comperto
928 4053 1146 4125 etiam
1198 4058 1334 4140 est,
1364 4053 1650 4145 antiqui
1683 4054 1865 4125 iuris
1897 4053 2219 4145 syllogas
2254 4052 2541 4142 privato
2574 4053 2884 4125 consilio
2916 4075 3216 4144 compo-

212 4193 380 4268 sitas
423 4219 596 4269 esse
644 4203 720 4269 et
783 4197 996 4270 Sedis
1063 4197 1527 4286 Apostolicae
1600 4198 1916 4270 iniussu.
1976 4197 2356 4269 Prioribus
2411 4197 2756 4285 saeculis,
2811 4198 3216 4271 canonicae

213 4339 523 4431 syllegae
561 4342 748 4412 nihil
782 4342 984 4413 aliud
1035 4342 1331 4413 fuerunt
1378 4343 1518 4413 nisi
1568 4343 1777 4432 ipsae
1814 4344 2036 4434 legeS,
2070 4342 2500 4431 praesertim
2536 4362 2583 4413 a
2616 4337 2967 4414 Conciliis
2999 4342 3216 4427 latae,

217 4482 456 4556 ordine
503 4485 868 4574 temporis
914 4485 1349 4575 dispositae3
1397 4507 1585 4576 quas
1634 4486 1827 4557 inter
1858 4492 2187 4576 praestat
2219 4491 2432 4557 vetus
2477 4485 2812 4558 collectio
2845 4506 3213 4556 canonum

216 4627 302 4696 ab
329 4627 818 4700 orientalibus
852 4629 1223 4716 Conciliis,
1255 4631 1687 4721 praesertim
1724 4631 2073 4716 Nicaen0,
2100 4631 2491 4715 editorum,
2518 4652 2709 4720 quae
2742 4629 3214 4720 antiquarum

218 4771 723 4844 collectionum
774 4773 922 4844 fere
972 4774 1302 4845 omnium
1353 4776 1567 4864 quasi
1616 4774 2058 4865 principium
2111 4780 2184 4844 et
2232 4775 2394 4845 fons
2441 4773 2786 4845 habenda
2836 4779 2968 4844 est.
3006 4772 3219 4843 Hanc

219 4912 616 4988 Dmmsms
641 4917 982 4988 Exmtms
1008 4917 1085 4987 in
1108 4917 1414 4989 latinam
1439 4917 1769 5008 linguam
1796 4917 2176 5003 convertit,
2211 4923 2738 5007 praetereaque
2764 4938 3029 4988 aureas
3055 4915 3220 4987 illas

216 5057 610 5132 decretales
643 5059 998 5151 epistolas
1029 5062 1538 5132 Romanorum
1575 5062 2017 5134 Pontificum
2049 5062 2338 5153 collegit
2373 5081 2564 5152 quae
2598 5060 2917 5131 saeculis
2945 5060 3039 5129 IV
3064 5066 3138 5130 et
3161 5059 3222 5128 V

215 5204 668 5294 conscriptae
709 5212 910 5277 sunt.
946 5205 1155 5296 Opus
1186 5227 1358 5278 vero
1392 5206 1724 5293 Dionysii
1759 5206 2050 5296 Exigui,
2083 5226 2252 5277 cum
2288 5206 2486 5295 apud
2530 5206 2944 5275 Romanam
2984 5204 3224 5276 Eccle-

215 5343 387 5415 siam
434 5345 509 5416 in
561 5369 789 5418 usum
840 5350 1188 5437 venisset,
1222 5350 1539 5422 multum
1588 5348 2030 5421 auctoritate
2078 5347 2333 5435 valuit,
2364 5349 2469 5418 ita
2513 5353 2621 5434 ut,
2668 5347 3223 5420 accessionibus

214 5494 528 5578 auctum,
560 5490 660 5561 ab
709 5489 1093 5562 Hadriano
1128 5512 1321 5581 papa
1357 5492 1623 5562 Carolo
1658 5492 2110 5562 Francorum
2143 5490 2296 5581 regi
2330 5490 2545 5580 quasi
2580 5490 2925 5581 proprius
2955 5490 3221 5560 Rorna-
