3753 5871
1248 300 1425 351 biber
1454 297 1759 350 Secundus
1798 324 1818 335 ·
1854 298 1941 349 De
1983 297 2257 349 Pmoun
3140 294 3246 355 185

1540 505 1718 575 om.
1764 506 1916 573 638.

423 648 818 718 Indultum
847 648 1196 716 manendi
1223 652 1435 716 extra
1459 648 1817 731 claustra,
1856 649 2011 716 sive
2046 649 2601 734 temporarium,
2642 651 2835 717 idest
2866 650 3240 718 indultum

261 759 934 843 mlaustrationis,
973 760 1125 827 sive
1173 764 1635 844 perpetuum,
1681 760 1876 828 idest
1914 759 2289 828 indultum
2331 759 3041 844 saecularizationis,
3081 761 3242 828 sola

260 870 477 938 Sedes
510 871 944 955 Apostolica
973 870 1054 937 in
1089 869 1569 955 religionibus
1608 870 1799 936 iuris
1837 869 2204 954 pontificii
2244 871 2422 938 dare
2455 875 2719 954 potest3
2753 871 2833 937 in
2870 871 3235 955 religioni-

257 977 385 1044 bus
416 978 616 1045 iuris
648 978 1063 1045 dioecesani
1097 979 1323 1046 etiam
1362 979 1501 1045 loci
1551 977 1999 1046 Ordinarius
2041 975 2091 1044 ¹.

1565 1171 1743 1239 CAN.
1786 1171 1939 1238 639.

419 1314 576 1394 Qui
609 1314 986 1382 indultum
1023 1313 1677 1381 exclaustrationis
1711 1314 1808 1380 ab
1851 1314 2288 1398 Apostolica
2328 1313 2515 1381 Sede
2552 1312 3006 1397 impetravit,
3050 1313 3247 1379 votis

252 1422 662 1506 ceterisque
692 1439 870 1490 suae
900 1421 1383 1505 professionis
1415 1421 2016 1507 obligationibus,
2054 1440 2239 1506 quae
2270 1439 2437 1488 cum
2481 1441 2616 1489 suo
2657 1427 2862 1489 statu
2904 1423 3243 1507 componi

254 1536 593 1612 possunt,
627 1533 878 1597 manet
910 1529 1334 1614 obstrictus;
1374 1531 1809 1598 exteriorem
1846 1536 2093 1597 tamen
2136 1530 2352 1597 debet
2392 1531 2691 1597 habitus
2728 1531 3054 1615 religiosi
3097 1531 3240 1597 for-

253 1655 445 1704 mam
486 1637 875 1721 deponere3
919 1638 1370 1721 perdurante
1412 1643 1740 1722 tempore
1773 1638 2052 1706 indulti
2084 1643 2290 1706 caret
2322 1656 2495 1705 voce
2529 1639 2776 1706 activa
2810 1644 2886 1707 et
2921 1639 3242 1723 passiva,

252 1749 371 1815 sed
428 1749 710 1833 gaudet
763 1747 1175 1833 privilegiis
1218 1767 1414 1816 mere
1470 1748 1989 1833 spiritualibus
2035 1766 2212 1815 suae
2259 1748 2661 1833 religionis,
2711 1755 2785 1815 et
2844 1748 3246 1816 Ordinario

253 1855 619 1923 territorii
654 1856 782 1922 ubi
811 1859 1335 1938 commoratur,
1372 1857 1533 1924 loco
1565 1856 2044 1940 Superiorum
2081 1857 2425 1941 propriae
2459 1856 2863 1941 religionis,
2900 1856 3245 1923 subditur

249 1966 474 2033 etiam
521 1965 813 2034 ratione
844 1967 999 2034 voti
1034 1965 1490 2034 obedientiae
1525 1965 1580 2033 ¹.

1557 2161 1735 2229 CAN.
1774 2160 1928 2228 640.

428 2300 465 2383 fi
515 2302 583 2367 1.
632 2300 804 2385 Qui,
841 2302 1243 2386 impetrato
1277 2301 1962 2369 saecularizationis
1996 2301 2315 2383 indulto,
2367 2301 2792 2387 religionem
2837 2301 3235 2385 relinquit:

517 2412 618 2475 1.·
660 2409 728 2475 A
759 2428 895 2476 sua
932 2410 1284 2495 religione
1314 2414 1732 2494 separatur,
1775 2410 2077 2478 habitus
2105 2410 2430 2478 eiusdem
2463 2410 2898 2478 exteriorem
2931 2410 3245 2476 formam

247 2518 467 2586 debet
514 2517 904 2602 deponere,
944 2522 1023 2586 et
1057 2518 1138 2585 in
1180 2517 1412 2585 Missa
1449 2522 1525 2587 et
1565 2519 1768 2586 horis
1805 2519 2209 2602 canonicis,
2254 2520 2336 2587 in
2386 2537 2525 2586 usu
2569 2524 2644 2587 et
2692 2518 3246 2602 dispensatione

254 2627 904 2695 Sacramentorum
952 2626 1457 2695 saecularibus
1493 2627 1977 2711 assimilatum

512 2733 616 2799 2.*
657 2736 727 2800 Α
753 2735 948 2803 votis
975 2735 1339 2803 liberatus
1366 2740 1641 2818 manet,
1681 2734 1917 2805 firmis
1950 2737 2295 2805 oneribus
2332 2737 2578 2805 ordini
2616 2739 2878 2806 maiori
2911 2738 3243 2821 adnexis,

253 2846 312 2912 si
335 2847 419 2913 in
448 2844 687 2912 sacris
711 2844 967 2928 tuerit3
994 2862 1141 2911 non
1171 2849 1470 2913 tenetur
1496 2845 1946 2930 obligatione
1979 2846 2200 2913 floras
2224 2847 2620 2913 canonicas
2652 2846 2728 2912 vi
2762 2847 3247 2931 professionls

252 2955 621 3025 recitandi
660 2973 792 3024 nec
833 2956 1007 3023 aliis
1041 2955 1319 3040 regulis
1352 2961 1427 3025 et
1458 2956 2122 3024 constitutionibus
2162 2957 2661 3041 adstringitur
2700 2953 2726 2987 ³

434 3066 471 3149 fi
516 3066 587 3133 2.
640 3066 722 3135 Si
767 3086 856 3135 ex
892 3068 1303 3151 apostolico
1341 3067 1636 3137 indulto
1677 3069 1755 3135 in
1797 3068 2223 3154 religionem
2270 3087 2528 3135 rursus
2569 3068 2999 3151 recipiatur,
3046 3066 3241 3133 novi·

254 3178 528 3248 tiatum
574 3196 664 3246 ac
706 3178 1238 3263 professionem
1273 3179 1654 3247 instaurat
1688 3184 1764 3247 et
1801 3180 2043 3247 locum
2089 3179 2289 3247 inter
2327 3179 2699 3263 professos
2736 3177 3021 3245 obtinet
3050 3196 3098 3243 a
3125 3177 3247 3245 die

254 3308 488 3359 novae
518 3289 1024 3374 professionis.

1551 3413 1729 3482 CAN.
1771 3413 1924 3480 641.

436 3554 473 3637 fi
521 3556 588 3621 1.
640 3554 725 3622 Si
762 3554 1152 3639 religiosus
1189 3555 1269 3622 in
1309 3555 1545 3622 sacris
1590 3554 2048 3623 constitutus
2097 3553 2474 3638 propriam
2525 3554 2913 3622 dioecesim
2950 3554 3045 3622 ad
3078 3574 3240 3623 nor·

253 3682 449 3732 mam
478 3683 646 3732 can.
682 3665 814 3732 585
845 3683 990 3733 non
1019 3666 1380 3747 amiserit,
1409 3666 1651 3748 debet,
1685 3684 1831 3732 non
1861 3665 2237 3734 renovatis
2260 3666 2481 3748 votis,
2511 3666 2626 3732 vel
2664 3667 2967 3734 obtento
3002 3683 3244 3733 saecu·

254 3775 722 3844 larizationis
755 3776 1074 3858 indulto,
1105 3777 1202 3845 ad
1229 3776 1607 3861 propriam
1640 3773 1883 3845 redire
1913 3776 2301 3844 dioecesim
2340 3781 2415 3844 et
2442 3795 2486 3842 a
2517 3777 2819 3861 proprio
2849 3776 3254 3844 Ordinario

258 3886 511 3970 recipi3
540 3885 605 3953 si
635 3885 995 3968 amiserit,
1028 3886 1285 3969 nequit
1315 3889 1530 3954 extra
1566 3885 1993 3971 religionem
2025 3903 2275 3953 sacros
2305 3883 2600 3953 ordines
2629 3903 2989 3967 exercere,
3020 3885 3251 3952 donec

254 3996 706 4082 Episcopum
749 3995 1175 4063 benevolum
1218 3999 1662 4080 receptorem
1701 3995 2092 4078 invenerit,
2128 3999 2264 4062 aut
2298 3994 2524 4062 Sedes
2562 3995 2994 4079 Apostolica
3026 3994 3251 4060 aliter

255 4105 668 4190 providerit
707 4102 759 4170 ⁴.

431 4215 468 4298 ξ
512 4214 582 4280 2.
632 4214 1048 4299 Episcopus
1094 4216 1519 4301 religiosum
1566 4217 1893 4301 recipere
1935 4221 2179 4301 potest
2225 4217 2378 4285 sive
2433 4235 2617 4301 pure
2660 4219 2737 4283 et
2782 4215 3246 4300 simpliciter,

258 4324 407 4393 sive
439 4342 579 4409 pro
610 4325 1113 4408 experimento
1150 4325 1247 4393 ad
1286 4326 1690 4394 triennium
1720 4345 1737 4390 ε
1787 4325 1866 4392 in
1900 4327 2148 4411 priore
2178 4344 2356 4394 casu
2392 4326 2782 4411 religiosus
2815 4344 2900 4392 eo
2932 4325 3096 4408 ipso
3136 4328 3250 4392 est

254 4436 573 4504 dioecesi
595 4435 1133 4518 incardinatus;
1157 4435 1235 4501 in
1267 4437 1531 4518 altero,
1560 4435 1976 4520 Episcopus
1999 4440 2242 4520 potest
2270 4435 2730 4519 probationis
2762 4440 3053 4517 tempus
3086 4450 3247 4517 pro·

258 4565 545 4631 rogare,
577 4565 724 4614 non
750 4545 954 4613 ultra
986 4551 1231 4614 tamen
1267 4547 1473 4614 aliud
1508 4545 1937 4629 triennium3
1968 4544 2360 4630 quostiam
2389 4548 2796 4625 transacto,
2832 4542 3249 4627 religiosus,

258 4654 403 4723 nisi
435 4658 664 4722 antea
703 4655 1055 4723 dimissus
1088 4656 1345 4739 fuerit,
1385 4656 1548 4741 ipso
1579 4657 1784 4724 facto
1817 4654 2136 4724 dioecesi
2170 4653 2686 4721 incardinatus
2721 4655 2994 4719 manet.

435 4900 458 4936 ¹
494 4900 617 4951 Leo
652 4899 819 4960 x111,
851 4902 1036 4952 const.
1073 4916 1104 4950 κ
1135 4900 1421 4952 conditae
1452 4912 1489 4949 a
1524 4899 1760 4951 onusto
1799 4914 1848 4961 n,
1879 4899 1913 4952 8
1948 4899 2071 4952 dec.
2104 4900 2252 4959 1000,
2288 4899 2315 4960 ς
2346 4901 2397 4959 1,
2428 4911 2486 4949 ιι.
2519 4898 2689 4957 VIII,
2724 4898 2752 4959 ς
2792 4899 2843 4958 2,
2875 4910 2932 4948 ιι.
2968 4897 3049 4958 ΙΙ;
3083 4896 3142 4949 S.
3179 4897 3245 4950 Ο.

261 4989 319 5040 Β.
356 4988 477 5042 Off.
524 4987 751 5049 (Novae
793 4988 1116 5050 Aureliae),
1154 4989 1189 5040 2
1222 5002 1355 5050 aug.
1394 4989 1541 5051 18763
1580 4988 1639 5042 S.
1678 4988 1743 5041 Ο.
1794 4990 1899 5050 Dp.
1937 4992 2000 5041 et
2044 4989 2207 5049 Res..
2254 4987 2531 5038 viennen.
2574 4988 2633 5035 et
2673 4984 2879 5036 Sancti
2918 4983 3249 5045 Hippolyti,

259 5078 324 5131 w
352 5081 505 5139 sept.
547 5077 698 5137 1840,
734 5077 813 5129 ad
846 5080 897 5140 15
928 5077 1327 5140 fleo-bipolen„
1364 5080 1398 5131 9
1440 5079 1560 5130 iun.
1595 5078 1743 5140 18543
1783 5076 2173 5133 Bellovacen„
2208 5076 2273 5127 21
2306 5086 2434 5136 apr.
2470 5075 2616 5144 1908;
2651 5075 2709 5127 S.
2747 5075 2812 5128 C.
2860 5086 3036 5135 super
3071 5072 3249 5126 statu

260 5167 666 5229 negantium,
697 5165 914 5218 declar.
945 5167 1013 5218 12
1048 5168 1170 5218 lun.
1202 5167 1351 5228 1858,
1381 5181 1439 5218 ιι.
1474 5168 1555 5228 11;
1586 5167 1646 5220 S.
1678 5168 1742 5220 O.
1784 5167 1859 5219 de
1889 5166 2059 5226 Prop.
2102 5165 2248 5216 Flde
2290 5164 2378 5224 (Ο.
2414 5162 2532 5225 0.),
2566 5163 2630 5214 24
2662 5175 2797 5225 aug.
2841 5163 2987 5215 1885.

431 5259 459 5295 ²
505 5254 566 5307 Β.
598 5253 665 5306 0.
704 5253 780 5305 de
811 5253 1144 5316 Religionis,
1176 5256 1209 5307 1
1239 5258 1388 5315 sept.
1424 5256 1571 5308 1912.

434 5349 462 5385 ³
502 5346 564 5397 Β.
595 5343 666 5395 R.
700 5342 787 5404 0.,
829 5345 1132 5394 Amr-coac
1161 5343 1656 5405 Septentrionem
1686 5355 1792 5396 seu
1822 5343 2251 5403 Rezioiosonam
2282 5342 2346 5392 in
2375 5339 2775 5401 missionibus,
2815 5340 2880 5390 27
2909 5342 3057 5399 sept.
3100 5338 3250 5391 1873.

433 5438 463 5475 ⁴
504 5437 564 5490 Β.
593 5436 661 5488 0.
688 5435 795 5496 Dp.
821 5437 885 5487 et
909 5435 1073 5497 Rea„
1104 5434 1259 5487 decr.
1288 5450 1319 5485 α
1350 5435 1554 5485 Aucus
1578 5436 1893 5486 admodum
1924 5447 1973 5494 n,
1998 5434 2031 5483 4
2055 5442 2185 5482 nov.
2213 5429 2361 5490 1892,
2387 5442 2446 5481 ιι.
2471 5430 2522 5491 53
2553 5430 2820 5486 Abaton..
2846 5428 2911 5480 20
2934 5439 3066 5479 nov.
3098 5427 3248 5481 1895.
