3753 5871
477 260 554 319 42
1623 263 1820 315 Gom
1857 262 2020 314 lar-te
2070 263 2351 314 canonici

484 454 847 538 scriptum
902 471 947 520 a
990 452 1533 520 scrutatoribus
1584 453 2049 538 exquiratur,
2101 454 2249 521 nisi
2292 454 2516 523 aliter
2569 454 3150 539 particularibus
3194 455 3478 542 legibus

486 564 600 629 vel
636 562 989 646 legitimis
1025 561 1685 629 consuetudinibus
1718 561 1955 631 fuerit
1987 562 2505 631 constitutum.

1778 721 1955 788 CAN.
2005 721 2156 788 169.

665 846 699 928 ξ
747 848 812 912 1.
865 846 1319 933 suffragium
1354 853 1469 915 est
1505 848 1818 928 nullum,
1864 847 2011 914 nisi
2042 847 2318 914 tuerit:

753 958 850 1021 1.⁰
897 954 1262 1040 Liberum;
1313 960 1388 1023 et
1450 955 1619 1023 ideo
1666 955 2077 1022 invalidum
2128 959 2245 1024 est
2306 954 2771 1040 suffragium,
2831 956 2894 1022 si
2949 955 3224 1023 elector
3273 960 3473 1022 metu

485 1063 694 1148 gravi
726 1068 861 1131 aut
887 1062 1085 1137 dolo,
1125 1063 1405 1132 directe
1435 1064 1554 1131 vel
1583 1063 1970 1146 indirecte,
2012 1063 2326 1131 adactus
2357 1064 2590 1131 fuerit
2620 1064 2715 1131 ad
2750 1064 3161 1150 eligendam
3195 1070 3474 1134 certam

487 1187 875 1253 personam
918 1177 1055 1237 aut
1089 1170 1342 1255 plures
1377 1170 1845 1253 disiunctive3

744 1276 842 1344 2.⁰
889 1277 1293 1361 Secretum,
1337 1284 1647 1361 certum,
1686 1278 2135 1362 absolutum,
2172 1278 2754 1347 determinatum.
2792 1277 2842 1346 ¹.

660 1388 693 1470 g
740 1387 806 1454 2.
857 1388 1339 1456 conditiones
1383 1393 1558 1457 ante
1603 1387 2032 1456 electionem
2088 1386 2451 1472 suffragio
2493 1385 2882 1472 appositae
2924 1391 3280 1473 tanquam
3327 1405 3477 1456 non

482 1493 815 1562 adiectae
844 1499 1240 1562 censentur
1275 1493 1329 1561 ².

1774 1602 1954 1670 CAN·
2002 1602 2154 1669 170.

664 1727 1118 1812 Suffragium
1168 1726 1607 1811 sibimetipsi
1645 1744 1854 1795 nemo
1890 1726 2136 1794 valide
2169 1724 2350 1794 dare
2387 1731 2630 1810 potest
2665 1725 2717 1792 ³.

1777 1882 1956 1950 om.
2004 1881 2155 1948 171.

663 2003 697 2087 ξ
746 2008 811 2071 1.
860 2007 1056 2075 Ante
1086 2006 1516 2075 electionem
1556 2025 1689 2091 per
1718 2011 2006 2074 secreta
2036 2004 2396 2088 suffragia
2425 2005 2903 2089 deputentur,
2950 2004 3096 2072 nisi
3130 2003 3278 2070 iam
3312 2021 3475 2088 pro·

485 2111 673 2196 priis
710 2113 1019 2182 statutis
1048 2113 1392 2199 deputati
1430 2113 1607 2197 sint,
1641 2135 1681 2182 e
1713 2115 1995 2197 gremio
2023 2113 2318 2197 collegii
2346 2113 2497 2181 duo
2528 2113 2790 2180 saltem
2825 2117 3303 2193 scrutatores,
3349 2110 3480 2195 qui

488 2237 637 2287 una
669 2239 836 2288 cum
874 2222 1237 2306 praeside,
1279 2222 1344 2289 si
1388 2229 1462 2291 et
1500 2223 1657 2307 ipse
1701 2243 1741 2290 e
1779 2222 2058 2309 gremio
2094 2221 2388 2306 collegii
2425 2222 2551 2303 sit,
2595 2223 3110 2291 iusiurandum
3152 2224 3475 2308 interpo-

485 2332 672 2396 nant
706 2329 797 2397 de
844 2349 1144 2398 munere
1183 2329 1501 2399 fideliter
1547 2331 1922 2416 implendo
1961 2349 2049 2399 ac
2087 2331 2179 2398 de
2217 2335 2499 2398 secreto
2538 2330 2898 2398 servando
2937 2331 3138 2399 circa
3185 2336 3358 2399 acta
3392 2333 3476 2398 in

480 2435 828 2519 comitiis,
870 2437 1093 2504 etiam
1125 2438 1417 2521 expleta
1449 2439 1803 2507 electione
1850 2439 1901 2504 ⁴.

662 2544 696 2625 ξ
743 2542 810 2610 2.
863 2543 1335 2613 Scrutatores
1371 2550 1637 2614 curent
1679 2554 1765 2616 ut
1813 2547 2174 2631 suffragia
2214 2482 2520 2620 secreto,
2571 2544 2993 2629 diligenter,
3035 2546 3478 2633 singillatim

483 2656 561 2720 et
604 2656 897 2719 servato
943 2653 1500 2736 praecedentiae
1547 2655 1806 2722 ordine
1862 2655 1957 2721 ab
2004 2672 2441 2738 unoquoque
2487 2653 2801 2721 electore
2847 2654 3212 2738 ferantur3
3258 2654 3473 2722 colle·

482 2758 770 2843 ctisque
811 2759 907 2827 ad
944 2759 1286 2827 ultimum
1331 2762 1734 2844 suffragiis,
1772 2780 2020 2830 coram
2067 2762 2406 2845 praeside
2442 2760 2849 2843 electionis,
2891 2762 3289 2830 secundum
3327 2763 3474 2830 for·

486 2884 678 2933 mam
728 2866 1053 2952 propriis
1094 2868 1754 2939 constitutionibus
1800 2869 1916 2938 vel
1975 2869 2328 2954 legitimis
2375 2869 3036 2938 consuetudinibus
3084 2873 3474 2955 statutam,

486 2975 890 3059 inspiciant
926 2994 1021 3042 an
1062 2975 1585 3059 suffragiorum
1628 2996 1978 3045 numerus
2021 2978 2458 3063 respondeat
2509 2995 2812 3046 numero
2849 2978 3273 3060 electorum,
3324 2978 3472 3046 suf·

483 3083 729 3167 fragia
761 3084 924 3168 ipsa
964 3089 1393 3152 scrutentur
1426 3085 1815 3170 palamque
1847 3086 2135 3153 faciant
2178 3090 2358 3170 quot
2390 3085 2696 3171 quisque
2733 3085 3084 3153 retulerit.
3112 3084 3165 3152 ⁸.

666 3191 699 3273 5
746 3190 813 3258 3.
866 3192 946 3259 Si
999 3209 1349 3259 numerus
1408 3191 1934 3276 suffragiorum
1988 3198 2287 3279 superet
2341 3212 2723 3260 numerum
2776 3193 3232 3280 eligentium,
3287 3193 3477 3261 nihil

484 3305 597 3367 est
639 3303 911 3367 actum.

662 3407 696 3489 ξ
742 3409 809 3473 4.
863 3406 1239 3493 Suffragia
1277 3409 1904 3493 statim,'peracto
1943 3429 2380 3496 unoquoque
2421 3410 2809 3492 scrutinio,
2857 3411 2974 3478 vel
3015 3415 3182 3495 post
3219 3410 3471 3478 sessio·

486 3533 673 3597 nem,
719 3516 784 3583 si
816 3518 894 3583 iu
930 3514 1178 3584 eadem
1222 3518 1544 3585 sessione
1577 3517 1992 3587 habeantur
2023 3520 2245 3603 plura
2277 3518 2667 3601 scrutinia,
2712 3518 3266 3586 comburantur.

662 3623 695 3706 §
744 3624 809 3689 5.
861 3624 1129 3691 Omnia
1164 3624 1545 3694 electionis
1590 3629 1759 3695 acta
1797 3628 1892 3695 ab
1930 3648 2040 3710 eo,
2084 3627 2207 3713 qui
2246 3627 2567 3696 actuarii
2605 3645 2905 3694 munere
2950 3625 3320 3710 fungitur,
3361 3643 3472 3694 ac·

478 3734 740 3799 curate
773 3731 1314 3816 describantur,
1354 3737 1430 3803 et
1473 3735 1733 3803 saltem
1774 3736 1867 3802 ab
1905 3737 2153 3804 eodem
2199 3736 2562 3817 actuario,
2605 3734 2942 3820 praeside
2987 3752 3074 3802 ac
3111 3738 3470 3803 scrutato·

485 3838 689 3905 ribus
720 3840 1165 3924 subscripta,
1201 3841 1281 3908 in
1313 3842 1604 3926 collegii
1641 3843 2016 3912 tabulario
2055 3843 2452 3927 diligenter
2483 3847 2980 3911 asserventur.

1780 4002 1958 4069 CAN.
1996 4001 2150 4069 172.

654 4126 687 4208 ἓ
735 4129 800 4192 1.
852 4126 1164 4210 Electio,
1206 4126 1350 4194 nisi
1393 4127 1598 4195 aliud
1636 4127 1798 4195 lure
1829 4131 2208 4212 caveatur,
2246 4126 2404 4195 fieri
2437 4107 2660 4196 etiam
2699 4131 2945 4211 potest
2986 4145 3118 4211 per
3147 4142 3471 4210 compro·
3533 4230 3536 4231 γ

484 4234 812 4315 missum,
861 4235 923 4302 si
979 4252 1235 4319 nempe
1276 4235 1653 4317 electores,
1700 4235 2037 4302 unanimi
2078 4241 2152 4303 et
2197 4235 2477 4319 scripto
2519 4252 2904 4316 consensu,
2953 4235 3031 4299 in
3076 4252 3304 4300 unum
3356 4233 3472 4301 vel

652 4442 674 4478 ¹
706 4442 771 4494 O.
805 4445 854 4502 1,
896 4443 960 4495 C.
996 4443 1045 4503 1,
1097 4455 1151 4505 q.
1196 4441 1244 4504 ὃς
1280 4455 1330 4495 c.
1363 4443 1445 4503 14,
1478 4442 1560 4503 42,
1591 4442 1674 4502 43,
1707 4442 1773 4503 X,
1820 4444 1891 4495 de
1935 4441 2218 4493 electione
2259 4445 2318 4494 et
2359 4441 2530 4494 electi
2580 4444 2893 4501 potestate,
2947 4442 2996 4501 1,
3027 4441 3078 4501 ὃς
3115 4452 3167 4491 c.
3200 4442 3250 4501 5,
3283 4442 3348 4502 X,
3404 4442 3474 4491 ae

486 4532 705 4593 repulia
739 4532 907 4591 ium,
934 4535 1002 4593 V,
1035 4535 1115 4594 41:
1140 4545 1189 4585 c.
1223 4533 1272 4593 2,
1308 4536 1377 4584 de
1405 4534 1687 4585 electione
1714 4538 1772 4584 et
1801 4533 1974 4585 clectt
2001 4537 2314 4594 potestate,
2346 4534 2394 4593 1,
2426 4534 2477 4593 0,
2511 4533 2573 4584 in
2599 4534 2723 4593 V1⁰;
2748 4534 2890 4594 Reg.
2926 4532 3010 4589 64,
3040 4531 3110 4582 R.
3141 4532 3220 4591 J..
3260 4534 3322 4583 in
3347 4532 3475 4592 V1⁰;

482 4622 657 4673 Cone.
688 4617 975 4681 Trident„
1011 4635 1155 4673 sess.
1185 4622 1349 4682 XXV,
1379 4623 1450 4672 de
1477 4622 1869 4682 reculas-ibae,
1901 4634 1951 4674 c.
1979 4622 2029 4685 ὅς
2058 4622 2115 4675 S.
2149 4621 2215 4674 C.
2247 4622 2336 4683 0.,
2376 4621 2950 4682 Caesar-ouantem,
2986 4620 3051 4671 27
3078 4620 3223 4671 mall
3258 4619 3406 4672 1323.

647 4715 673 4751 ²
712 4714 776 4765 C.
810 4713 859 4772 2,
890 4715 960 4763 de
986 4713 1268 4764 electione
1292 4717 1350 4764 et
1379 4713 1549 4764 electi
1576 4718 1890 4775 potestate,
1925 4714 1974 4774 1,
2006 4714 2057 4775 0,
2087 4714 2149 4765 in
2182 4715 2308 4776 V103
2338 4726 2389 4766 c.
2417 4715 2468 4774 1,
2497 4717 2569 4766 de
2597 4714 2998 4771 iureiurando,
3030 4711 3113 4771 11,
3145 4713 3228 4771 11,
3255 4711 3320 4761 in
3348 4710 3474 4773 V1⁰;

487 4804 803 4865 Gregorius
854 4802 1020 4862 XIII,
1064 4806 1249 4854 const.
1295 4819 1324 4853 α
1365 4802 1533 4852 Inter
1574 4804 1942 4864 Apostoltcae
1987 4819 2037 4865 ι,
2080 4806 2114 4856 5
2156 4809 2302 4866 sept.
2336 4804 2483 4864 1584,
2517 4804 2625 4866 11ς
2680 4803 3057 4854 Innocentius
3110 4801 3243 4861 xu,
3287 4805 3472 4854 const.

486 4910 516 4945 α
545 4894 843 4946 Ecclesiae
878 4893 1218 4944 Catholicae
1249 4909 1297 4954 ιο,
1326 4893 1391 4943 22
1417 4897 1563 4955 sept.
1593 4896 1739 4955 1605,
1770 4895 1797 4957 1
1826 4896 1876 4957 2,
1908 4895 1959 4959 5;
1984 4894 2342 4948 Benedictus
2373 4894 2523 4955 xlv,
2559 4896 2745 4946 const.
2776 4909 2805 4943 α
2836 4892 3164 4943 Poatoralie
3193 4906 3245 4952 ι,
3271 4893 3338 4944 15
3368 4893 3471 4943 iul.

484 4986 632 5045 1754,
666 4985 693 5047 1
724 4985 775 5044 3,
807 4986 855 5035 4.

645 5082 670 5117 ³
717 5078 774 5128 S.
809 5077 994 5137 C..C.,
1036 5078 1386 5132 Armacana,
1428 5076 1494 5127 12
1529 5080 1703 5129 mart.
1754 5077 1900 5137 16⁶0·ae
1940 5075 2281 5134 Tun-stoma,
2322 5076 2384 5127 21
2424 5087 2554 5127 nov.
2606 5074 2752 5127 1722.
2802 5075 2868 5128 20
2903 5086 3034 5125 nov.
3067 5073 3215 5133 1723,
3254 5074 3332 5125 ad
3373 5074 3477 5135 1-33

498 5169 809 5227 venter-na,
847 5168 913 5221 17
942 5169 1066 5220 dec.
1099 5170 1247 5227 1881,
1280 5167 1346 5220 18
1374 5178 1501 5228 apr.
1533 5167 1680 5231 18853
1712 5159 2168 5227 Laquedonten‘„
2199 5166 2266 5219 10
2293 5169 2468 5219 mart.
2513 5166 2660 5226 1012,
2700 5167 2775 5218 ad
2809 5166 2858 5219 3.

645 5261 672 5295 ⁴
712 5260 776 5311 C.
810 5261 891 5320 42,
925 5260 988 5320 X,
1024 5262 1095 5310 de
1132 5258 1413 5309 electione
1444 5263 1503 5309 et
1535 5260 1705 5310 electi
1735 5262 2048 5319 potestate,
2082 5260 2132 5319 1,
2164 5258 2213 5312 0.

644 5355 670 5389 ⁶
713 5352 776 5403 C.
811 5352 892 5413 42,
924 5352 1006 5412 46,
1038 5353 1121 5415 50,
1153 5352 1236 5412 55,
1268 5350 1352 5411 58,
1385 5350 1450 5411 X,
1488 5352 1558 5403 de
1594 5350 1874 5402 electione
1910 5356 1968 5402 et
2004 5350 2177 5403 electi
2221 5351 2530 5410 potestate,
2577 5350 2623 5411 I,
2658 5351 2709 5412 o:
2739 5361 2791 5401 c.
2837 5349 2919 5409 21,
2965 5348 3048 5409 46,
3087 5351 3158 5400 ae
3194 5348 3475 5401 electione

483 5446 543 5493 et
584 5443 758 5492 electi
787 5446 1099 5502 potestate,
1132 5443 1182 5504 I,
1214 5444 1265 5504 0,
1308 5443 1371 5493 in
1403 5442 1530 5504 V103
1568 5442 1741 5494 conc.
1776 5442 2064 5505 Trident„
2103 5454 2246 5495 sess.
2281 5442 2448 5503 XXV,
2487 5443 2557 5493 de
2593 5439 2983 5503 revelas-nme,
3015 5450 3065 5492 c.
3102 5439 3152 5493 6.
