3753 5871
567 279 680 339 5⁷8
1705 283 1902 335 Gnaeo
1945 283 2108 335 lum
2147 283 2429 337 Comici

1694 572 2120 643 TITULUS
2157 574 2343 641 XXV
2345 574 2410 641 1.

1505 714 1609 784 De
1653 716 2032 785 Beatorum
2082 718 2628 786 canonizatione.

1833 906 2011 975 OAN.
2069 907 2267 974 2136.

749 1050 981 1117 Nemo
1030 1052 1277 1133 potest
1326 1047 1645 1114 alicuius
1691 1047 2324 1114 canonizationem
2379 1052 2627 1131 petere
2679 1051 2814 1115 aut
2865 1048 2947 1114 in
2997 1049 3161 1116 eius
3212 1047 3559 1116 honorem

569 1162 812 1225 certos
858 1161 1073 1224 actus
1109 1156 1359 1223 cultus
1397 1174 1443 1222 a
1495 1155 1726 1222 Sacra
1772 1156 2360 1240 congregatione
2409 1156 2809 1240 impetrare
2848 1156 2996 1223 nisi
3036 1156 3259 1241 prius
3296 1157 3559 1223 consti·

569 1265 749 1333 terit
792 1265 1099 1332 Servum
1148 1263 1313 1345 Dei,
1354 1263 1445 1331 de
1486 1282 1629 1348 quo
1666 1263 1942 1347 agitur,
1983 1263 2183 1331 inter
2229 1262 2503 1331 Beatos
2538 1263 2655 1331 vel
2700 1262 3122 1332 formaliter
3156 1264 3287 1332 vel
3324 1264 3559 1349 aequi·

569 1370 935 1465 pollenter
987 1370 1304 1438 relatum
1355 1387 1535 1437 esse.

1832 1476 2012 1545 OAN.
2064 1476 2261 1546 2137.

743 1603 777 1685 ξ
823 1605 892 1669 1.
941 1603 1047 1671 Ut
1082 1603 1354 1670 Sacrae
1384 1601 1958 1685 congregationi
1988 1601 2080 1670 de
2118 1600 2418 1668 formali
2458 1605 2596 1669 aut
2623 1602 3154 1687 aequipollenti
3188 1601 3563 1670 beatifica·

567 1712 770 1778 tione
816 1710 896 1777 in
943 1728 1121 1777 casu
1161 1712 1475 1790 constet,
1518 1708 2026 1777 authenticum
2065 1708 2584 1777 documentum
2626 1709 3115 1778 exhibendum
3156 1713 3307 1777 est.
3364 1769 3380 1788 ,

744 1817 779 1900 §
826 1817 892 1884 2.
945 1817 1029 1885 Si
1071 1817 1590 1884 documentum
1636 1815 2059 1883 huiusmodi
2103 1836 2249 1884 non
2306 1816 2691 1901 habeatur,
2749 1816 3127 1902 legitimus
3171 1834 3568 1901 processus

566 1930 680 1994 est
717 1924 1224 1993 instituendus
1265 1925 1361 1992 ad
1399 1922 1857 2009 probandum
1899 1924 2182 1992 factum
2226 1925 2588 2009 positivae
2627 1923 3133 2009 permissionis
3172 1925 3453 1992 cultus
3490 1944 3565 1992 ex

564 2037 780 2117 parte
826 2032 1140 2099 Romani
1189 2030 1597 2099 Pontificis.
1757 2086 1762 2093 ,

742 2140 775 2222 ξ
821 2140 889 2207 3.
940 2139 1298 2206 Processu
1334 2138 1699 2222 absoluto,
1737 2139 2005 2207 edatur
2039 2138 2117 2206 in
2156 2139 2539 2207 ordinaria
2572 2139 3140 2225 congregatione
3188 2141 3571 2210 sententia

565 2246 1088 2333 approbationi
1132 2246 1448 2313 Romani
1497 2244 1883 2313 Pontificis
1929 2246 2409 2314 subiicienda.

1839 2414 2017 2480 CAN.
2073 2412 2272 2481 2138.

743 2536 776 2617 ξ
824 2538 890 2601 1.
938 2536 1060 2606 Ad
1104 2535 1736 2603 canonizationem
1787 2535 2190 2603 Beatorum
2241 2535 2371 2620 qui
2427 2535 2846 2604 formaliter
2892 2535 3312 2605 beatificati
3368 2545 3566 2620 sunt,

564 2643 974 2728 requiritur
998 2643 1441 2728 approbatio
1466 2644 1782 2710 duorum
1809 2643 2363 2725 miraculorum,
2394 2661 2581 2728 quae
2611 2643 3172 2727 supervenerint
3202 2652 3394 2729 post
3429 2645 3564 2713 for-

562 2752 825 2818 malem
881 2751 1495 2819 beatificationem
1529 2750 1580 2820 ².

740 2859 774 2942 ἕ
820 2858 888 2924 2.
936 2860 1053 2927 Ad
1092 2860 1723 2928 canonizationem
1762 2878 1939 2927 vero
1974 2860 2403 2945 Beatorum,
2455 2861 2583 2946 qui
2620 2861 3210 2947 aequipollenter
3248 2863 3563 2933 fuerunt

562 2966 992 3051 beatificati,
1042 2969 1449 3054 requiritur
1490 2969 1932 3053 approbatio
1977 2969 2205 3037 trium
2250 2969 2804 3054 miraculorum,
2864 2988 3049 3055 quae
3091 2975 3269 3055 post
3318 2974 3560 3058 aequi·

562 3074 958 3159 pollentem
1004 3075 1620 3145 beatificationem
1668 3080 1970 3161 patrata
2010 3077 2163 3144 sint
2203 3076 2255 3141 ².

1823 3253 2002 3322 CAN·
2049 3255 2247 3323 2139.

740 3375 775 3456 ξ
822 3377 888 3440 1.
938 3374 1124 3442 Oum
1169 3375 1468 3458 aliquod
1513 3375 1953 3443 miraculum
2007 3375 2103 3442 ad
2149 3375 2744 3444 intercessionem
2800 3375 3119 3443 alicuius
3163 3376 3397 3445 Beati
3445 3396 3556 3462 pn·

560 3486 842 3549 tratum
879 3482 1182 3565 dicitur,
1233 3483 1464 3550 Sacra
1503 3483 1996 3568 Oongregatio
2031 3484 2125 3551 ad
2174 3484 2609 3552 instantiam
2649 3484 3136 3568 postulatoris
3175 3484 3556 3552 decretum

559 3589 739 3672 edit,
787 3590 852 3656 si
903 3589 982 3658 id
1031 3590 1518 3658 Sanctissimo
1567 3590 1958 3675 placuerit,
2002 3591 2093 3659 de
2138 3591 2573 3658 resumenda
2612 3609 2840 3658 causa
2880 3595 2956 3659 et
2996 3590 3088 3659 de
3130 3592 3358 3659 novis
3398 3611 3553 3677 pro

557 3697 884 3765 cessibus
911 3698 1370 3766 instruendis
1392 3699 1662 3766 secund
1673 3718 1788 3765 um
1821 3718 2118 3766 normas
2140 3700 2219 3767 in
2243 3699 2748 3783 superioribus
2771 3698 3179 3766 canonibus
3201 3699 3554 3768 traditas.

744 3804 778 3886 ξ
825 3803 892 3871 2.
944 3805 1269 3873 Probata
1319 3806 1713 3874 validitate
1762 3809 2264 3891 processuum,
2319 3806 2686 3875 discussio
2746 3806 2838 3874 de
2889 3806 3099 3874 novis
3153 3806 3546 3875 miraculis

560 3911 845 3995 regitur
887 3912 1147 3980 iisdem
1184 3913 1470 3997 legibus
1505 3932 1691 3998 quae
1726 3915 2069 3998 superius
2103 3919 2434 3982 statutae
2468 3917 2645 3982 sunt
2685 3932 2851 3982 can.
2894 3912 3298 3980 2116-2124.

1828 4087 2005 4153 CAN.
2065 4085 2261 4151 2140.

732 4209 914 4276 Post
945 4208 1124 4276 haec
1160 4208 1433 4291 omnia,
1477 4207 1853 4276 Romanus
1886 4208 2261 4291 Pontifex,
2296 4208 2578 4277 auditis
2610 4210 2805 4277 votis
2840 4210 3151 4277 Patrum
3189 4209 3546 4278 cardina·

557 4317 740 4384 lium
769 4321 846 4385 et
865 4316 1398 4399 consultorum,
1425 4317 1491 4383 si
1513 4319 1590 4383 et
1618 4317 1913 4400 quando
1937 4321 2435 4401 opportunum
2465 4316 2930 4400 iudicaverit,
2963 4316 3345 4385 decretum
3370 4319 3545 4398 fert,

558 4443 703 4512 quo
737 4422 1069 4492 decernit
1107 4427 1272 4493 tuto
1308 4424 1603 4508 procedi
1639 4442 1851 4508 posse
1896 4424 1991 4491 ad
2034 4424 2456 4492 sollemnem
2495 4424 2712 4492 Beati
2750 4423 3416 4493 canonizationem.

1826 4600 2005 4668 CAN.
2052 4599 2250 4667 2141.

734 4724 1129 4792 Sollemnis
1184 4725 1584 4793 Beatorum
1630 4724 2121 4809 canonizatio,
2170 4730 2560 4811 postquam
2609 4725 2689 4793 in
2744 4725 3208 4793 Oonsistorio
3252 4724 3542 4792 decretu

548 4835 806 4915 fuerlt,
842 4834 931 4902 fit
961 4834 1276 4901 servatis
1316 4834 1584 4901 ritibus
1622 4839 1699 4902 et
1731 4833 2355 4901 sollemnitatibus
2387 4834 2466 4900 in
2500 4834 2837 4900 Romana
2868 4833 3103 4902 Curia
3133 4831 3456 4917 receptis
3484 4828 3535 4895 ⁸.

737 5064 759 5099 ¹
799 5062 1154 5115 Benedictus
1189 5061 1340 5121 x1v.
1380 5061 1534 5114 decr.
1577 5077 1608 5113 ι
1644 5062 1790 5113 oum
1825 5073 1899 5112 σω
1936 5061 2224 5113 retenone
2270 5078 2320 5126 ι,
2359 5063 2424 5115 17
2470 5063 2573 5115 iul.
2616 5063 2764 5123 174⁴,
2804 5064 2831 5125 s
2869 5062 2920 5124 2.
2950 5063 3000 5125 a
3043 5051 3103 5116 s.
3146 5063 3217 5115 a.
3259 5064 3349 5126 c..
3388 5065 3533 5117 decr.

554 5154 620 5206 23
656 5164 783 5214 apr.
815 5152 963 5205 1741.

728 5252 753 5286 ²
797 5244 854 5294 S.
888 5243 958 5294 R.
991 5243 1079 5303 C..
1119 5242 1273 5294 decr.
1311 5244 1376 5293 11
1404 5255 1535 5294 nov.
1568 5242 1715 5302 1912.
1750 5255 1808 5294 n.
1841 5243 1889 5295 7.

729 5339 756 5376 ⁸
795 5334 1151 5386 Benedictus
1182 5333 1332 5396 XIV,
1365 5337 1550 5385 const.
1590 5349 1621 5385 ι
1655 5334 1744 5384 Ad
1777 5332 2059 5394 sepulc-m
2093 5349 2142 5394 n,
2186 5334 2251 5387 23
2283 5347 2414 5386 nov.
2461 5334 2607 5396 1741,
2647 5334 2675 5396 1
2708 5334 2814 5396 1-63
2845 5337 3032 5387 const.
3072 5351 3104 5385 ι
3139 5336 3230 5388 Aa
3267 5335 3533 5387 houm·-

557 5425 693 5473 ‹lam
727 5437 776 5483 ι,
819 5424 883 5476 27
912 5427 1087 5477 mart.
1121 5425 1267 5484 1752,
1306 5425 1333 5486 fi
1367 5424 1448 5476 20.
