3753 5871
570 230 680 291 434
1708 237 1903 289 Oodcae
1949 236 2111 289 luris
2150 238 2432 290 canonio(

1832 459 2010 526 CAN.
2062 458 2258 526 1488.

751 575 785 657 ἓ
832 579 896 640 l.
950 576 1033 642 Si
1080 575 1428 644 beneficia
1467 580 1955 662 permutanda
1992 581 2413 667 inaequalia
2461 583 2640 667 sint,
2691 591 3065 670 nequeunt
3098 588 3563 671 compensari

571 685 1065 752 reservatione
1098 685 1481 753 fructuum
1518 690 1653 755 aut
1685 690 2186 771 praestatione
2217 691 2573 775 pecuniae
2614 711 2743 760 seu
2776 694 3133 778 cuiusque
3169 696 3278 763 rei
3318 696 3568 779 pretio

570 789 1054 857 aestimabilis
1104 791 1154 859 ¹.

748 897 780 977 ξ
828 897 893 963 2.
945 897 1410 967 Permutatio
1441 898 1601 968 ficri
1642 903 1897 987 nequit
1933 904 2130 972 inter
2166 905 2417 988 plures
2462 923 2680 991 quam
2715 905 2904 974 duos
2934 906 3466 975 beneficiarios.

1684 1209 2109 1279 TITULUS
2149 1212 2402 1279 XXVI.

1122 1362 1223 1428 De
1267 1363 1432 1429 aliis
1470 1363 1826 1430 institutis
1873 1364 2363 1432 ecclesiasticis
2411 1383 2551 1433 non
2598 1367 3106 1450 colleglalibus.

1821 1550 2001 1618 CAN·
2051 1552 2247 1619 1489.

739 1675 773 1756 g
819 1676 884 1740 1.
935 1675 1389 1760 Hospitalia,
1434 1675 2066 1761 orphanotrophia
2103 1677 2398 1761 aliaque
2436 1678 2711 1746 similia
2759 1679 3142 1763 instituta,
3189 1680 3284 1747 ad
3326 1698 3560 1765 opera

560 1781 939 1867 religionis
969 1783 1085 1849 vel
1122 1782 1466 1850 caritatis
1500 1783 1652 1850 sive
1685 1783 2107 1866 spiritualis
2139 1785 2292 1853 sive
2333 1787 2766 1871 temporalis
2796 1787 3198 1869 destinata,
3233 1794 3559 1872 possunt

556 1889 650 1956 ab
699 1889 1098 1957 ordinario
1147 1890 1290 1957 loci
1337 1891 1524 1975 erigi
1582 1897 1657 1959 et
1717 1908 1849 1975 per
1896 1893 2056 1959 eius
2103 1892 2479 1961 decretum
2533 1912 2848 1978 persona
2894 1895 3216 1962 iuridica
3264 1896 3345 1962 in
3409 1896 3547 1964 Ec·

554 1996 780 2063 clesia
814 1997 1196 2064 constitui.
3145 2001 3155 2011 '

734 2103 768 2185 ξ
815 2103 882 2169 2.
933 2105 1106 2172 Loci
1140 2105 1585 2172 ordinarius
1617 2106 1793 2173 haec
1835 2107 2190 2175 instituta
2234 2126 2324 2176 ne
2358 2110 2743 2193 approbet,
2781 2110 2927 2178 nisi
2961 2110 3132 2177 finis
3169 2111 3551 2185 fundatio·

556 2212 673 2278 nis
716 2212 928 2279 utilis
971 2230 1226 2296 reapse
1279 2213 1404 2294 sit,
1449 2217 1524 2281 et
1577 2214 1755 2281 talis
1797 2215 2210 2283 constituta
2252 2216 2489 2284 fuerit
2529 2217 2690 2299 dos,
2741 2235 2951 2302 quae,
2999 2218 3339 2285 omnibus
3381 2237 3546 2303 per·

552 2319 825 2402 pensis,
862 2318 1176 2387 sufficiat
1215 2321 1331 2387 vel
1364 2319 1729 2388 sufficiens
1765 2323 1925 2390 fore
1968 2323 2371 2406 prudenter
2414 2325 2935 2407 praevideatur
2969 2325 3066 2393 ad
3100 2325 3312 2392 illum
3349 2344 3548 2394 asse·

555 2426 946 2508 quendum.

730 2532 765 2614 ξ
811 2533 878 2599 3.
927 2533 1216 2601 Horum
1268 2534 1787 2603 institutorum
1835 2538 2362 2608 administrare
2409 2539 2602 2606 bona
2649 2541 2768 2608 sui
2812 2541 3170 2625 cuiusque
3231 2543 3557 2609 rectoris

547 2645 684 2724 est,
718 2642 1116 2708 secundum
1146 2660 1442 2708 normas
1470 2639 1768 2712 tabulae
1803 2645 2290 2729 fundationis3
2322 2646 2440 2712 hic
2469 2665 2642 2714 vero
2670 2647 2930 2715 iisdem
2961 2648 3553 2734 obligationibus

547 2751 867 2831 tenetur,
915 2747 1318 2833 iisdemque
1362 2750 1651 2818 iuribus
1701 2752 2013 2834 fluitur,
2061 2753 2326 2838 quibus
2367 2754 3013 2823 administratores
3055 2756 3375 2822 aliorum
3419 2757 3548 2824 bo·

548 2871 807 2920 norum
854 2855 1515 2924 ecclesiasticorum
1557 2858 1608 2926 ².

1816 2985 1994 3054 CAN.
2043 2986 2237 3052 1490.

720 3106 754 3188 ξ
802 3109 867 3173 1.
920 3107 1008 3173 In
1054 3108 1333 3175 tabulis
1372 3109 1838 3176 fundationis
1881 3109 2050 3193 pius
2088 3108 2449 3177 fundator
2487 3114 2834 3178 accurate
2883 3110 3256 3178 describat
3296 3114 3549 3177 totam

542 3214 875 3283 instituti
921 3217 1552 3297 constitutionem,
1606 3215 1848 3298 finem,
1910 3217 2390 3298 dotationem,
2453 3217 3173 3285 administrationem
3224 3219 3302 3285 et
3349 3219 3546 3303 regi·

540 3338 732 3403 men,
783 3339 995 3387 usum
1039 3323 1409 3389 redituum
1448 3327 1523 3390 et
1562 3324 2090 3391 successionem
2133 3325 2211 3391 in
2250 3324 2468 3406 bona,
2519 3343 2696 3391 casu
2738 3324 3254 3393 exstinctionis
3292 3324 3553 3409 ipsius

540 3427 1360 3616 insugugf·nuiusm0di
1394 3537 1693 3606 tabulae
1718 3539 2001 3623 duplici
2027 3540 2429 3624 exemplari
2459 3539 2954 3608 conficiendae
2982 3549 3183 3621 sunt,
3216 3557 3547 3624 quorum

536 3643 854 3711 alterum
890 3643 967 3709 in
1000 3645 1302 3711 archivo
1332 3646 1691 3728 instituti,
1736 3647 2054 3715 alterum
2088 3648 2167 3713 in
2201 3647 2502 3716 archivo
2537 3647 2810 3715 Curiae
2844 3650 3271 3731 reponatur.

1809 3823 1986 3891 CAN.
2037 3825 2231 3891 1491.

709 3943 742 4025 §
790 3946 855 4009 1.
907 3944 1079 4012 Loci
1122 3945 1567 4013 ordinarius
1600 3947 1846 4013 omnia
1882 3947 2302 4014 huiusmodi
2342 3948 2722 4025 instituta,
2758 3946 2984 4014 etiam
3018 3945 3097 4011 in
3136 3962 3551 4029 personam

531 4051 1161 4120 moralemerecta
1202 4057 1279 4137 et
1311 4055 1567 4138 quovis
1601 4054 1815 4122 modo
1849 4059 2213 4138 exempta,
2247 4055 2556 4122 visitare
2597 4056 2845 4138 potest
2874 4057 2950 4121 et
2982 4052 3198 4120 debet
3237 4049 3292 4117 ⁸.

710 4158 745 4240 ξ
789 4158 855 4225 2.
908 4160 1067 4226 Imo
1108 4160 1284 4228 licet
1324 4161 1399 4227 in
1442 4179 1829 4245 personam
1881 4162 2230 4229 moralem
2273 4180 2419 4229 non
2462 4162 2615 4230 sint
2663 4157 2912 4229 erecta
2949 4163 3026 4229 et
3060 4158 3316 4227 domui
3355 4159 3547 4227 reli·

528 4266 776 4350 giosae
824 4268 1271 4343 concredita,
1315 4269 1379 4335 si
1422 4269 1713 4353 quidem
1755 4274 2027 4355 agatur
2064 4271 2155 4338 de
2204 4271 2422 4338 domo
2463 4269 2809 4355 religiosa
2849 4269 3038 4336 iuris
3077 4268 3552 4337 dioecesani.

708 4490 729 4525 ¹
767 4488 830 4539 C.
866 4488 917 4547 5,
949 4487 1016 4546 X,
1046 4488 1117 4536 dc
1150 4495 1347 4535 rerum
1375 4484 1824 4543 permutatione,
1854 4484 1970 4545 111,
1999 4485 2080 4536 19.

699 4583 723 4618 2
769 4578 835 4630 O.
867 4578 919 4637 2,
950 4580 1021 4629 de
1049 4574 1342 4636 munionis
1372 4573 1658 4632 domibus.
1689 4578 1756 4625 ut
1784 4573 2053 4633 episcopo
2081 4574 2203 4625 sint
2240 4574 2558 4632 subiectae,
2591 4575 2707 4636 111,
2739 4577 2822 4634 11,
2855 4577 2917 4627 ln
2946 4575 3149 4638 clem:
3175 4576 3354 4629 Cone.
3400 4581 3550 4634 Τι-ι-

530 4671 711 4729 dent.,
750 4681 892 4720 sess.
936 4668 1071 4727 VII,
1120 4668 1192 4717 de
1234 4666 1371 4724 res..
1408 4676 1456 4716 c.
1495 4665 1577 4725 15;
1612 4668 1755 4715 ses‘s.
1794 4665 1961 4724 XXV,
2001 4665 2073 4714 de
2117 4665 2252 4724 ret„
2289 4676 2339 4716 c.
2376 4664 2427 4726 83
2467 4664 2526 4716 S.
2558 4665 2624 4717 O.
2656 4665 2743 4726 0.,
2783 4663 3088 4725 Narniam,
3126 4666 3161 4718 6
3194 4678 3326 4728 apr.
3370 4672 3549 4734 1574,

525 4761 558 4812 8
587 4772 720 4820 aug.
751 4759 898 4818 1693,
930 4759 1006 4810 ad
1036 4760 1087 4819 1,
1118 4758 1169 4817 2,
1197 4761 1259 4809 et
1286 4758 1319 4809 8
1354 4757 1525 4815 febr..
1557 4755 1623 4807 28
1650 4758 1825 4806 mart.
1855 4754 2003 4806 1716.

702 4854 729 4891 ³
768 4849 832 4901 C.
871 4849 921 4907 2,
956 4849 1027 4899 ae
1053 4846 1347 4907 relivioais
1383 4845 1669 4902 domibus,
1697 4849 1765 4896 ut
1791 4844 2061 4904 episcopo
2089 4846 2209 4896 sint
2239 4844 2557 4905 subiectae,
2589 4846 2705 4905 111,
2744 4847 2827 4906 11,
2860 4847 2923 4897 in
2949 4846 3151 4908 Olem.;
3180 4847 3361 4901 Cone.
3399 4852 3550 4906 ‘rx-1-

525 4941 705 4999 dent..
737 4951 880 4991 sess.
913 4938 1050 4991 VII..
1084 4940 1155 4989 dc
1184 4938 1319 4996 ruf..
1351 4948 1400 4988 c.
1433 4938 1515 4998 153
1543 4949 1687 4988 sess.
1720 4936 1902 4995 xxn,
1944 4937 2014 4985 de
2043 4935 2180 4994 ret„
2209 4947 2260 4986 c.
2292 4935 2343 4996 8:
2372 4935 2728 4987 Benedictus
2757 4937 2908 4997 xlv,
2941 4940 3126 4989 const.
3170 4952 3200 4988 ι
3232 4937 3328 4991 Λα
3364 4944 3548 4993 nili-

526 5030 713 5080 tantie
752 5044 801 5090 n,
837 5029 904 5080 30
933 5033 1107 5081 mart.
1152 5027 1297 5088 1742,
1334 5028 1361 5087 ξ
1393 5028 1475 5088 31;
1508 5026 1565 5079 S.
1598 5026 1664 5078 O.
1700 5026 1804 5086 Dp.
1840 5030 1903 5079 et
1934 5026 2097 5087 neg..
2141 5025 2393 5085 stipam.
2429 5028 2494 5077 1-1
2525 5027 2669 5077 mali
2704 5025 2852 5087 1841,
2889 5027 2966 5078 ad
3002 5028 3052 5088 3:
3087 5027 3144 5080 S.
3178 5028 3242 5080 O.
3278 5028 3376 5090 O..
3418 5032 3550 5084 Lu-

524 5133 691 5178 cana,
728 5131 926 5171 mense
957 5120 1105 5171 febr.
1143 5118 1290 5179 158&
1321 5116 1716 5176 Neapolitana
1760 5114 2267 5175 (concremationis
2301 5115 2700 5177 soma-schae).
2735 5116 2770 5169 8
2811 5117 2960 5171 febr.
2998 5118 3145 5178 1601,
3184 5118 3264 5169 ad
3294 5119 3347 5182 22
3389 5122 3550 5174 οη.

522 5222 773 5268 moncn„
810 5210 874 5260 14
909 5210 1057 5261 febr.
1105 5209 1251 5270 1600:
1288 5208 1553 5264 Sutrino,
1594 5207 1627 5258 7
1671 5208 1794 5259 dec.
1833 5207 1982 5268 1715.
2020 5207 2098 5259 ad
2137 5208 2186 5267 Ι,
2220 5207 2300 5267 11;
2347 5205 2649 5266 Nar-nien„
2687 5208 2721 5259 6
2755 5220 2881 5268 apr.
2924 5207 3071 5266 1574,
3111 5207 3145 5260 8
3183 5221 3323 5271 auz-
3364 5212 3548 5274 1⁸03,

521 5303 599 5355 ud
629 5304 680 5362 1,
712 5301 745 5352 2
775 5304 838 5353 et
867 5299 902 5352 8
931 5300 1101 5360 febr„
1132 5298 1198 5351 28
1225 5301 1401 5351 mart.
1442 5297 1589 5365 1716,
1623 5298 1702 5349 ad
1732 5299 1782 5359 1:
1811 5297 2106 5358 Liparen„
2146 5300 2179 5351 9
2213 5297 2377 5357 mail,
2410 5297 2445 5349 6
2485 5299 2629 5358 lun..
2662 5299 2727 5349 11
2759 5298 2861 5349 iul.
2894 5297 3043 5358 1750,
3074 5296 3152 5349 ad
3178 5300 3230 5361 13
3263 5297 3550 5365 Fauen„

520 5392 588 5442 18
614 5392 734 5443 lun.
764 5390 913 5451 1757,
951 5391 984 5441 4
1012 5391 1186 5443 murt.
1221 5388 1368 5451 175&
1404 5387 1749 5441 Pontificalc
1777 5388 1965 5451 Rom„
1998 5389 2093 5442 tit.
2131 5387 2286 5441 Ordo
2324 5390 2402 5440 aa
2430 5386 2765 5440 unitandae
2793 5386 3124 5448 parochias.
