3753 5871
566 322 674 381 712
1702 293 1898 375 σοαέο
1943 323 2106 375 ιιι-ιι
2144 323 2424 376 onmia

569 509 725 587 mis,
766 526 848 570 ac
889 525 1045 571 cum
1086 508 1438 586 quibusvis
1476 506 1833 586 clausulis,
1875 510 1951 570 et
1999 507 2318 585 decretis,
2357 507 2568 570 etiam
2618 512 2810 568 motu
2852 506 3161 584 proprio,
3208 509 3343 568 aut
3380 506 3549 567 alias

568 616 1075 694 quomodolibet
1102 616 1466 694 concessis,
1497 616 1707 683 etiam
1736 615 2017 679 iteratis
2045 615 2309 679 vicibus
2336 614 2762 694 approbatis,
2800 620 2877 679 et
2900 613 3281 690 innovatis
3314 614 3553 691 quibus

572 723 911 801 omnibus,
946 740 1180 786 eorum
1215 727 1488 785 tenores
1529 723 2008 802 praesentibus
2042 739 2168 801 pro
2208 722 2552 801 expressis
2580 722 2931 800 habentes,
2976 721 3109 783 hac
3163 723 3317 784 vice
3376 722 3549 783 dum·

569 836 768 894 taxat
804 831 1199 909 specialiter
1232 835 1306 893 et
1338 847 1654 909 expresse
1691 831 2120 909 derogamus,
2169 830 2546 908 ceterisque
2580 830 2955 893 contrariis
2993 830 3547 908 quibuscumque.

754 939 785 1014 ξ
833 940 892 1000 6.
939 938 1278 1001 Volumus
1317 939 1580 1001 demum
1617 955 1709 1000 ac
1745 937 2229 1016 praecipimus,
2264 942 2347 1001 ut
2386 954 2617 1001 omnes
2652 935 2956 999 locorum
2988 936 3386 1012 Ordinarii,
3420 941 3550 997 tam

569 1050 963 1123 praesentes
999 1063 1202 1123 quam
1242 1046 1466 1108 futuri
1509 1062 1634 1124 pro
1672 1050 1979 1123 tempore
2024 1046 2439 1123 existentes,
2459 1045 2536 1107 in
2572 1045 3069 1123 approbatione
3104 1044 3549 1106 contem-io—

569 1169 744 1230 rum,
786 1157 930 1214 tam
962 1152 1388 1230 praedictam
1420 1152 2001 1215 Constitutionem
2034 1152 2349 1232 Gregorii
2384 1151 2960 1229 Praedecessoris,
2991 1168 3204 1228 qua-m
3249 1166 3549 1228 praesen·

568 1266 704 1324 tem
742 1260 919 1323 hanc
957 1261 1308 1338 Nostram,
1345 1260 1433 1322 ab
1471 1261 1788 1323 omnibus
1832 1260 2304 1323 sacerdotibus
2339 1259 2805 1338 approbandis
2841 1262 3112 1321 attente
3162 1258 3306 1337 legi
3352 1261 3425 1321 et
3454 1275 3549 1319 ac·

565 1371 806 1430 curate
860 1367 1207 1430 observari
1264 1371 1531 1445 curent,
1601 1371 2056 1446 moneantque
2110 1385 2229 1432 eos
2284 1367 2360 1430 in
2420 1368 2714 1429 Domino
2770 1370 2978 1444 atque
3036 1366 3438 1444 hortentur,
3480 1370 3550 1426 ut

567 1492 838 1537 sacrum
883 1475 1344 1538 ministerium
1380 1476 1686 1553 ipsorum
1724 1476 1882 1538 fidei
1922 1476 2354 1538 commissum
2396 1491 2660 1537 summa
2696 1474 2909 1536 animi
2954 1474 3394 1550 innocentia,
3429 1489 3548 1534 nio-

570 1598 718 1644 rum
768 1584 1099 1660 puritate,
1139 1583 1383 1645 iudicii
1420 1583 1823 1661 integritate
1863 1586 2222 1661 peragant,
2265 1583 2760 1659 exhibeantque
2796 1582 3208 1659 semetipsos
3249 1586 3338 1643 ut
3374 1581 3546 1641 mini·

568 1691 752 1751 stros
792 1688 1056 1752 Christi
1101 1694 1172 1752 et
1217 1690 1728 1767 dispensatores
1772 1690 2252 1768 mysteriorum
2309 1689 2460 1752 Dei.
2508 1689 2840 1752 Memores
2881 1690 3253 1766 praeterea
3309 1689 3453 1750 sint
3486 1706 3549 1750 se

568 1797 788 1858 locum
835 1800 1090 1874 tenere,
1139 1813 1221 1858 ac
1266 1798 1448 1860 vices
1489 1797 1679 1859 obire
1734 1796 1980 1866 summi
2026 1800 2234 1874 atque
2276 1797 2541 1859 aeterni
2601 1795 3018 1873 Sacerdotis,
3066 1797 3195 1874 qui
3256 1801 3545 1868 sanctus,

566 1905 915 1984 innocens,
950 1903 1382 1982 impollutus,
1411 1920 1530 1981 per
1557 1903 1897 1982 Spiritum
1927 1902 2256 1966 Sanctum
2284 1903 2720 1982 semetipsum
2748 1903 3004 1965 obtulit
3037 1902 3547 1965 immaculatum

570 2010 735 2086 Deo,
770 2017 850 2072 ut
885 2011 1291 2074 emundaret
1317 2009 1803 2073 conscientiam
1841 2016 2149 2073 nostram
2178 2011 2265 2073 ab
2297 2011 2619 2088 operibus
2644 2009 2960 2087 mortuis,
2995 2010 3087 2071 ad
3129 2009 3547 2072 serviendum

569 2118 712 2180 Deo
744 2117 1039 2181 viventi:
1084 2118 1325 2181 sedulo
1353 2119 1573 2198 igitur
1611 2121 1940 2182 studeant
1972 2117 2467 2197 diligenterque
2505 2121 2815 2196 caveant,
2849 2135 2936 2180 ne
2966 2118 3467 2195 quaerentibus
3490 2122 3549 2179 et

568 2225 1006 2303 pulsantibus
1049 2243 1282 2288 eorum
1325 2225 1531 2304 culpa
1570 2227 1832 2289 caelum
1876 2224 2266 2302 claudatur3
2317 2243 2405 2289 ne
2444 2226 2838 2304 deperditae
2881 2243 3043 2287 oves
3091 2225 3190 2287 ad
3235 2227 3419 2288 ovile
3451 2226 3546 2287 do

567 2332 893 2393 minicum
938 2332 1162 2395 redire
1209 2336 1679 2410 properantes,
1728 2349 1962 2396 eorum
2010 2332 2328 2395 manibus
2372 2333 2676 2394 ferarum
2734 2332 3056 2394 dentibus
3114 2331 3549 2393 dilanianda

569 2440 960 2514 tradantur;
1003 2456 1088 2502 ne
1131 2438 1402 2518 prodigi
1439 2439 1564 2500 filii
1599 2442 1874 2517 egentes
1908 2444 1982 2502 et
2015 2440 2233 2502 saucii
2267 2439 2358 2502 ad
2391 2439 2748 2502 coelestem
2785 2438 3066 2501 Patrem
3113 2443 3548 2512 revertentes,

572 2547 845 2639 nefaria
894 2565 1125 2609 eorum
1172 2547 1639 2625 improbitate,
1693 2547 2126 2626 gravioribus
2166 2549 2599 2624 peccatorum
2654 2546 3073 2622 vulneribus,
3126 2546 3303 2608 dum
3354 2547 3552 2608 adbuc

565 2657 637 2715 in
671 2655 782 2716 via
817 2658 1003 2741 sunt,
1035 2654 1548 2717 confodiantur.

753 2763 784 2838 ξ
815 2762 878 2824 7.
914 2763 1011 2826 Ut
1033 2765 1265 2852 autem
1303 2764 1692 2840 praesentes
1718 2761 2024 2825 Litterae
2048 2762 2137 2824 ad
2164 2760 2465 2823 omnium
2492 2760 2815 2823 notitiam
2848 2759 3135 2822 facilius
3168 2760 3545 2835 deveniant,

564 2874 636 2932 et
663 2887 861 2932 nemo
884 2870 1163 2932 illarum
1199 2870 1664 2949 ignorantiam
1692 2869 1996 2948 allegare
2020 2867 2272 2947 valeat,
2302 2870 2615 2931 volumus
2640 2868 2803 2930 illas
2837 2885 2955 2931 seu
2982 2885 3227 2931 earum
3256 2869 3549 2947 exmpla

565 2977 653 3040 ad
685 2979 920 3039 valvas
957 2977 1305 3040 Ecclesiae
1336 2976 1842 3054 Lateranensis,
1884 2980 1955 3040 et
1991 2976 2333 3039 Basilicae
2364 2975 2712 3054 Principis
2742 2976 3267 3057 Apostolorum,
3306 2993 3547 3038 necnon

565 3082 1036 3148 cancellariae
1076 3084 1538 3162 Apostolicae,
1582 3082 1967 3162 Cariaeque
1997 3082 2354 3147 Generalis
2385 3084 2458 3144 in
2495 3083 2727 3146 Monte
2761 3082 3131 3161 citatorio,
3169 3100 3256 3145 ac
3291 3084 3367 3144 in
3400 3084 3551 3145 Acie

564 3190 805 3269 Campi
842 3190 1091 3254 Florae
1129 3192 1214 3254 de
1258 3191 1464 3268 Urbe,
1503 3194 1586 3253 ut
1620 3191 1830 3253 moris
1866 3194 1997 3269 est,
2036 3190 2220 3270 affigi
2265 3195 2339 3255 et
2373 3189 2738 3270 publicari,
2787 3190 3018 3267 sicque
3054 3190 3459 3267 publicatas
3488 3194 3547 3251 et

562 3299 825 3377 affixas,
874 3316 1106 3386 omnes
1144 3302 1218 3361 et
1252 3300 1583 3377 singulos,
1621 3316 1790 3375 quos
1834 3298 1999 3362 illae
2044 3302 2489 3376 concernunt,
2529 3297 2809 3376 perinde
2847 3301 3122 3360 arctare
3162 3302 3241 3360 et
3276 3298 3548 3363 afficere,

563 3422 644 3467 ac
685 3407 744 3467 si
797 3406 1164 3484 unicuique
1205 3423 1436 3468 eorum
1490 3406 1897 3468 nominatim
1940 3409 2012 3468 et
2055 3406 2513 3484 personaliter
2553 3406 2917 3468 intimatae
2957 3405 3307 3468 fuissent:
3354 3410 3552 3483 utque

563 3515 869 3591 ipsarum
917 3513 1382 3590 praesentium
1419 3504 1839 3576 Litterarum
1875 3512 2339 3591 transumptis
2375 3530 2494 3576 seu
2530 3511 2882 3591 exempIiS,
2928 3513 3141 3575 etiam
3177 3512 3548 3590 impressis

562 3637 769 3682 manu
809 3619 1106 3682 alicuius
1144 3620 1419 3683 Notarii
1459 3620 1716 3699 publici
1759 3620 2194 3698 subscriptis,
2237 3625 2311 3683 et
2348 3618 2578 3699 sigillo
2626 3619 2924 3682 alicuius
2964 3636 3304 3698 personae
3348 3621 3426 3681 in
3461 3637 3548 3682 ee-

562 3727 952 3789 clesiastica
986 3728 1329 3806 dignitate
1369 3728 1796 3792 constitutae
1824 3728 2139 3805 munitis,
2177 3728 2410 3791 eadem
2446 3744 2733 3806 prorsus
2766 3727 2959 3805 fides,
3003 3732 3151 3790 tam
3183 3728 3264 3789 in
3305 3727 3551 3790 iudicio

562 3850 765 3912 quam
811 3839 1006 3897 extra
1047 3833 1247 3912 illud,
1287 3834 1536 3913 ubique
1570 3835 2005 3912 adhibeatur,
2045 3852 2218 3913 quae
2255 3836 2428 3914 ipsis
2464 3835 2944 3914 praesentibus
2986 3835 3460 3907 adhiberetur,
3495 3833 3545 3894 si

563 3942 793 4005 forent
827 3941 1171 4005 exhibitae
1218 3942 1320 4005 vel
1361 3945 1697 4005 ostensae.

749 4049 780 4124 ξ
827 4049 888 4110 8.
937 4048 1128 4111 Nulli
1160 4065 1322 4127 ergo
1350 4050 1627 4112 omnino
1656 4050 2006 4112 hominum
2031 4050 2241 4114 liceat
2264 4051 2585 4130 paginam
2613 4051 2790 4113 hanc
2815 4050 3115 4114 Nostrae
3146 4048 3546 4113 voluntatis.

562 4155 965 4234 sanctionis,
1011 4156 1384 4234 praecepti,
1437 4158 1749 4220 mandati
1789 4161 1861 4220 et
1912 4158 2378 4237 derogationis
2420 4157 2822 4236 intringere,
2867 4156 2973 4221 vel
3016 4158 3081 4220 ei
3122 4174 3305 4220 ausu
3357 4160 3545 4220 me-

563 4262 751 4325 rario
804 4263 1172 4325 contraire.
1228 4263 1301 4325 Si
1348 4264 1502 4342 quis
1544 4268 1775 4327 autem
1821 4267 1947 4328 hoc
1993 4268 2343 4328 attentare
2388 4264 2950 4343 praesumpserit,
3008 4264 3543 4342 indignationem

560 4368 1071 4447 omnipotentis
1107 4370 1261 4448 Dei,
1307 4388 1389 4434 ac
1425 4371 1568 4434 BB.
1611 4371 1804 4435 Petri
1838 4375 1913 4435 et
1945 4372 2149 4434 Pauli
2194 4372 2684 4451 Apostolorum
2721 4373 2873 4436 eius
2906 4390 2982 4435 se
3023 4373 3303 4435 noverit
3332 4372 3543 4434 incur·

565 4494 825 4541 surum.
868 4478 1124 4541 Datum
1163 4479 1418 4543 Romae
1460 4479 1646 4558 ap'ud
1694 4479 1765 4543 S.
1815 4480 2108 4542 Mariam
2148 4480 2474 4543 Maiorem
2516 4483 2719 4544 Anno
2764 4480 3290 4543 lucarnationis
3333 4478 3546 4541 Domi·

559 4585 755 4647 nicae
799 4584 1162 4648 millesimo
1207 4586 1813 4667 septingentesimo
1855 4587 2378 4667 quadragesimo
2434 4588 2679 4668 primo,
2730 4587 3069 4651 Kalendis
3118 4588 3339 4664 Iunii,
3385 4587 3543 4649 Pon·

565 4693 874 4755 tificatus
921 4693 1161 4757 Nostri
1214 4696 1417 4757 Anno
1466 4695 1527 4756 Ι.

647 4941 732 5010 X.
785 4940 1380 5011 Sua-DArAmus.
2445 4937 2589 5007 Pro
2636 4937 2721 5007 D.
2772 4938 3005 5009 Cam).
3054 4939 3466 5012 ΡΑεειοισεο

2572 5080 2995 5152 Gna-rmus
3042 5084 3377 5155 Annus.
