3753 5871
1538 226 1903 278 Documenta
2194 206 2197 213 ¹
3109 220 3218 279 687

1491 591 1728 655 ΟΛΡῐΠ·
1770 592 1938 653 VII.

872 736 977 798 De
1018 734 1489 812 acceptatione
1525 739 1593 795 et
1625 731 2165 811 proclamatione
2200 729 2580 808 electionis,

635 860 758 906 neo
792 860 934 905 non
977 843 1061 904 de
1099 842 1610 906 consecratione
1648 847 1717 904 et
1755 840 2195 903 coronatione
2232 839 2399 901 novi
2427 839 2811 917 Pontifici-s.

410 1058 514 1119 87.
550 1056 720 1119 Post
755 1055 1151 1119 electionem
1184 1054 1508 1117 canonice
1545 1054 1804 1115 iactam
1831 1070 2206 1115 consensus
2234 1051 2433 1115 electi
2465 1069 2587 1133 per
2616 1052 3054 1114 cardinalem
3088 1053 3213 1114 De-

217 1180 476 1226 canum
505 1164 777 1227 nomine
807 1163 1028 1226 totius
1067 1162 1136 1225 S.
1173 1160 1458 1240 Collegii
1500 1161 1898 1240 requiratur
1932 1160 1981 1229 ¹.

412 1272 514 1334 88.
553 1271 701 1334 Hoc
744 1287 1076 1333 consensu
1115 1270 1453 1348 praestito
1494 1269 1686 1332 intra
1721 1269 2115 1347 terminum,
2152 1273 2491 1346 quatenus
2526 1280 2699 1347 opus
2734 1270 2852 1347 sit,
2893 1268 3216 1346 prudenti

215 1378 522 1440 arbitrio
571 1378 1045 1441 Cardinalium
1088 1395 1208 1455 per
1246 1378 1571 1439 maiorem
1619 1379 1932 1439 votorum
1972 1393 2329 1438 numerum
2370 1375 2986 1453 determinandum,
3027 1374 3222 1437 illico

216 1485 488 1549 electus
516 1490 620 1548 est
652 1502 850 1548 verus
879 1484 1096 1564 Papa,
1129 1485 1336 1562 atqu‘e
1372 1487 1534 1546 actu
1566 1482 1838 1576 plenam
1880 1484 2398 1561 absolutamque
2428 1483 2970 1545 iurisdictionem
3006 1499 3217 1560 supra

219 1596 456 1654 totum
493 1593 720 1654 orbem
757 1592 1059 1669 acquirit
1088 1596 1160 1655 et
1199 1608 1509 1655 exercere
1545 1595 1792 1670 potest.
1833 1590 2040 1668 Hinc,
2080 1592 2139 1652 si
2175 1591 2332 1669 quis
2374 1592 2649 1653 litteras
2684 1607 2890 1668 super
2922 1591 3221 1669 negotiis

216 1700 763 1777 quibuscumque
802 1700 1175 1776 confectaS,
1228 1716 1401 1777 quae
1440 1717 1485 1761 a
1534 1701 1842 1762 Romano
1883 1699 2217 1762 Pontifice
2257 1700 2419 1762 ante
2461 1700 2968 1761 coronationem
3024 1715 3217 1760 suam

217 1806 723 1884 emanaverint,
761 1808 1018 1869 audeat
1059 1806 1486 1885 impugnare,
1527 1807 2251 1869 excommunicationis
2296 1807 2642 1869 sententia
2676 1806 3088 1868 innodamus
3124 1808 3174 1866 ².

413 1914 514 1976 89.
562 1913 824 1976 Deinde
861 1914 1116 1992 populo
1162 1913 1554 1992 expectanti
1595 1931 1813 1976 novus
1860 1914 2210 1975 Romanus
2250 1913 2572 1976 Pontifex
2611 1931 2653 1975 a
2694 1913 2933 1976 Priore
2977 1913 3216 1975 Diaco-

217 2037 474 2083 norum
507 2021 903 2098 publicatur
932 2023 981 2082 ³.

417 2129 520 2191 90.
560 2129 754 2202 Quod
801 2128 861 2189 si
900 2130 1159 2192 elect-us
1202 2128 1501 2189 nondum
1540 2129 1634 2191 sit
1670 2130 2040 2207 Presbyter
2073 2130 2177 2191 vel
2214 2128 2622 2207 Episcopus,
2663 2146 2708 2190 a
2745 2129 3020 2191 Decano
3066 2129 3216 2190 Col-

220 2235 394 2314 legii
424 2233 901 2297 Cardinalium
937 2234 1373 2297 ordinabitur
1403 2240 1476 2298 et
1510 2234 2027 2297 consecrabitur
2053 2238 2104 2297 ⁴.
2169 2309 2183 2327 .

395 2344 496 2404 91.
545 2344 844 2406 Tandem
875 2360 998 2420 per
1026 2343 1369 2404 Decanum
1411 2341 1848 2406 Cardinalem
1880 2343 2261 2405 Diaconum
2290 2348 2665 2406 coronatur
2694 2345 2743 2410 ⁸.

415 2450 604 2513 Haec
639 2450 880 2529 igitur,
914 2454 1064 2513 tota-
1104 2451 1204 2513 rei
1232 2468 1440 2512 causa
1472 2450 1776 2528 graviter
1803 2451 2262 2527 considera-ta,
2296 2454 2502 2527 atque
2532 2449 2739 2513 etiam
2774 2449 3218 2513 Decessorum

222 2557 641 2620 Nostrorum
683 2555 1011 2635 exemplis
1051 2557 1366 2635 permoti,
1419 2558 1793 2620 statuimus
1832 2561 1905 2622 et
1954 2557 2506 2635 praescribimus,
2550 2558 2989 2620 decernentes
3031 2572 3218 2635 prae-

220 2669 462 2727 sentes
495 2665 620 2726 has
653 2664 956 2728 Litteras
988 2668 1058 2727 et
1090 2665 1164 2726 in
1197 2666 1297 2726 eis
1339 2669 1664 2727 contenta
1702 2682 2184 2743 quaecumque,
2229 2664 2438 2727 etiam
2476 2683 2556 2727 ex
2593 2683 2674 2728 eo
2717 2665 2895 2742 quod
2933 2663 3221 2741 quilibet

223 2773 310 2833 in
363 2771 759 2849 praemissis
798 2772 911 2833 ius
948 2770 1053 2834 vel
1094 2773 1423 2835 interesse
1464 2773 1815 2850 habenteS,
1858 2773 1960 2834 vel
2003 2772 2249 2835 habere
2302 2772 2827 2849 praetendentes
2865 2772 3223 2848 quomodo·

221 2880 403 2941 libet
447 2878 594 2940 illis
632 2894 768 2939 non
807 2877 1302 2954 consenserint,
1341 2893 1463 2939 nec
1499 2876 1590 2938 ad
1625 2893 1707 2940 ea
1747 2875 1969 2939 vocati
2011 2877 2152 2939 sive
2189 2876 2415 2939 auditi
2463 2874 2751 2954 fuerint,
2793 2879 2921 2939 aut
2956 2894 3037 2940 ex
3077 2877 3219 2954 qui·

221 2987 532 3048 buslibet
558 2985 720 3047 aliis
755 2985 1006 3062 causiS‚
1039 2985 1430 3063 impugnari
1462 2985 1738 3047 minime
1775 3002 1996 3063 posse,
2030 2985 2147 3045 sed
2178 2984 2446 3046 easdem
2486 3001 2751 3062 semper
2782 3002 2862 3046 ac
2893 2994 3225 3063 perpetuo

223 3096 491 3171 firmas,
528 3093 792 3155 validas
823 3097 896 3156 et
926 3093 1224 3156 efficaces
1254 3093 1549 3154 existere
1588 3098 1658 3155 et
1691 3093 1862 3168 fore,
1904 3109 2193 3168 suosque
2237 3091 2583 3170 plenarios
2618 3095 2690 3153 et
2721 3093 3029 3170 integros
3072 3092 3221 3154 effe-

220 3204 388 3263 ctus
418 3201 656 3262 sortiri
687 3204 758 3263 et
792 3200 1123 3276 obtinere,
1154 3217 1234 3262 ac
1270 3200 1361 3261 iis
1388 3200 1477 3262 ad
1509 3217 1678 3277 quos
1713 3203 1982 3277 spectat
2014 3204 2085 3262 et
2114 3217 2240 3277 pro
2276 3203 2579 3277 tempore
2609 3200 2950 3276 spectabit
2981 3200 3220 3260 suffra-

219 3308 409 3387 gari,
437 3312 510 3370 et
531 3307 618 3369 ab
644 3308 745 3370 eis
769 3306 1141 3385 respective
1173 3311 1245 3369 et
1270 3306 1764 3369 inviolabiliter
1792 3306 2139 3369 observari
2175 3306 2439 3384 debere,
2471 3324 2551 3368 ac
2580 3306 2857 3368 irritum
2893 3311 2963 3369 et
2992 3306 3221 3374 inane.

223 3415 289 3477 si
341 3431 537 3477 secus
575 3431 780 3492 super
827 3415 935 3477 his
973 3433 1015 3477 a
1055 3431 1497 3492 quocumque,
1539 3415 1779 3492 quavis
1817 3414 2261 3489 auctoritate,
2315 3413 2610 3476 scienter
2649 3413 2756 3477 vel
2796 3415 3221 3492 ignoranter,

222 3522 606 3600 contigerit
649 3522 1009 3585 attentari.
1688 3591 1694 3598 ,

401 3629 736 3692 Volumus
776 3631 985 3693 etiam
1021 3630 1314 3692 Nostras
1355 3630 1480 3691 has
1519 3629 1825 3692 Litteras
1858 3628 1993 3707 legi
2036 3646 2265 3690 coram
2307 3629 2621 3691 omnibus
2656 3629 2727 3689 in
2766 3629 3016 3707 ,primis
3057 3629 3230 3691 Con·

221 3737 751 3816 gregationibus
781 3740 940 3814 post
968 3737 1229 3798 obitum
1262 3736 1621 3799 Pontificis
1652 3723 1886 3798 haberi
1906 3799 1909 3806 ,
1929 3735 2179 3813 solitis,
2215 3741 2293 3799 ut
2331 3753 2541 3813 supra
2590 3738 2682 3813 (n.
2730 3739 2832 3813 11,
2857 3740 2949 3814 a);
2985 3754 3228 3798 rursus

227 3849 395 3923 post
419 3845 802 3922 ingressum
829 3843 901 3904 in
936 3834 1294 3920 Conclave,
1324 3848 1406 3906 ut
1432 3861 1641 3922 supra
1678 3845 1771 3920 (n.
1803 3845 1937 3921 45);
1970 3845 2134 3905 item
2164 3861 2318 3906 cum
2344 3843 2499 3921 quis
2532 3843 2621 3904 ad
2649 3860 2996 3921 purpurae
3022 3845 3224 3906 hono·

226 3969 375 4014 rem
409 3950 627 4014 fuerit
653 3954 950 4029 evectus,
986 3949 1399 4028 interposito
1429 3955 1857 4013 sacramento
1900 3952 1983 4014 de
2016 3951 2330 4029 religiose
2369 3950 2748 4013 retinendis
2788 3951 2900 4026 iis,
2945 3967 3117 4027 quae
3153 3951 3227 4010 in

228 4060 584 4138 praesenti
618 4058 1132 4124 Constitutione
1165 4059 1440 4121 decreta
1479 4062 1664 4121 sunt.

419 4166 573 4227 Non
616 4166 1076 4242 obstantibuS,
1116 4170 1457 4244 quatenus
1501 4183 1673 4244 opus
1712 4167 1828 4242 sit,
1871 4183 1994 4244 per
2030 4167 2372 4226 Romanos
2410 4163 2781 4227 Pontifices
2829 4164 3225 4226 Praedeces·

228 4289 427 4335 sores
451 4273 742 4335 Nostros
763 4272 973 4335 editis
992 4273 1625 4336 Constitutionibus
1648 4277 1727 4336 et
1748 4273 2301 4335 ordinationibus
2327 4272 2771 4350 Apostolicis‚
2799 4290 2968 4350 quas
3000 4289 3232 4335 omnes

226 4387 301 4444 et
347 4378 661 4458 singulas
703 4381 1095 4457 abrogatas,
1144 4384 1224 4442 ut
1266 4398 1499 4459 supra,
1556 4379 2010 4458 declaramus,
2056 4381 2433 4458 ceterisque
2479 4381 2689 4442 etiam
2745 4379 3100 4442 individua
3147 4397 3227 4440 ac

227 4485 734 4568 specialissima
775 4488 1117 4551 mentione
1155 4491 1227 4551 et
1257 4487 1699 4564 derogatione
1731 4488 1961 4566 dignis
1992 4489 2363 4550 contrariis
2398 4489 2952 4566 quibuscumque.

421 4594 614 4655 Nulli
651 4612 814 4673 ergo
845 4595 1191 4657 hominum
1236 4594 1443 4657 liceat
1474 4596 1648 4656 hanc
1683 4595 2005 4672 paginam
2038 4596 2334 4657 Nostrae
2369 4594 2913 4670 constitutionis,
2960 4594 3228 4655 ordina-

227 4700 476 4772 tionis,
516 4702 1012 4778 abrogationis,
1059 4703 1394 4781 mandati,
1434 4701 1931 4778 innodationis,
1972 4702 2488 4779 admonitionis,
2528 4701 2988 4774 inhibitionis,
3041 4717 3227 4779 prae·

228 4808 446 4887 cepti,
475 4807 859 4870 voluntatis
884 4807 1285 4895 infringere,
1324 4810 1427 4872 vel
1459 4811 1521 4873 ei
1550 4828 1721 4872 ausu
1752 4811 2119 4873 temerario
2152 4810 2519 4872 contraire.
2563 4810 2632 4870 Si
2665 4810 2819 4887 quis
2846 4812 3075 4871 autem
3107 4808 3233 4869 hoc

425 5007 440 5035 ¹
475 5003 895 5059 Caeremoniale
931 5004 1107 5065 Rom..
1141 5005 1239 5056 lib.
1277 5004 1318 5064 1,
1354 5006 1443 5060 tit.
1479 5004 1522 5067 1,
1561 5005 1641 5058 De
1676 5005 1956 5059 conclavi
1988 5008 2040 5058 et
2072 5006 2363 5059 Electione
2397 5005 2614 5072 Papae,
2649 5004 2782 5072 §34-

422 5104 444 5134 ⁸
475 5102 645 5156 Clem.
680 5104 746 5166 V,
781 5118 902 5170 cap.
937 5104 987 5164 4,
1021 5104 1092 5156 de
1123 5108 1268 5156 sent.
1304 5118 1593 5160 excomm..
1631 5103 1697 5164 V,
1734 5105 1796 5156 10
1825 5105 1886 5156 in
1921 5104 2220 5170 Extravag.
2254 5118 2453 5156 comm.

420 5201 444 5234 ⁸
475 5198 895 5255 Caeremoniale
929 5203 1107 5263 Rom..
1141 5201 1242 5254 lib.
1280 5202 1322 5262 1,
1361 5203 1451 5254 tit.
1489 5202 1532 5262 1,
1567 5202 1649 5255 De
1685 5202 1963 5255 Conclavi
1996 5206 2051 5255 et
2080 5203 2372 5256 Elec-tione
2404 5202 2618 5270 Papae.
2658 5202 2690 5268 g
2722 5201 2801 5252 35.

422 5298 446 5326 ⁴
477 5295 722 5352 Caerem.
758 5300 942 5361 Rom„
975 5300 1074 5354 lib.
1114 5300 1158 5365 Ι,
1190 5301 1280 5355 tii.
1318 5299 1382 5359 ΙΙ,
1424 5300 1502 5353 De
1533 5301 1726 5353 ordin.
1762 5303 1815 5353 et
1847 5304 2168 5354 consecrat.
2203 5301 2343 5353 novi
2376 5301 2697 5364 Pontificis.
2735 5301 2766 5366 5
2799 5300 2877 5352 13.

429 5396 451 5426 ⁸
483 5393 727 5448 Caerem.
764 5397 945 5458 Rom„
978 5398 1075 5450 lib.
1113 5397 1157 5461 Ι,
1192 5399 1282 5450 tit.
1319 5398 1386 5459 11,
1422 5398 1506 5451 De
1537 5398 1731 5450 ordin.
1767 5402 1821 5451 ei
1851 5401 2171 5452 consecrat.
2205 5400 2347 5451 novi
2378 5397 2699 5462 Pontificio,
2736 5397 2768 5463 δ
2802 5396 2878 5450 18.
