3753 5871
534 365 643 424 474
1669 368 1865 420 σοαοο
1905 367 2064 421 tun-u
2113 368 2397 420 σωωιιαι
2436 433 2440 437 ,

1715 677 2139 747 TITULUS
2184 680 2319 746 IV.

1582 820 1687 890 De
1731 823 2055 907 partibus
2100 823 2177 889 in
2224 840 2450 892 cam

1826 1015 2086 1082 CAPUT
2132 1016 2198 1081 Ι.

1428 1135 1540 1203 De
1569 1141 1817 1204 actore
1845 1145 1919 1206 et
1954 1142 2043 1207 de
2070 1155 2195 1205 reo
2224 1144 2603 1208 conve-nto.

1816 1349 1994 1416 CAN.
2042 1349 2236 1415 1646.

709 1472 1038 1551 Quilibet
1068 1476 1313 1556 potest
1343 1473 1423 1538 in
1463 1472 1740 1540 iudicio
1770 1491 2012 1555 agere,
2047 1473 2193 1539 nisi
2225 1491 2271 1539 a
2313 1473 2547 1540 sacris
2576 1475 2983 1543 canonibus
3018 1477 3544 1563 prohibeatun

540 1599 706 1647 reus
740 1584 987 1647 autem
1023 1579 1347 1663 legitime
1379 1585 1784 1647 conventus
1821 1580 2259 1664 respondere
2300 1580 2513 1648 debet
2572 1581 2621 1649 ².

1806 1754 1983 1822 CAN.
2032 1754 2225 1821 1647.

710 1879 915 1948 Licet
952 1884 1161 1947 actor
1201 1879 1316 1946 vel
1358 1897 1527 1946 reus
1570 1883 1976 1947 conventus
2025 1886 2576 1963 procuratorem
2617 1879 2732 1946 vel
2770 1877 3208 1944 advocatum
3249 1874 3541 1941 consti·

540 1986 794 2068 tuerit,
836 2003 1120 2070 semper
1153 1991 1401 2054 tamen
1447 1990 1742 2055 tenetur
1777 1988 1854 2052 in
1890 1987 2167 2054 iudicio
2201 1988 2510 2071 ipsemet
2553 1986 2808 2053 adesse
2843 1985 2940 2052 ad
2980 1982 3542 2068 praescriptum

538 2091 723 2160 iuris
753 2094 869 2160 vel
900 2093 1170 2161 iudicis
1207 2092 1260 2159 ².

1807 2203 1982 2270 CAN.
2030 2203 2225 2269 1648.

714 2332 748 2416 ἓ
795 2337 861 2400 1.
912 2334 1061 2401 Pro
1100 2334 1510 2402 minoribus
1552 2338 1626 2402 et
1668 2335 1765 2402 iis
1811 2335 1939 2420 qui
1985 2335 2299 2404 rationis
2353 2354 2491 2402 usu
2544 2336 2890 2403 destituti
2933 2339 3135 2416 sunt,
3180 2352 3411 2419 agere
3455 2338 3544 2401 et

541 2440 975 2525 respondere
1015 2445 1363 2510 tenentur
1394 2460 1644 2510 eorum
1677 2449 2025 2528 parentes
2054 2447 2187 2511 aut
2230 2447 2515 2511 tutores
2545 2443 2661 2511 vel
2692 2447 3075 2510 curatores
3120 2437 3171 2504 ³.

707 2549 740 2631 ἓ
786 2548 853 2615 2.
905 2548 987 2616 Si
1029 2550 1250 2617 iudex
1291 2550 1664 2618 existimet
1708 2551 2037 2634 ipsorum
2079 2551 2249 2617 iura·
2288 2569 2446 2619 esse
2496 2552 2576 2618 in
2616 2551 2967 2620 conflictu
3010 2568 3177 2617 cum
3233 2550 3543 2618 iuribus

540 2659 928 2738 parentum
963 2657 1078 2724 vel
1113 2660 1444 2724 tutorum
1487 2657 1604 2725 vel
1644 2662 2100 2740 curatorum,
2137 2663 2272 2727 aut
2308 2659 2510 2742 ipsos
2548 2664 2702 2726 tam
2737 2658 2953 2744 longe
2986 2659 3273 2726 distare
3315 2677 3370 2725 a
3407 2676 3538 2743 pa-

539 2762 872 2831 rentibus
903 2768 1040 2833 aut
1074 2763 1447 2832 tutoribus
1484 2765 1601 2832 vel
1638 2766 2133 2848 curatoribus,
2172 2771 2257 2834 ut
2289 2766 2486 2834 hisce
2521 2768 2633 2834 uti
2665 2770 2800 2835 aut
2831 2766 3132 2834 minime
3162 2771 3300 2834 aut
3344 2767 3538 2833 diffi-

535 2870 776 2938 culter
806 2871 1052 2953 liceat,
1088 2877 1268 2941 tunc
1299 2877 1500 2942 stent
1540 2873 1619 2940 in
1653 2873 1931 2943 iudicio
1972 2893 2104 2959 per
2133 2877 2550 2943 curatorem
2585 2893 2631 2942 a
2665 2874 2905 2944 iudice
2938 2874 3222 2943 datum.

716 2979 750 3060 ξ
796 2978 863 3045 3.
916 2978 1060 3047 Sed
1108 2980 1187 3047 in
1244 2981 1491 3048 causis
1550 2981 2069 3066 spiritualibus
2119 2987 2193 3051 et
2242 3002 2411 3051 cum
2459 2983 2978 3067 spiritualibus
3025 2984 3415 3065 connexis,
3468 2986 3538 3051 si

536 3085 857 3153 minores
889 3105 1102 3153 usum
1135 3087 1450 3155 rationis
1488 3090 1809 3157 assecuti
1842 3090 2021 3173 sint,
2064 3108 2281 3173 agere
2312 3094 2388 3159 et
2421 3089 2856 3174 respondere
2891 3097 3168 3176 queunt
3199 3090 3372 3160 sine
3408 3110 3537 3177 pa·

537 3193 679 3260 tris
714 3194 831 3261 vel
870 3194 1146 3261 tutoris
1183 3212 1565 3278 consensu;
1611 3201 1688 3264 et
1736 3198 2054 3282 quidem,
2097 3197 2163 3265 si
2203 3202 2522 3266 aetatem
2562 3198 3114 3284 quatuordecim
3153 3216 3536 3266 annorum

534 3300 1014 3384 expleverint,
1041 3301 1266 3369 etiam
1295 3321 1427 3386 per
1461 3303 1760 3387 seipsos:
1789 3323 1998 3372 secus
2032 3324 2164 3389 per
2191 3310 2513 3373 tutorem
2539 3305 2634 3373 ab
2660 3305 3064 3374 ordinario
3086 3306 3385 3389 datum,
3417 3308 3536 3376 vel

532 3407 756 3474 etiam
796 3424 928 3492 per
972 3413 1524 3492 procuratorem
1572 3431 1618 3479 a
1659 3430 1760 3495 se,
1807 3412 2189 3480 ordinarii
2227 3412 2701 3495 auctoritate,
2743 3412 3235 3482 constitutum
3270 3412 3319 3481 ⁴.

1790 3587 1967 3654 CAN.
2026 3586 2221 3654 1649.

712 3708 1024 3776 Nomine
1058 3727 1311 3776 eorum
1342 3709 1435 3777 de
1472 3711 1738 3795 quibus
1770 3711 1850 3778 in
1888 3729 2052 3779 can.
2096 3710 2248 3794 100,
2299 3710 2334 3794 ἓ
2378 3711 2448 3794 3,
2487 3715 2644 3780 stat
2677 3711 2757 3777 in
2801 3711 3081 3779 iudicio
3116 3713 3372 3779 rector
3419 3712 3534 3781 vel

535 3814 1124 3899 administrator,
1151 3816 1362 3885 firmo
1385 3818 1846 3903 praescripto
1865 3837 2030 3885 can.
2064 3819 2360 3902 16533111
2388 3819 2738 3887 conflictu
2762 3837 2938 3887 vero
2957 3836 3208 3886 eorum
3241 3818 3533 3886 itu-ium

533 3940 700 3990 cum
746 3922 1035 3990 iuribus
1082 3925 1389 3992 rectoris
1435 3925 1549 3994 vel
1594 3926 2251 4009 administratoris,
2312 3931 2752 4011 procurator
2797 3927 2893 3994 ab
2948 3925 3362 3994 Ordinatio
3412 3929 3529 3996 de·

533 4031 873 4117 signatus
910 4031 961 4098 ⁸.

1801 4143 1977 4210 om.
2033 4142 2224 4210 1650.

711 4264 940 4331 Bonis
980 4263 1384 4339 interdicti,
1419 4271 1496 4333 et
1524 4267 1580 4333 ii
1613 4268 1740 4352 qui
1778 4268 2025 4335 minus
2058 4266 2313 4336 firmae
2353 4268 2621 4335 mentis
2653 4271 2854 4350 sunt,
2891 4270 3091 4334 stare
3125 4266 3203 4332 in
3243 4265 3532 4335 iudicio

535 4387 666 4453 per
698 4388 773 4437 se
808 4370 953 4455 ipsi
985 4376 1299 4456 possunt
1328 4374 1841 4443 tantummodo
1884 4380 1969 4443 ut
2006 4376 2096 4445 de
2131 4375 2458 4460 propriis
2489 4374 2784 4443 delictis
2818 4373 3340 4458 respondeant,
3393 4380 3527 4442 aut

534 4477 630 4544 ad
666 4479 1204 4564 praescriptum
1251 4482 1561 4549 iudicis:
1606 4483 1685 4550 in
1720 4483 1988 4551 ceteris
2021 4502 2238 4568 agere
2272 4489 2357 4553 et
2401 4481 2837 4569 respondere
2872 4481 3139 4550 debent
3174 4500 3312 4565 per
3350 4501 3528 4550 suos

529 4589 935 4653 curatores„

718 4813 737 4848 ¹
776 4812 839 4865 O.
881 4815 964 4874 11,
997 4814 1062 4875 X,
1098 4816 1169 4866 de
1199 4813 1692 4874 accusationibus,
1725 4815 2208 4875 inquisitionibus
2247 4820 2305 4867 ei
2347 4815 2915 4874 mundationibus,
2948 4814 3019 4875 V,
3052 4816 3104 4866 1.

706 4911 729 4943 2
772 4904 837 4956 Ο.
869 4904 952 4966 15,
982 4905 1048 4965 X,
1084 4907 1155 4956 ae
1182 4904 1675 4964 accusationibus,
1705 4905 2186 4966 inquisitionibus
2218 4909 2277 4956 ei
2307 4903 2875 4964 mundationibus,
2907 4904 2977 4966 V,
3009 4906 3059 4966 1:
3085 4915 3135 4956 c.
3167 4906 3218 4962 1.
3261 4906 3334 4956 dc
3376 4903 3522 4954 iudi·

537 4994 665 5051 ciis,
696 4994 778 5055 11,
805 4996 856 5056 1,
890 4996 950 5046 in
977 4995 1103 5059 V1⁰;
1137 4996 1279 5048 Pius
1313 4996 1414 5057 1v,
1449 4999 1634 5049 const.
1664 5010 1696 5047 «t
1724 4996 1811 5046 De
1839 4996 2033 5047 salute
2059 4995 2252 5057 arenis
2281 5011 2331 5057 ι,
2360 4997 2393 5048 4
2419 4998 2566 5057 sept.
2600 4995 2750 5057 1500,
2779 4995 2808 5057 ⁸
2837 4995 2888 5058 3;
2923 4993 2983 5047 S.
3014 4994 3082 5047 Ο.
3118 4994 3224 5055 Dp.
3256 4997 3322 5046 et
3349 4994 3518 5056 Βει..

539 5083 858 5143 campum„
896 5085 960 5137 m
993 5098 1123 5138 nov.
1164 5086 1312 5148 1601:
1345 5088 1516 5141 lnstr.
1554 5088 1619 5139 11
1656 5087 1778 5139 lun.
1815 5087 1964 5147 1880,
2002 5099 2060 5139 n.
2093 5087 2175 5149 21,
2207 5087 2289 5149 233
2324 5086 2384 5140 8.
2423 5086 2489 5139 G.
2535 5085 2611 5138 de
2655 5087 2825 5147 Pron.
2877 5081 3039 5144 Pide,
3081 5084 3234 5137 lustr
3273 5096 3330 5136 a.
3370 5083 3518 5142 lffi,

534 5186 590 5224 n.
624 5174 770 5235 XXI,
803 5175 1015 5227 xx111.

704 5271 729 5306 ³
771 5267 835 5319 Ο.
862 5269 945 5327 14,
972 5268 1037 5320 O.
1066 5268 1149 5328 II,
1174 5281 1229 5330 q.
1260 5271 1310 5331 13
1331 5280 1381 5321 c.
1408 5269 1460 5330 3,
1489 5271 1560 5321 ao
1584 5267 1842 5328 iudiciis,
1871 5268 1954 5330 11,
1988 5271 2040 5329 1,
2073 5268 2138 5320 in
2168 5267 2296 5321 ΥΡ.

707 5365 736 5400 ⁴
766 5361 830 5413 Ο.
863 5361 946 5420 14,
979 5360 1045 5420 X,
1085 5362 1157 5411 do
1187 5357 1564 5411 restitutione
1594 5359 2000 5419 spoliatorum,
2039 5359 2124 5421 11,
2159 5358 2242 5422 13:
2268 5370 2319 5411 e.
2350 5357 2402 5419 8,
2436 5358 2507 5408 do
2539 5355 2796 5417 iudiciis,
2825 5356 2909 5418 11,
2944 5358 2996 5417 1,
3027 5354 3091 5407 ln
3119 5353 3248 5406 V10.

709 5452 735 5488 ⁸
770 5451 835 5504 O.
865 5450 949 5510 21,
980 5452 1047 5512 X,
1086 5452 1157 5502 de
1192 5449 1518 5511 reson-ivm,
1552 5450 1602 5511 1,
1639 5450 1689 5512 3;
1716 5462 1766 5502 c.
1796 5451 1881 5512 16,
1911 5451 1977 5511 X,
2009 5451 2082 5501 de
2110 5448 2370 5508 iudiciis,
2402 5448 2488 5510 11,
2517 5450 2568 5510 1;
2594 5457 2645 5499 c.
2679 5459 2804 5508 nn„
2836 5447 2911 5497 aa
2938 5449 3105 5498 siaiu
3133 5444 3516 5505 manerium,

535 5540 651 5602 111,
680 5542 763 5601 16,
794 5541 858 5593 ln
888 5541 1016 5594 V10.
