3753 5871
577 366 690 426 270
1717 366 1913 417 com
1958 340 2123 416 mu
2160 364 2441 417 canoniae

760 554 795 636 ξ
840 554 907 621 3.
959 549 1232 621 Unctio
1268 553 1535 637 pedum
1579 571 1670 621 ex
1706 552 2033 637 qualibet
2071 551 2502 619 rationabili
2536 568 2766 619 causa·
2799 549 3046 618 omitti
3086 552 3355 634 potest.

758 660 793 743 ἕ
840 662 907 727 4.
957 659 1199 728 Extra
1239 678 1492 728 casum
1529 660 1778 746 gravis
1817 660 2306 742 necessitatis,
2348 660 2733 727 unctiones
2767 658 2934 744 ipsa
2968 658 3298 726 ministri
3344 675 3569 724 manu

583 768 932 853 nulloque
979 768 1314 836 adhibito
1353 770 1850 835 instrumento
1899 768 2082 835 fiant-
2113 766 2164 834 ¹.

1757 1033 2183 1103 TITULUS
2228 1033 2362 1099 VI.

1849 1180 1954 1247 De
2000 1178 2272 1246 ordine.

755 1457 958 1526 onio
994 1477 1084 1527 ex
1126 1439 1411 1526 christi
1455 1350 1930 1527 institutioxss
1969 1351 2276 1527 «31εῇ808
2318 1478 2366 1527 a
2406 1458 2621 1526 laicis
2660 1460 2739 1525 in
2794 1458 3129 1526 Ecclesia
3167 1456 3574 1544 distinguit

577 1566 671 1632 ad
706 1563 1032 1633 fidelium
1073 1567 1396 1651 regimen
1432 1570 1507 1635 et
1542 1567 1793 1635 cultus
1821 1568 2056 1635 divini
2089 1568 2582 1635 ministerium
2608 1574 2662 1641 ².

1875 1726 2055 1793 CAN.
2102 1727 2254 1793 949.

765 1832 856 1898 In
883 1832 1291 1899 canonibus
1319 1833 1447 1917 qui
1474 1836 1913 1918 sequuntur,
1946 1835 2240 1901 nomine
2270 1835 2612 1903 ordinum
2642 1836 3006 1903 maiorum
3041 1836 3159 1905 vel
3193 1852 3577 1903 sacrorum

589 1938 1117 2024 intelliguntur
1178 1941 1758 2025 presbyteratus,
1810 1941 2275 2025 diaconatus,
2333 1943 2929 2028 subdiaconatus3
2981 1942 3350 2011 minorum
3401 1964 3578 2013 vero

582 2044 1079 2130 acolythatus,
1119 2048 1638 2129 exorcistatus,
1687 2048 2119 2133 lectoratus,
2163 2051 2600 2118 ostiariatus
2632 2052 2685 2120 ³.

1871 2203 2050 2271 OAN.
2102 2203 2255 2271 950.

753 2307 846 2374 In
886 2309 1050 2375 iure
1111 2310 1378 2377 verba:
1450 2309 1826 2393 ordinare,
1900 2313 2080 2377 ordo
2083 2359 2109 2393 ,
2181 2310 2583 2394 ordinatio,
2657 2330 2870 2380 sacra
2932 2313 3336 2400 ordinatio,
3376 2335 3572 2384 com·

577 2415 1068 2499 prehendunt,
1112 2418 1409 2500 praeter
1447 2419 2073 2487 consecrationem
2106 2419 2619 2503 episcopalem,
2659 2421 2955 2489 ordines
2988 2426 3461 2492 enumeratos
3494 2424 3573 2491 in

574 2540 739 2590 can.
774 2523 904 2589 949
933 2527 1009 2591 et
1040 2525 1279 2608 ipsam
1313 2526 1626 2608 prima-m
1667 2530 2077 2610 tonsura-m,
2123 2529 2268 2594 nisi
2309 2529 2517 2596 aliud
2548 2548 2636 2595 ex
2673 2534 2949 2597 natura
2978 2531 3086 2597 rei
3117 2530 3236 2599 vel
3275 2550 3364 2600 ex
3398 2551 3571 2600 con·

576 2634 784 2697 textu
825 2630 1213 2698 verborum
1252 2637 1562 2700 eruatur
1582 2633 1635 2699 ⁴.

1888 2809 2148 2877 CAPUT
2191 2810 2257 2877 Ι.

1402 2929 1510 2998 De
1552 2931 1898 2998 min-istro
1937 2950 2191 2999 sacrae
2226 2931 2745 3010 ordinationis.

1883 3109 2059 3176 CAN.
2106 3109 2258 3176 951.

750 3217 1023 3284 Sacrae
1063 3215 1558 3283 ordinationis
1608 3216 1951 3283 minister
1994 3217 2419 3284 ordinarius
2462 3223 2575 3285 est
2616 3218 3031 3303 Episcopus
3072 3225 3578 3307 consecratum

574 3324 1239 3406 extraordinarius,
1282 3324 1434 3408 qui,
1467 3324 1643 3392 licet
1673 3324 2102 3393 charactere
2132 3325 2534 3410 episcopali
2562 3332 2839 3409 careat,
2871 3346 2919 3394 a
2950 3328 3113 3396 iure
3139 3329 3257 3396 vel
3293 3347 3337 3396 a
3382 3329 3579 3398 Sede

575 3432 1009 3516 Apostolica
1045 3449 1177 3515 per
1213 3432 1586 3515 peculiare
1624 3431 2001 3500 indultum
2041 3437 2480 3517 potestatem
2531 3436 2897 3518 acceperit
2933 3436 3225 3520 aliquos
3272 3437 3580 3507 ordines

572 3538 1002 3606 conferendi
1030 3539 1082 3606 ⁸.

754 3743 776 3779 ¹
818 3742 877 3795 S.
908 3742 974 3794 O.
1011 3741 1069 3794 8.
1102 3742 1219 3796 ott.
1260 3743 1601 3804 (Alget-iae),
1626 3744 1692 3794 11
1718 3743 1822 3794 iul.
1851 3743 2000 3804 1754,
2026 3743 2105 3795 ad
2129 3743 2178 3805 22
2209 3744 2266 3797 S.
2299 3744 2364 3796 Ο.
2390 3744 2466 3796 de
2489 3745 2659 3806 Prop.
2687 3744 2849 3806 Fide,
2877 3745 2942 3797 21
2965 3746 3088 3798 iun.
3113 3745 3261 3809 178&
3284 3746 3345 3800 Β.
3370 3748 3447 3799 R.
3482 3747 3576 3809 O..

577 3829 792 3882 Portus
827 3830 890 3883 8.
922 3830 1168 3892 Alousii,
1196 3832 1231 3884 9
1257 3832 1401 3883 mali
1430 3831 1579 3893 1857,
1612 3830 1690 3883 ad
1718 3832 1800 3893 11;
1829 3830 2135 3891 Toletano,
2165 3833 2231 3885 31
2267 3845 2403 3896 aug.
2438 3833 2586 3895 1872,
2619 3833 2697 3885 ad
2731 3833 2849 3895 111,
2881 3834 2983 3895 lv:
3016 3833 3322 3894 Galim..
3353 3836 3423 3887 12
3463 3836 3576 3889 iul..

576 3920 724 3981 1901,
772 3919 851 3972 ad
890 3918 1056 3981 VIII:
1095 3920 1338 3973 Ritusle
1377 3919 1566 3982 Rom..
1608 3922 1703 3974 tit.
1745 3921 1816 3982 V,
1863 3932 1914 3972 c.
1947 3920 1998 3981 2,
2043 3920 2197 3972 Ordo
2234 3921 2616 3973 ministrandi
2652 3925 3086 3973 sacramentum
3126 3925 3428 3976 extreme
3470 3935 3579 3974 un·

571 4007 803 4066 usionis,
845 4020 904 4059 n.
949 4007 999 4060 8.
2113 4049 2121 4058 .

750 4100 778 4137 ²
812 4098 985 4150 Oonc.
1020 4098 1307 4160 Trident„
1342 4110 1486 4150 sess.
1528 4098 1743 4159 XXIII,
1780 4101 1852 4149 de
1885 4098 2109 4158 oraine,
2144 4111 2194 4150 c.
2233 4101 2284 4161 4,
2318 4110 2447 4151 can.
2491 4101 2542 4161 4,
2573 4099 2623 4163 7;
2653 4100 3033 4154 Innocentius
3068 4101 3185 4164 111,
3218 4112 3309 4162 ep.
3352 4116 3390 4152 ι
3423 4101 3580 4154 mus

575 4187 839 4247 exemplo
872 4203 920 4249 ι,
956 4187 1022 4240 18
1051 4188 1176 4239 dec.
1217 4187 1368 4248 12⁰8,
1405 4187 1705 4240 Protessio
1740 4187 1875 4240 fidei
1913 4188 2326 4241 waldensibus
2368 4198 2623 4248 praescr.

752 4279 778 4315 ³
813 4276 877 4329 C.
919 4278 1001 4337 11,
1035 4277 1117 4336 12,
1151 4279 1233 4336 14,
1277 4278 1348 4327 D.
1390 4278 1618 4339 XXXII3
1660 4288 1714 4329 c.
1747 4279 1798 4339 4,
1842 4278 1914 4328 D.
1958 4279 2072 4339 LX;
2107 4290 2156 4329 c.
2189 4278 2240 4339 5,
2271 4279 2323 4339 9,
2355 4278 2420 4339 Χ,
2474 4280 2545 4329 de
2585 4281 2784 4329 aetate
2825 4281 2886 4330 ei
2928 4277 3220 4338 qualitate
3258 4283 3318 4332 si
3357 4279 3579 4332 omino

575 4366 1117 4426 praeficiendorum,
1164 4367 1214 4427 I,
1253 4367 1335 4428 14:
1370 4378 1418 4418 c.
1458 4367 1508 4428 7,
1546 4367 1612 4427 Χ,
1655 4368 1725 4418 de
1764 4367 1954 4417 servis
1989 4377 2106 4416 uon
2151 4366 2497 4418 ordinandis
2532 4369 2591 4418 ee
2629 4377 2830 4417 eorum
2867 4367 3345 4425 manumissione,
3398 4369 3452 4428 1,
3491 4368 3583 4431 183

575 4466 624 4507 c.
657 4457 708 4515 1,
740 4455 792 4514 θ,
824 4455 890 4516 Χ,
931 4456 1002 4504 de
1040 4455 1269 4506 clericis
1307 4456 1657 4515 coniunctis.
1708 4456 1824 4516 ΙΙΙ,
1863 4457 1915 4517 ὃς
1952 4455 2125 4508 Oonc.
2166 4457 2455 4517 Trident„
2506 4468 2649 4508 sess.
2691 4455 2905 4517 XXIII,
2951 4457 3023 4507 de
3062 4456 3288 4516 oraine,
3325 4468 3377 4508 c.
3421 4457 3479 4519 2,
3525 4460 3579 4519 4,

574 4556 703 4596 ean.
737 4545 786 4607 23
823 4544 1167 4597 pontificale
1196 4545 1385 4606 Rom..
1417 4546 1512 4598 tit.
1548 4545 1636 4595 De
1665 4544 1971 4595 ordinibus
2005 4542 2396 4603 conserendiss‘
2423 4545 2517 4597 tit.
2560 4545 2648 4595 Dc
2678 4544 2866 4594 sacris
2897 4544 3202 4596 ordinibus
3233 4544 3298 4593 iu
3333 4556 3581 4604 asuero.

754 4637 783 4672 ⁴
814 4634 879 4686 Ο.
920 4636 1004 4695 11,
1041 4635 1107 4695 Χ,
1144 4635 1216 4684 de
1252 4637 1450 4685 aetate
1487 4638 1546 4685 et
1582 4633 1873 4694 qualitate
1917 4639 1976 4686 ct
2021 4635 2225 4685 ordine
2261 4633 2802 4694 praeficiendorum,
2842 4634 2892 4695 I,
2932 4635 3015 4696 143
3058 4633 3234 4686 conc.
3273 4633 3580 4696 Tridenb..

576 4736 719 4777 sess.
748 4724 963 4785 XXIII,
999 4725 1071 4774 as
1098 4723 1322 4782 ordine,
1349 4736 1400 4775 c.
1432 4725 1483 4784 4;
1508 4723 1851 4776 pontificale
1883 4724 2071 4785 Rom„
2103 4724 2199 4776 tlt.
2238 4723 2327 4774 De
2353 4723 2658 4774 ordinibus
2687 4721 3077 4782 conserendis,-
3103 4724 3199 4776 tit.
3240 4721 3329 4773 Ds
3357 4723 3585 4776 dorion

574 4813 867 4870 facienao.

755 4905 783 4942 ὅ
815 4902 878 4954 C.
924 4905 973 4962 1,
1015 4903 1087 4952 D.
1119 4902 1284 4963 XXV;
1323 4914 1373 4953 c.
1406 4903 1457 4963 4,
1499 4901 1571 4953 D.
1615 4902 1881 4964 LXVIII3
1926 4913 1979 4957 c.
2010 4902 2092 4962 24,
2136 4902 2207 4953 D.
2241 4902 2454 4964 XCIII;
2493 4902 2666 4954 Cone.
2718 4901 3006 4961 Trident„
3049 4912 3193 4953 sess.
3237 4900 3458 4961 XXIII,
3507 4902 3585 4952 ds

575 4992 799 5049 ordine,
835 5003 886 5043 c.
918 4993 968 5052 4,
998 5002 1128 5043 can.
1160 4992 1210 5053 7;
1238 4991 1535 5043 Martinus
1564 4992 1614 5043 V
1654 4991 1740 5051 (in
1768 4987 1942 5043 Con'c.
1984 4991 2439 5051 consummem),
2471 4993 2655 5043 const.
2691 5006 2723 5041 α
2760 4990 2930 5041 Inter
2959 4991 3203 5040 cunctas
3233 5003 3283 5050 n,
3318 4988 3385 5040 22
3414 4990 3582 5044 febr.

574 5079 724 5140 1418,
756 5082 870 5132 art.
900 5080 983 5141 28,
1016 5081 1259 5133 Ioannis
1290 5080 1537 5141 chleff,
1569 5080 1787 5143 damu:
1823 5081 2122 5142 sugemus
2152 5080 2233 5132 IV
2271 5080 2359 5138 (in
2393 5080 2567 5132 Oonc.
2602 5079 2973 5139 Florentia),
3005 5081 3191 5131 const.
3225 5093 3255 5128 ι
3282 5078 3587 5132 Eculeus

584 5170 707 5218 Deo
742 5182 792 5228 ι,
829 5169 896 5220 22
935 5180 1070 5223 nov.
1110 5170 1257 5232 1439,
1300 5170 1327 5231 5
1366 5171 1449 5233 15;
1485 5170 1842 5222 Benedictus
1888 5170 2039 5231 XIV,
2080 5181 2170 5229 ep.
2214 5184 2244 5219 α
2291 5169 2383 5220 Ex
2426 5168 2546 5220 tuis
2585 5167 2856 5228 precibus
2897 5182 2948 5227 ι»,
2991 5168 3057 5220 16
3097 5179 3229 5220 nov.
3262 5166 3412 5228 1748,
3458 5168 3490 5229 2
3528 5170 3584 5230 ὓς

573 5259 690 5309 Leo
725 5258 891 5319 XIII,
926 5259 1042 5310 litt.
1079 5271 1174 5320 ap.
1209 5275 1241 5310 α
1274 5256 1644 5318 Apostolicae
1686 5269 1861 5309 curae
1895 5275 1944 5318 ιι,
1981 5259 2045 5311 13
2086 5261 2231 5319 sept.
2267 5259 2414 5320 18063
2449 5257 2507 5310 S.
2541 5257 2605 5310 C.
2641 5256 2700 5309 8.
2734 5256 2872 5319 Off„
2907 5257 2973 5309 13
3005 5259 3178 5309 mart.
3223 5256 3372 5316 1689,
3407 5256 3497 5308 ad
3532 5258 3587 5318 1:

577 5344 634 5399 Β.
667 5348 732 5400 O.
768 5348 873 5408 Ep.
906 5350 968 5399 et
998 5347 1160 5409 neg„
1195 5347 1555 5406 Nemeaeu..
1589 5348 1654 5399 Q
1688 5347 1815 5400 dec.
1850 5347 1996 5409 1578:
2030 5346 2368 5405 Graviacis„
2403 5347 2468 5397 2ss
2498 5359 2631 5408 aug.
2676 5346 2823 5408 161&
2857 5346 3201 5399 pontificale
3234 5345 3423 5404 Rom„
3476 5344 3583 5399 tlt.

575 5438 663 5489 De
696 5438 1131 5488 consecratione
1163 5437 1337 5487 electi
1368 5437 1431 5487 in
1461 5437 1814 5497 episcopum:
1845 5437 2089 5489 Rimale
2129 5437 2317 5498 Rom„
2353 5437 2448 5489 tit.
2486 5437 2535 5498 I,
2577 5447 2626 5488 c.
2660 5448 2782 5494 un..
2820 5436 2890 5486 de
2922 5435 3001 5484 iis
3033 5444 3183 5494 quas
3222 5431 3289 5482 in
3319 5432 3582 5483 admini-

575 5527 864 5578 stratione
896 5530 1397 5579 sacramentorum
1430 5526 1787 5587 veneranter
1821 5526 2118 5578 servanda
2151 5528 2310 5584 sunt,
2344 5537 2402 5577 n.
2440 5526 2521 5577 17.
