3753 5871
1280 368 1457 419 Liber
1487 368 1790 421 Secundus
1833 395 1853 406 -
1886 368 1973 420 De
2006 367 2281 420 Personis
3206 370 3281 430 45

458 555 493 638 5
539 555 607 623 2.
656 557 1299 642 compromissarii
1354 559 1737 643 postulare
1788 563 2188 644 nequeunt,
2256 559 2403 626 nisi
2453 558 2529 625 id
2585 560 2664 626 in
2729 561 3084 628 mandato
3132 565 3268 628 aut

271 664 804 747 compromisso
845 664 1079 734 fuerit
1118 683 1569 749 expressum.

1582 858 1760 926 CAN.
1800 857 1954 926 180.

455 1000 490 1083 5
538 1004 603 1068 1:
654 1002 758 1070 Ut
805 1001 1214 1087 postulatio
1259 1002 1407 1068 vim
1447 1001 1740 1084 habeat,
1783 1019 1923 1086 pro
1960 1020 2045 1069 ea
2084 1005 2234 1070 stet
2274 1005 2569 1086 oportet
2608 1003 2843 1068 maior
2885 1003 3267 1088 suffragio·

273 1128 443 1176 rum
473 1128 672 1193 pars,
705 1110 878 1192 imo,
913 1110 979 1176 si
1013 1128 1181 1208 cum
1213 1109 1567 1177 electione
1593 1114 2018 1191 concurrat,
2060 1111 2322 1177 saltem
2360 1111 2551 1178 duae
2581 1111 2849 1178 tertiae
2881 1117 3133 1194 partes
3163 1131 3265 1178 re·

447 1236 551 1283 un
589 1236 689 1283 ur.
720 1216 769 1284 ¹.

272 1219 490 1406 qnir5
537 1222 605 1390 ἑ.
658 1324 1112 1408 Suffragium
1139 1341 1275 1408 pro
1296 1323 1799 1409 postulatione
1825 1325 2143 1409 exprimi
2167 1324 2384 1392 debet
2407 1343 2538 1409 per
2567 1325 2868 1391 verbum
2898 1345 2914 1390 ε
2949 1324 3274 1410 postulo,

273 1437 416 1509 aut
449 1432 943 1517 aequivalens3
981 1432 1351 1499 formula:
1399 1431 1589 1515 eliyo
1633 1434 1742 1499 vel
1787 1434 2114 1517 postulo,
2160 1437 2295 1500 aut
2331 1432 2862 1517 aequipollens,
2903 1433 3101 1500 valet
3138 1452 3276 1517 pro

277 1539 663 1611 electione.
704 1539 771 1606 si
807 1539 1411 1624 impedimentum
1450 1555 1597 1608 non
1644 1541 1984 1622 exsistat,
2026 1559 2237 1608 secus
2275 1559 2412 1624 pro
2451 1541 2952 1625 postulatione
2984 1540 3035 1606 ².

1581 1731 1760 1799 CAN.
1797 1732 1950 1798 181.

457 1874 492 1956 5
539 1877 608 1941 1.
656 1874 1079 1943 Postulatio
1115 1874 1379 1943 saltem
1410 1875 1615 1941 intra
1651 1873 2031 1942 octiduum
2064 1873 2267 1941 mitti
2296 1873 2513 1941 debet
2545 1874 2640 1941 ad
2675 1872 3146 1958 Superiorem
3178 1872 3274 1940 ad

275 2000 494 2066 quem
537 1975 866 2067 pertinet
910 1982 1339 2051 electionem
1382 1980 1845 2065 confirmare,
1906 1982 1970 2049 si
2018 1982 2456 2049 facultatem
2514 1981 2783 2050 habeat
2828 1981 2922 2047 ab
2970 1981 3268 2065 impedi-

274 2095 528 2159 mento
561 2090 1065 2175 dispensandi3
1105 2108 1316 2159 secus
1350 2091 1448 2158 ad
1485 2091 1900 2159 Romanum
1947 2089 2381 2159 Pontificem
2420 2095 2555 2157 aut
2601 2090 2697 2158 ad
2736 2090 2967 2157 alium
3007 2089 3268 2157 haben·

276 2201 429 2265 tem
475 2198 915 2265 facultatem
938 2197 992 2264 ³.

458 2304 493 2387 5
540 2304 608 2371 2.
659 2305 743 2373 si
775 2305 979 2373 intra
1020 2305 1560 2390 praescriptum
1596 2308 1889 2390 tempus
1919 2304 2591 2388 postulatio'missa
2626 2323 2774 2372 non
2816 2304 3073 2387 fuerit,
3111 2304 3275 2388 ipso

274 2413 484 2481 tacto
525 2414 736 2480 nulla
775 2413 1027 2481 evadit
1068 2418 1147 2482 et
1185 2413 1538 2481 electores
1591 2431 1729 2498 pro
1771 2431 1860 2481 ea
1912 2413 2070 2481 vice
2114 2412 2511 2497 privantur
2564 2413 2727 2480 iure
2771 2412 3091 2498 eligendi
3138 2419 3274 2479 aut

275 2520 736 2606 postulandi,
771 2521 919 2588 nisi
951 2521 1264 2606 probent
1301 2540 1381 2588 se
1410 2539 1458 2588 a
1490 2521 1857 2590 mittenda
1889 2520 2391 2606 postulatione
2430 2521 2632 2588 iusto
2662 2520 3002 2588 detentos
3041 2521 3275 2588 fuisse

281 2628 812 2713 impedimento
838 2629 894 2696 ⁴.

455 2735 490 2818 5
536 2737 605 2804 3.
655 2735 801 2804 Per
860 2734 1435 2820 postulationem
1486 2734 1773 2801 nullum
1825 2735 1946 2803 ius
1994 2735 2374 2819 postulato
2424 2734 2866 2820 acquiritur,
2917 2739 2995 2803 et
3048 2735 3270 2820 Supe-

276 2841 464 2910 riori
503 2843 680 2910 licet
726 2842 1031 2910 eandem
1073 2841 1424 2927 repellere
1447 2842 1501 2909 ⁸.

455 2950 491 3034 5
539 2952 607 3017 4.
656 2950 1217 3019 Praesentatam
1271 2950 1655 3036 Superiori
1710 2949 2287 3036 postulationem
2335 2949 2687 3017 electores
2740 2966 3079 3017 revocare
3126 2966 3272 3015 non

271 3064 618 3142 possunt,
664 3059 810 3126 nisi
844 3058 1240 3144 Superiore
1272 3058 1771 3127 consentiente
1808 3057 1857 3124 ⁶.

1583 3252 1762 3320 CAN·
1801 3251 1953 3320 182.

456 3396 491 3478 5
540 3397 606 3460 1.
656 3394 958 3463 Reiecta
978 3414 1025 3461 a
1057 3393 1453 3478 Superiore
1477 3393 2005 3478 postulatione,
2036 3393 2156 3460 ius
2177 3391 2496 3477 eligendi
2519 3392 2614 3460 ad
2636 3391 3025 3476 collegium
3051 3390 3271 3472 redit,

269 3502 427 3569 nisi
455 3502 809 3571 electores
844 3502 1161 3570 scienter
1188 3500 1401 3586 illum
1435 3501 1982 3587 postulaverint
2011 3502 2137 3586 qui
2169 3502 2307 3569 tali
2343 3500 2722 3569 detinetur
2751 3499 3274 3583 impedimento

268 3611 360 3678 in
399 3629 547 3695 quo
585 3614 900 3695 nequeat
937 3613 1074 3678 aut
1119 3628 1266 3676 non
1309 3609 1545 3678 soleat
1592 3609 2032 3694 dispensari3
2073 3615 2253 3677 tunc
2291 3609 2487 3676 enim
2539 3608 2864 3692 provisio
2904 3607 2999 3674 ad
3045 3606 3267 3690 Supe-

269 3717 549 3784 riorem
591 3717 915 3801 pertinet
936 3718 988 3786 ¹.
1875 3780 1884 3788 .
2785 3707 2794 3715 ’

453 3824 488 3906 5
535 3815 864 3906 2.'Quod
897 3826 963 3892 si
1005 3824 1411 3909 postulatio
1443 3824 1768 3892 admissa
1806 3824 2067 3906 fuerit,
2102 3823 2179 3891 id
2214 3822 2673 3907 significetur
2706 3823 3109 3915 postulato,
3147 3822 3273 3907 qui

271 3932 723 4016 respondere
763 3932 980 4000 debet
1012 3933 1104 3999 ad
1142 3949 1472 4000 normam
1507 3950 1672 3999 can.
1720 3932 1871 3998 175.

461 4039 494 4121 5
540 4039 609 4106 3.
662 4039 745 4107 si
779 4059 939 4108 eam
975 4044 1331 4126 acceptet,
1379 4041 1677 4124 plenum
1714 4039 1835 4106 ius
1879 4040 1957 4106 in
1993 4037 2228 4107 officio
2262 4039 2495 4107 eidem
2532 4039 2788 4106 statim
2830 4038 3270 4122 acquiritur.

446 4375 470 4410 ¹
506 4374 574 4427 0.
606 4375 690 4436 40,
722 4374 789 4435 Χ,
819 4376 890 4425 ae
922 4373 1204 4425 electione
1233 4376 1291 4424 et
1319 4374 1491 4425 electi
1524 4374 1841 4434 potestate,
1871 4373 1924 4434 1,
1952 4373 2003 4436 6;
2031 4384 2081 4424 c.
2113 4372 2197 4433 24,
2229 4375 2300 4423 de
2337 4372 2620 4424 electione
2656 4374 2715 4423 et
2753 4371 2927 4422 electi
2955 4373 3270 4430 potestate,

273 4465 328 4524 1.
369 4465 422 4524 6,
463 4463 529 4514 in
561 4462 690 4515 V10.

443 4554 472 4590 ²
509 4552 575 4603 Ο.
605 4563 728 4613 un„
761 4552 834 4602 de
870 4551 1266 4611 postulatione
1295 4552 1715 4611 praelatorum,
1748 4552 1798 4614 1,
1832 4552 1885 4612 5.
1917 4552 1981 4603 ln
2011 4552 2138 4605 V10.

442 4643 469 4679 ³
510 4642 576 4693 Ο.
607 4642 658 4702 6,
695 4642 780 4702 16,
817 4642 901 4703 27,
932 4645 1003 4693 de
1032 4641 1313 4692 electione
1342 4646 1402 4693 et
1433 4642 1607 4693 electi
1643 4645 1957 4702 potestate,
1989 4642 2038 4702 1,
2071 4642 2122 4702 6,
2155 4642 2221 4693 in
2249 4641 2375 4694 V10.

443 4736 472 4771 ⁴
509 4732 576 4785 0.
606 4731 689 4783 16.
729 4733 802 4783 ae
830 4732 1112 4783 electione
1140 4737 1198 4784 et
1235 4732 1408 4783 electi
1436 4734 1749 4792 potestate,
1780 4733 1830 4793 1,
1869 4733 1921 4792 6,
1956 4732 2018 4783 ln
2050 4733 2176 4793 VI0;
2205 4732 2347 4793 Reg.
2381 4731 2464 4792 25,
2501 4731 2572 4782 R.
2607 4732 2687 4792 J..
2729 4731 2791 4781 ln
2822 4730 2948 4783 VI⁰.

442 4826 471 4862 ⁸
563 4860 576 4873 .
607 4822 660 4882 3,
691 4821 743 4881 5,
773 4822 841 4882 X,
892 4824 963 4873 ae
1011 4821 1406 4882 postulatione
1446 4821 1866 4882 praelatorum,
1909 4822 1958 4881 1,
2001 4822 2050 4883 5;
2090 4833 2140 4873 c.
2193 4821 2276 4881 23,
2318 4821 2383 4881 X,
2428 4822 2500 4872 de
2542 4820 2824 4871 electione
2864 4824 2922 4871 et
2967 4819 3140 4871 electi
3181 4830 3272 4878 po-

270 4915 519 4970 testate,
549 4911 599 4972 1,
626 4912 676 4973 6;
700 4923 751 4963 c.
787 4911 871 4974 16,
903 4913 974 4962 ae
1005 4911 1286 4961 electione
1313 4915 1371 4961 et
1402 4910 1573 4962 electi
1602 4913 1916 4971 potestate,
1944 4911 1996 4971 1,
2033 4910 2084 4971 6.
2120 4910 2182 4961 ln
2210 4910 2337 4962 V10.

444 5004 472 5040 ⁸
508 5000 575 5053 C.
608 5003 659 5061 4,
689 5002 756 5061 X,
797 5002 869 5052 de
900 5000 1296 5061 postulatione
1329 5001 1750 5060 praelatorum,
1785 5000 1833 5061 1,
1866 5000 1918 5061 5:
1951 4999 2093 5062 Reg.
2128 4999 2210 5061 21,
2251 5000 2335 5061 33,
2368 5000 2440 5051 Β.
2475 5000 2513 5051 J
2519 5036 2555 5060 .,
2596 4999 2658 5049 in
2690 4999 2816 5052 VI0.

174 5120 183 5135 2
443 5093 470 5128 ¹
502 5089 569 5142 C.
601 5090 707 5150 1-3,
738 5090 805 5152 x,
842 5092 914 5141 de
957 5089 1352 5150 postulatione
1387 5089 1807 5149 praelatorum,
1842 5090 1893 5150 1,
1927 5090 1977 5151 ῦς
2012 5101 2063 5141 c.
2096 5088 2191 5149 23:
2213 5090 2295 5150 40,
2334 5090 2401 5150 x,
2443 5091 2512 5139 ete
2547 5088 2828 5139 electione
2873 5092 2931 5139 et
2969 5087 3143 5139 electi
3177 5098 3273 5146 po·

271 5182 517 5237 testate,
551 5179 602 5239 1,
635 5178 685 5241 6;
721 5190 771 5231 c.
804 5181 888 5240 11,
919 5181 986 5239 x,
1028 5180 1100 5230 ae
1130 5179 1594 5239 renunciatione,
1630 5180 1680 5241 1,
1721 5181 1773 5239 9:
1800 5191 1851 5231 c.
1883 5191 2007 5242 un„
2043 5180 2114 5230 cle
2149 5177 2545 5239 postulatione
2577 5178 2998 5237 praelatorum,
3037 5177 3087 5238 Ι,
3122 5177 3173 5238 2,
3208 5178 3270 5228 ln

274 5269 603 5328 luxti-avan.
634 5278 779 5318 com.
1332 5274 1338 5279 ’
