3753 5871
584 348 690 407 1oe
1717 347 1919 400 0⁰6oe
1955 347 2118 401 ltu-u
2164 346 2447 402 Oeno-601

1872 572 2053 642 Om.
2096 572 2252 641 367.

762 712 798 795 5
844 715 911 779 1.
961 713 1310 781 Vicarius
1349 712 1736 781 Generalis
1783 714 1888 782 sit
1925 713 2269 782 sacerdos
2305 732 2347 782 e
2383 713 2583 782 clero
2631 714 3022 797 saeculari,
3074 733 3311 783 annos
3352 720 3558 783 natus

584 837 731 886 non
770 820 1018 888 minus
1051 821 1391 905 triginta,
1428 821 1508 888 in
1540 820 1913 906 theologia
1947 826 2025 890 et
2056 822 2219 889 iure
2249 822 2607 890 canonico
2638 823 2900 891 doctor
2938 828 3075 891 aut
3115 823 3552 905 licentiatus,

584 928 700 995 vel
737 928 1001 996 saltem
1039 946 1294 1000 earum
1332 929 1900 1014 disciplinarum
1948 948 2119 998 vere
2158 929 2471 1014 peritus,
2525 948 2713 998 sana
2758 929 3128 1013 doctrina,
3173 932 3552 1015 probitate,

585 1035 985 1118 prudentia
1019 1053 1107 1103 ac
1141 1055 1386 1103 rerum
1424 1037 1913 1122 gerendarum
1948 1037 2406 1122 experientia
2438 1037 2994 1107 commendatus
3051 1039 3101 1104 ⁸.

759 1142 793 1225 5
839 1141 908 1209 2.
960 1143 1042 1211 si
1070 1144 1425 1213 dioecesis
1459 1145 1688 1212 alicui
1725 1145 2070 1230 religioni
2095 1147 2488 1213 commissa
2521 1147 2779 1230 fuerit,
2810 1147 3160 1215 vicarius
3188 1146 3559 1216 Generalis

585 1254 832 1334 potest
862 1267 1019 1319 esse
1060 1251 1385 1319 eiusdem
1424 1253 1806 1337 religionis
1839 1253 2210 1321 alumnus.

761 1358 795 1441 5
841 1357 909 1426 3.
959 1360 1245 1426 vicarii
1305 1359 1694 1428 Generalis
1763 1379 2035 1429 munus
2077 1380 2169 1431 ne
2212 1362 2729 1454 committatur
2787 1363 3144 1430 canonico
3203 1363 3560 1447 poeniten·

583 1465 833 1548 tiario,
871 1471 1008 1534 aut
1041 1466 1395 1551 Episcopi
1427 1469 1999 1554 consanguineis
2036 1470 2472 1555 praesertim
2510 1471 2590 1537 in
2628 1471 2869 1555 primo
2904 1469 3145 1556 gradu
3188 1470 3307 1537 vel
3339 1470 3419 1536 in
3460 1487 3556 1537 se·

580 1569 824 1641 cundo
881 1573 1118 1642 mixto
1158 1592 1328 1641 cum
1386 1575 1651 1659 primo,
1699 1579 1860 1660 aut,
1911 1578 2212 1645 exclusa
2271 1577 2734 1662 necessitate,
2785 1577 3110 1663 parocho
3163 1578 3563 1663 ceterisque

578 1698 834 1748 curam
864 1671 1283 1749 animarum
1315 1683 1778 1769 habentibus3
1813 1685 1941 1754 sed
1972 1705 2121 1754 non
2157 1686 2593 1771 prohibetur
2620 1686 3036 1772 Episcopus
3065 1686 3443 1754 Vicarium
3479 1705 3563 1754 ex

572 1789 747 1873 ipsa
772 1787 1090 1862 dioecesi
1128 1805 1503 1858 assumere
1539 1789 1593 1858 ².

1870 1931 2050 2001 Om.
2086 1930 2241 2000 368.

756 2071 792 2154 5
839 2073 906 2137 1.
956 2071 1258 2139 Vicario
1319 2070 1693 2153 Generali,
1742 2072 1818 2138 vi
1866 2070 2110 2154 officii,
2160 2090 2249 2140 ea
2304 2072 2660 2156 competit
2708 2072 2788 2139 in
2851 2073 3198 2140 universa
3255 2071 3565 2139 dioecesi

583 2178 1007 2248 iurisdictio
1027 2179 1107 2246 in
1134 2178 1655 2264 spiritualibus
1676 2197 1764 2247 ac
1788 2180 2346 2264 temporalibus,
2377 2198 2565 2265 quae
2587 2181 2683 2249 ad
2709 2180 3158 2265 Episcopum
3189 2179 3352 2248 iure
3381 2178 3566 2247 ordi·

583 2286 797 2355 nario
827 2287 1179 2372 pertinet,
1220 2288 1547 2372 exceptis
1570 2286 1674 2354 -iis
1704 2305 1892 2372 quae
1922 2287 2339 2372 Episcopus
2378 2287 2520 2356 sibi
2563 2288 3072 2372 reservaverit,
3115 2287 3233 2357 vel
3267 2304 3454 2372 quae
3481 2306 3570 2354 ex

577 2395 740 2461 iure
776 2395 1164 2478 requirant
1194 2394 1512 2479 speciale
1544 2392 1897 2480 Episcopi
1932 2396 2366 2463 mandatum
2403 2394 2457 2463 ⁸.

760 2502 795 2584 5
840 2501 908 2568 2.
959 2502 1126 2569 Nisi
1173 2502 1383 2570 aliud
1421 2520 1761 2586 expresse
1797 2506 2100 2570 cautum
2141 2502 2399 2586 fuerit,
2451 2502 2800 2571 vicarius
2839 2502 3227 2571 Generalis
3274 2501 3573 2586 exsequi

581 2613 828 2694 potest
880 2610 1243 2694 rescripta
1286 2610 1696 2694 apostolica
1739 2629 1926 2697 quae
1970 2610 2343 2695 Episcopo
2383 2611 2503 2678 vel
2545 2609 3015 2695 praecedenti
3060 2609 3331 2678 rectori
3376 2609 3569 2678 dioe-

577 2718 767 2785 cesis
818 2718 1129 2785 remissa
1168 2718 1346 2800 sint,
1400 2736 1488 2784 ac
1527 2720 1935 2804 generatim
1979 2719 2075 2787 ad
2118 2720 2362 2804 ipsum
2418 2737 2704 2805 quoque
2747 2718 3131 2803 pertinent
3169 2716 3574 2785 facultates

577 2825 995 2893 habituales
1022 2823 1423 2893 Ordinario
1451 2826 1591 2893 loci
1623 2844 1669 2893 a
1698 2826 1977 2894 Sancta
2010 2826 2196 2894 Sede
2228 2845 2640 2908 concessae,
2672 2826 2768 2895 ad
2802 2843 3132 2893 normam
3168 2843 3336 2892 can.
3365 2824 3452 2893 66
3478 2823 3532 2891 ⁴.

1869 3021 2048 3089 om.
2094 3020 2247 3089 369.

753 3157 789 3240 5
836 3161 901 3224 1.
951 3159 1299 3228 vicarius
1325 3161 1713 3230 Generalis
1738 3160 2141 3246 praecipua
2166 3164 2339 3229 acta
2360 3161 2633 3230 Ouriae
2656 3162 2753 3229 ad
2787 3161 3234 3247 Episcopum
3264 3158 3572 3241 referat,

574 3267 963 3354 ipsumque
995 3272 1383 3338 certiorem
1415 3271 1649 3338 faciat
1684 3270 1823 3338 de
1800 3271 1900 3337 lis
1930 3289 2118 3355 quae
2147 3275 2359 3354 gesta
2385 3273 2522 3337 aut
2550 3269 2870 3355 gerenda
2901 3270 3055 3338 sint
3085 3269 3182 3338 ad
3213 3268 3574 3338 tuendam

579 3374 658 3442 in
683 3374 885 3443 clero
912 3380 989 3469 et
1017 3376 1293 3461 populo
1319 3377 1818 3462 disciplinam.

754 3480 789 3565 5
836 3482 902 3549 2.
954 3484 1232 3553 Caveat
1271 3503 1362 3553 ne
1408 3485 1567 3552 suis
1604 3485 2103 3569 potestatibus
2153 3489 2415 3554 utatur
2453 3489 2717 3553 contra
2765 3488 3081 3553 mentem
3121 3489 3197 3553 et
3234 3484 3578 3552 volunta·

578 3593 725 3657 tem
758 3591 875 3657 sui
915 3590 1292 3675 Episcopi,
1328 3590 1543 3661 firmo
1573 3593 2037 3678 praescripto
2067 3611 2231 3662 can.
2266 3594 2379 3676 44,
2417 3593 2452 3676 5
2485 3593 2552 3660 2.

1886 3787 2062 3855 om.
2098 3786 2253 3855 370.

750 3923 784 4006 5
833 3896 903 3989 1ss
948 3921 1348 3991 Praesente
1408 3923 1633 3991 etiam
1687 3923 2083 4008 Episcopo,
2136 3924 2486 3992 vicarius
2536 3923 2924 3993 Generalis
2984 3923 3278 4020 pubnee
3327 3922 3582 4007 priva-

576 4031 855 4118 timque
916 4030 1477 4114 praecedentiae
1525 4032 1646 4098 ius
1698 4031 1923 4099 habet
1970 4050 2194 4117 super
2246 4031 2588 4099 omnibus
2638 4031 2994 4101 dioecesis
3040 4030 3361 4112 clericis,
3417 4047 3584 4098 non

571 4137 891 4206 exclusis
934 4137 1430 4221 dignitatibus
1481 4142 1561 4207 et
1598 4140 1979 4207 canonicis
2020 4140 2369 4208 ecclesiae
2422 4140 2899 4224 cathedralis,
2947 4141 3172 4209 etiam
3218 4140 3297 4208 in
3342 4138 3590 4207 choro

758 4454 784 4496 ²·
820 4453 1175 4506 Benedictus
1207 4454 1361 4514 xlv,
1398 4465 1489 4514 ep.
1527 4455 1744 4516 encycl.
1784 4470 1815 4506 α
1856 4454 2045 4515 Quam
2082 4465 2156 4503 eo
2200 4453 2438 4504 sublimi
2478 4470 2528 4515 n,
2566 4453 2600 4503 8
2643 4466 2777 4516 aug.
2818 4453 2966 4513 1755,
3007 4453 3034 4514 5
3073 4455 3123 4515 4;
3160 4452 3219 4505 S.
3252 4452 3316 4504 0.
3350 4452 3468 4514 Ep.
3520 4457 3594 4505 et

576 4544 740 4605 Reg„
771 4541 1026 4601 Comen„
1061 4543 1095 4594 2
1125 4543 1249 4596 dec.
1279 4542 1428 4604 1578:
1458 4543 1762 4602 Oscum„
1790 4544 1856 4596 28
1886 4544 1988 4595 iul.
2027 4543 2174 4604 1587:
2202 4542 2520 4602 rheam„
2552 4543 2587 4595 5
2621 4542 2771 4595 febr.
2803 4543 2952 4604 15913
2985 4540 3322 4599 Alma-len„
3350 4540 3384 4592 6
3414 4546 3592 4603 sept.

573 4631 721 4693 1⁷4&
754 4632 813 4683 Β.
847 4630 913 4683 G.
945 4630 1034 4691 G..
1068 4632 1516 4692 Hispaniarum,
1551 4632 1619 4684 29
1651 4632 1772 4683 lun.
1816 4632 1963 4684 1597.

743 4722 772 4761 ¹
813 4720 871 4773 S.
901 4721 964 4774 C.
998 4722 1102 4782 Ep.
1131 4725 1194 4774 et
1227 4721 1391 4783 neg..
1430 4721 1662 4780 senen„
1689 4722 1757 4773 20
1782 4725 1957 4774 mart.
1997 4721 2143 4794 1576ς
2174 4720 2472 4779 oxomen„
2504 4723 2537 4772 4
2572 4733 2706 4783 aug.
2738 4719 2886 4783 15⁷8:
2919 4720 3175 4779 Gom..
3204 4719 3237 4769 2
3263 4717 3384 4771 dec.
3419 4718 3596 4779 1578:

574 4811 904 4868 Pisauren„
934 4811 968 4863 3
993 4811 1137 4862 mall
1166 4811 1312 4873 15933
1342 4809 1686 4869 Ariminen„
1715 4812 1781 4863 13
1812 4810 1954 4862 mall
1987 4810 2134 4872 1611;
2166 4810 2439 4864 Suu-im.
2471 4809 2538 4861 16
2565 4821 2697 4861 nov.
2739 4809 2886 4871 161ος
2916 4807 3298 4867 Der-thom„
3327 4806 3392 4858 12
3437 4820 3593 4859 nov.

572 4900 719 4955 lem:
760 4898 1138 4958 squillacen„
1170 4901 1205 4952 5
1239 4901 1389 4952 febr.
1435 4900 1583 4962 1700:
1617 4898 1675 4952 Β.
1708 4900 1773 4952 O.
1806 4900 1894 4960 0.,
1932 4897 2189 4956 Numan,
2234 4899 2300 4949 12
2331 4899 2478 4949 mall
2514 4896 2661 4959 16293
2701 4898 2736 4950 3
2771 4898 2921 4950 febr.
2962 4896 3109 4949 1685.

743 4991 771 5027 ⁸
814 4988 878 5041 C.
909 4989 961 5048 5,
992 4989 1058 5048 X,
1086 4990 1156 5040 ae
1180 4989 1368 5049 officio
1392 4989 1622 5048 oleam,
1651 4990 1700 5050 1,
1725 4989 1807 5051 2&
1831 5002 1882 5041 c.
1915 4989 1965 5050 2,
1995 4989 2048 5050 3,
2077 4991 2148 5040 ac
2179 4988 2367 5047 officio
2394 4987 2625 5046 vicar-u,
2652 4987 2703 5048 1,
2736 4987 2821 5048 13,
2849 4986 3063 5047 inV1⁰;
3095 4986 3236 5047 Bet.
3264 4984 3349 5045 81,
3375 4983 3459 5035 Β.
3493 4986 3597 5048 J„

571 5080 634 5130 ln
666 5078 793 5138 V1⁰3
824 5076 883 5129 S.
916 5077 981 5129 O.
1015 5078 1074 5129 8.
1108 5078 1246 5139 Off„
1281 5078 1399 5130 litt.
1440 5079 1681 5138 encycl„
1714 5077 1780 5129 m
1813 5079 1958 5130 febr.
2004 5077 2153 5138 1888,
2186 5090 2244 5128 n.
2280 5076 2330 5139 23
2368 5075 2523 5128 decr.
2556 5076 2622 5127 a)
2652 5088 2781 5137 apr.
2812 5075 2961 5136 1868,
3003 5087 3061 5125 n.
3093 5073 3143 5135 2:
3170 5074 3205 5125 5
3236 5075 3382 5133 sept.
3422 5074 3602 5132 120⁰:

569 5168 635 5219 22
663 5179 797 5229 aug.
838 5166 987 5227 1906,
1021 5167 1098 5219 ad
1135 5167 1186 5228 5;
1217 5166 1275 5219 8.
1308 5167 1373 5219 O.
1406 5166 1685 5226 Consist„
1718 5166 1873 5219 decr.
1918 5182 1949 5218 α
1980 5165 2244 5216 Μαοίηια
2280 5175 2423 5215 cura
2464 5180 2513 5225 n,
2548 5165 2614 5217 20
2647 5176 2781 5226 aug.
2815 5164 2964 5224 1910,
3000 5174 3129 5215 can.
3163 5160 3246 5223 δὲ
3280 5161 3339 5214 S.
3373 5160 3450 5213 Ο.
3487 5161 3595 5221 0..

570 5258 873 5313 Tuam„
911 5255 977 5307 a)
1019 5256 1141 5307 iun.
1181 5255 1331 5315 1676,
1370 5255 1448 5307 ad
1485 5254 1535 5305 2.

747 5348 778 5385 ⁴
812 5345 952 5407 Reg.
990 5346 1072 5406 46,
1118 5346 1188 5396 R.
1226 5346 1306 5407 J„
1351 5346 1415 5396 in
1449 5345 1572 5407 V1⁰;
1608 5343 1666 5397 S.
1700 5344 1766 5397 G.
1801 5343 1860 5397 S.
1894 5343 2032 5406 ΟΠ..
2071 5345 2187 5397 utt.
2222 5343 2443 5405 encycl.
2484 5342 2550 5393 a)
2583 5342 2733 5395 tebr.
2779 5340 2928 5402 1888,
2971 5352 3031 5391 ιι.
3068 5340 3120 5401 83
3155 5338 3221 5390 24
3253 5351 3385 5391 nov.
3427 5339 3605 5399 law:

569 5435 724 5487 decr.
758 5435 824 5487 20
851 5446 978 5496 apr.
1011 5434 1159 5496 189&
1185 5435 1220 5487 3
1248 5434 1393 5487 mali
1422 5432 1572 5495 1890,
1608 5434 1686 5491 ad
1714 5435 1768 5499 ⁴1,
1800 5434 1850 5496 3;
1886 5435 1920 5486 5
1952 5437 2100 5496 sept.
2135 5434 2283 5495 190ος
2320 5432 2386 5484 22
2414 5444 2548 5494 aug.
2581 5430 2730 5492 1306,
2772 5430 2850 5484 ad
2881 5430 2932 5492 5;
2973 5429 3032 5482 S.
3064 5428 3130 5482 O.
3165 5429 3272 5490 Ep.
3305 5431 3368 5480 et
3401 5426 3604 5491 Bet„

571 5524 862 5582 Parmam,
894 5524 929 5577 8
956 5536 1091 5586 aug.
1133 5524 1280 5577 1614.
