3753 5871
1321 312 1499 362 Ltber
1528 312 1765 364 Tertius
1798 337 1818 348 ·
1855 309 1944 360 De
1983 312 2180 362 Rebus
3165 304 3277 363 233

1578 538 1757 605 CAN.
1808 537 1960 604 809.

455 668 840 752 [ntegrum
885 671 1001 733 est
1037 666 1341 731 Missam
1385 663 1765 748 applicare
1801 680 1939 745 pro
1978 659 2357 745 quibusvis
2395 664 2554 726 tum
2591 657 2804 741 vivis,
2846 661 3004 725 tum
3046 656 3271 723 etiam

280 773 657 842 defunctis
738 774 1174 859 purgatorio
1256 773 1425 857 igne
1515 771 1843 837 admissa
1935 768 2433 854 expiantibus,
2522 765 2728 832 salvo
2811 764 3273 848 praescripto

277 899 445 948 can.
484 881 683 965 2262,
736 881 770 965 ξ
807 880 877 965 2,
912 899 991 947 ιι.
1040 879 1086 946 2
1118 880 1168 946 ¹.

1574 985 1751 1053 CAN.
1793 984 1948 1051 810.

464 1110 821 1178 Sacerdos
863 1127 953 1176 ne
994 1109 1295 1176 omittat
1342 1108 1438 1174 ad
1483 1105 1986 1174 Eucharistici
2029 1103 2392 1173 sacrificii
2443 1101 2886 1169 oblationem
2932 1116 3087 1165 sese
3129 1097 3275 1180 piis

292 1219 634 1304 precibus
655 1218 1070 1301 disponere,
1097 1234 1324 1300 eoque
1352 1214 1669 1299 expleto,
1701 1214 1988 1296 gratias
2019 1214 2174 1278 Deo
2206 1229 2342 1294 pro
2366 1214 2581 1277 tanto
2603 1206 2951 1275 beneficio
2981 1224 3198 1289 agere
3222 1204 3249 1238 ²
3274 1244 3289 1260 ·

1590 1395 1768 1463 Cim.
1810 1394 1966 1461 81]..

468 1522 500 1603 ξ
547 1526 614 1587 1.
668 1522 1051 1603 Sacerdos,
1119 1520 1422 1586 Missam
1474 1519 2010 1602 celebraturuS,
2065 1521 2357 1587 deferat
2405 1526 2676 1589 vestem
2727 1523 3275 1591 convenientem

292 1647 477 1715 quae
519 1629 614 1696 ad
671 1629 863 1696 talos
908 1628 1287 1713 pertingat
1339 1633 1415 1695 et
1457 1646 1668 1694 sacra
1713 1633 2148 1695 ornamenta
2191 1647 2237 1695 a
2284 1629 2601 1696 rubricis
2657 1632 2774 1697 sui
2823 1632 3014 1699 ritus
3070 1650 3271 1715 prae·

289 1737 437 1802 scri
491 1741 576 1802 ta
608 1736 661 1803 ³.

440 1754 504 1925 p§
551 1843 619 1909 2.
669 1843 1063 1911 Abstineat
1087 1848 1333 1909 autem
1361 1861 1408 1908 a
1432 1842 1702 1926 pileolo
1732 1846 1807 1909 et
1830 1842 2135 1923 annulo,
2170 1843 2316 1909 nisi
2343 1844 2446 1910 sit
2473 1845 2548 1911 S.
2579 1844 2669 1909 R.
2708 1845 2795 1910 E.
2826 1846 3276 1928 cardinalis,

293 1953 708 2036 Episcopus
730 1952 845 2017 vel
869 1950 1118 2017 Abbas
1142 1950 1593 2030 benedictuS,
1624 1959 1757 2018 aut
1783 1950 1930 2015 nisi
1961 1951 2449 2033 apostolicum
2476 1952 2851 2019 indultum
2885 1954 3278 2022 eorundem

294 2077 506 2126 usum
543 2059 623 2124 in
661 2059 890 2124 Missa
925 2057 1367 2125 celebranda
1408 2057 1642 2124 eidem
1679 2058 2069 2141 permittat
2092 2055 2145 2122 ⁴.

298 2281 626 2340 defectibus
672 2279 1075 2339 dispositionis
1112 2279 1391 2338 corporis,
1428 2289 1486 2329 n.
1527 2280 1576 2338 1,
1612 2279 1663 2336 3,
1698 2280 1748 2339 4;
1784 2290 1834 2329 c.
1867 2279 1934 2339 X,
1974 2281 2044 2328 de
2083 2278 2411 2337 defectibus
2456 2281 2519 2328 ia
2556 2279 2884 2332 ministerio
2926 2281 3051 2340 ipso
3087 2293 3281 2330 occur·

296 2372 582 2429 rentibus,
633 2382 693 2421 n.
737 2371 788 2431 3;
830 2369 1087 2420 Rubrica
1131 2370 1195 2419 in
1244 2367 1456 2427 Vibilio
1510 2366 1865 2419 Nativitatie
1909 2367 2164 2428 Domini,-
2209 2368 2647 2421 caeremoniale
2693 2371 3049 2430 Episcopor„
3110 2372 3145 2421 1.
3197 2371 3280 2433 11,

295 2471 346 2511 c.
378 2460 529 2519 XIV,
563 2470 622 2509 n.
655 2460 737 2509 11.

480 2549 501 2584 ¹
537 2548 710 2599 Cone.
744 2547 1031 2607 Trident.,
1065 2558 1208 2599 sess.
1241 2547 1422 2605 XXII,
1465 2548 1536 2596 de
1568 2545 1857 2606 sacrificio
1897 2544 2132 2604 missae,
2164 2556 2214 2597 c.
2251 2546 2300 2605 2,
2333 2557 2463 2597 can.
2505 2547 2554 2607 3;
2586 2559 2729 2598 sess.
2773 2548 2938 2605 XXV,
2973 2547 3045 2596 de
3076 2558 3282 2607 paroa-

300 2638 471 2692 torto:
509 2638 890 2689 Innocentius
930 2636 1045 2695 111,
1084 2647 1175 2696 ep.
1217 2651 1249 2693 ι
1287 2635 1433 2685 Eius
1481 2636 1744 2695 exemplo
1785 2650 1834 2695 ι,
1885 2635 1952 2686 18
1990 2634 2111 2686 dec.
2156 2635 2303 2695 1208,
2345 2635 2644 2687 Protessio
2693 2634 2827 2686 fidei
2874 2636 3286 2688 waldensibus

297 2737 575 2787 praecem
603 2726 904 2778 Protessio
929 2726 1065 2777 fidel
1100 2725 1187 2783 (in
1212 2725 1386 2777 Cone.
1416 2724 1755 2785 Lugdunen.
1795 2725 1882 2783 11)
1910 2738 1944 2775 a
1979 2724 2264 2775 Michaele
2293 2725 2641 2785 Palaeologo
2676 2724 2955 2785 Gregorio
2983 2726 3028 2775 X
3062 2727 3283 2784 oblata,

297 2828 355 2867 a.
394 2815 541 2877 1274;
576 2815 875 2876 Eugenius
911 2815 991 2866 IV
1042 2815 1128 2872 (in
1165 2814 1339 2865 Cone.
1392 2813 1760 2873 Florentia),
1800 2816 1987 2864 const.
2038 2827 2067 2862 α
2107 2812 2431 2863 Laetentur
2471 2814 2619 2863 caeli
2656 2828 2704 2870 ιι,
2755 2814 2789 2864 6
2828 2814 2930 2863 iul.
2974 2814 3123 2871 1439,
3167 2814 3193 2873 fl
3232 2814 3285 2877 53

300 2905 445 2956 Pius
474 2905 577 2966 IV,
603 2906 789 2956 const.
818 2919 846 2954 α
874 2903 1214 2955 iniunctum
1241 2902 1407 2954 nobis
1442 2917 1490 2962 ιι,
1518 2903 1583 2954 13
1611 2914 1742 2953 nov.
1772 2902 1921 2963 1564,
1959 2902 2258 2960 professio
2287 2900 2422 2953 fidei
2456 2901 2741 2962 '1¹rident.;
2770 2901 3087 2963 Gregorius
3119 2902 3283 2962 XIII,

295 2996 482 3046 const.
519 3010 549 3045 α
581 2993 1005 3044 Sanctissimae
1039 3008 1087 3053 ι,
1126 3007 1181 3043 a.
1218 2993 1365 3052 1575,
1412 2992 1708 3043 Protessio
1743 2991 1879 3042 fidei
1923 2990 2167 3043 Graecis
2200 3002 2476 3052 praescr.;
2513 2991 2868 3042 Benedictus
2901 2992 3049 3050 XIV,
3096 2994 3281 3043 const.

300 3099 332 3134 ι
361 3083 496 3133 Etsi
520 3082 838 3143 pastoralis
866 3097 915 3142 ι,
941 3082 1007 3132 20
1029 3082 1174 3132 maii
1204 3082 1353 3141 1742,
1392 3082 1418 3141 5
1446 3081 1495 3141 1,
1526 3094 1582 3131 ιι.
1615 3081 1729 3142 111;
1759 3093 1849 3140 ep.
1882 3096 1912 3131 α
1945 3080 2146 3140 Nuper
2171 3083 2249 3130 ad
2279 3080 2397 3131 Nos
2427 3096 2475 3141 ιο,
2504 3082 2569 3131 16
2595 3083 2768 3131 mart.
2803 3081 2950 3139 1743,
2989 3081 3287 3131 Protessio

301 3172 438 3223 ndei
470 3171 785 3222 Maronitis
815 3182 1090 3231 praesen:
1121 3171 1265 3221 Pius
1295 3171 1396 3230 VI,
1430 3173 1615 3222 oenst.
1650 3186 1681 3219 ι
1717 3170 2027 3219 Auctorem
2065 3170 2205 3230 fidet
2235 3184 2283 3229 »,
2314 3169 2380 3220 28
2407 3182 2541 3230 aug.
2575 3170 2723 3228 1704,
2755 3181 2917 3229 prop.
2949 3171 3032 3230 30,
3070 3169 3287 3229 Synodi

303 3261 637 3322 Pistor-len„
664 3261 881 3321 damn:
906 3260 1049 3311 Pius
1073 3260 1169 3317 lx,
1191 3270 1281 3318 ep.
1315 3259 1533 3320 encyci.
1569 3275 1599 3308 ι
1622 3259 2032 3309 Αηιαηιίεείηιί
2062 3258 2466 3318 Redemptor-ie
2489 3274 2541 3326 ρ,
2573 3258 2606 3309 3
2631 3257 2775 3307 maii
2807 3258 2951 3318 1858:
2978 3259 3093 3309 Leo
3122 3258 3288 3318 XIII,

300 3359 391 3409 ep.
419 3350 637 3410 encyci.
666 3365 697 3398 ι
720 3349 909 3399 Mirae
937 3348 1211 3399 caritatis
1239 3364 1288 3407 ι,
1319 3347 1385 3399 28
1407 3349 1549 3399 maii
1578 3348 1724 3409 1902:
1756 3347 2112 3399 Benedictus
2138 3347 2255 3406 XV,
2289 3350 2475 3398 const.
2515 3361 2543 3395 e
2570 3345 2952 3396 Incruentum
2979 3361 3028 3406 ι),
3057 3347 3122 3397 10
3149 3359 3284 3406 aug.

301 3437 447 3498 1015ς
486 3437 546 3487 S.
585 3436 651 3488 Ο.
692 3436 751 3489 S.
790 3437 929 3497 Otr„
975 3437 1044 3488 12
1089 3437 1191 3488 iul.
1232 3436 1377 3498 1865;
1419 3436 1476 3488 S.
1514 3438 1579 3487 C.
1615 3436 1689 3488 de
1723 3438 1895 3496 Prop.
1935 3435 2097 3494 Fide,
2139 3434 2309 3486 instr.
2370 3434 2471 3493 (ad
2513 3434 2709 3485 Praet.
2763 3434 3027 3486 Mission.
3072 3435 3286 3495 Epiri),

303 3527 369 3578 z
405 3526 553 3578 febr.
590 3525 737 3586 1837:
772 3526 888 3578 utt.
936 3525 1037 3585 (ad
1077 3524 1372 3585 Superior.
1422 3525 1636 3576 semin.
1680 3526 1867 3575 Puris.
1919 3524 2181 3575 Mission.
2221 3522 2300 3574 ad
2340 3524 2588 3584 Fater),
2627 3525 2692 3574 16
2739 3524 2856 3574 ian.
2904 3524 3052 3584 184ος
3096 3524 3183 3582 (C.
3223 3524 3286 3575 P.

305 3626 410 3675 pro
441 3614 564 3667 Sin.
593 3642 662 3652 -
688 3614 993 3676 Tanna),
1023 3615 1058 3666 6
1088 3627 1220 3677 aug.
1251 3614 1399 3676 18403
1444 3614 1532 3673 (C.
1572 3615 1634 3664 Ρ.
1676 3625 1782 3674 pro
1813 3612 1920 3664 Sin
1942 3613 1985 3672 ),
2018 3614 2084 3664 11
2113 3614 2288 3664 mart.
2329 3611 2477 3663 1848.

482 3707 508 3742 ²
545 3704 788 3756 Missale
821 3703 1009 3761 Rom..
1046 3705 1140 3756 tit.
1176 3702 1352 3754 Ritus
1385 3704 1710 3753 servandus
1746 3702 1810 3751 in
1850 3701 2242 3752 celebratione
2275 3700 2513 3759 missae,
2556 3713 2606 3752 c.
2646 3702 2694 3761 1,
2735 3703 2806 3752 de
2840 3701 3291 3760 praeparatione

304 3794 630 3844 sacerdotio
673 3793 1047 3851 celebraturi,
1088 3804 1150 3846 n.
1185 3795 1235 3855 1;
1267 3804 1317 3843 c.
1355 3792 1488 3851 XII.
1524 3793 1594 3841 de
1632 3790 2031 3842 benedictione
2066 3791 2130 3840 in
2163 3791 2278 3851 fine
2324 3790 2540 3842 musae
2576 3795 2634 3842 et
2680 3791 2984 3850 evanoelio
3023 3789 3082 3842 S.
3123 3788 3290 3839 Ioan-

302 3880 418 3940 nis.
452 3894 509 3933 n.
544 3882 595 3933 6.

479 3974 505 4011 ³
550 3974 723 4025 Cone.
766 3973 1052 4032 Trident„
1094 3984 1238 4022 sess.
1280 3970 1461 4029 XXII,
1506 3971 1577 4020 de
1616 3969 1906 4031 sacrificio
1953 3969 2194 4027 missae,
2244 3982 2294 4021 c.
2339 3970 2390 4031 5,
2433 3981 2561 4021 can.
2615 3970 2665 4022 7:
2708 3970 2765 4021 S.
2803 3970 2869 4021 C.
2906 3969 2992 4029 0..
3048 3967 3295 4025 Ruben„

306 4063 373 4115 Ἀ
403 4063 531 4123 iul„
560 4062 627 4114 18
653 4073 787 4123 aug.
820 4060 967 4122 170&
995 4060 1334 4120 spoletana,
1371 4061 1436 4111 14
1463 4065 1525 4114 et
1561 4059 1627 4111 28
1656 4060 1775 4111 ian.
1810 4061 1958 4117 1764:
1997 4059 2054 4111 S.
2093 4059 2162 4113 G.
2195 4060 2269 4111 de
2301 4059 2472 4119 prop.
2509 4059 2672 4119 Fide,
2703 4059 2770 4110 30
2802 4071 2934 4109 nov.
2971 4058 3118 4118 182&
3154 4058 3293 4108 Mis·

304 4151 431 4203 sale
456 4151 646 4212 Rom„
674 4151 770 4203 tit.
803 4149 1094 4200 Rubrum
1122 4149 1425 4211 vener-ales
1454 4148 1731 4207 natamus,
1769 4160 1819 4200 c.
1858 4148 2076 4209 XVIII,
2111 4151 2182 4199 de
2211 4146 2502 4198 coloribus
2538 4151 3032 4208 paramentorum:
3060 4157 3109 4196 c.
3142 4146 3292 4205 XIX,

306 4242 380 4291 de
419 4238 709 4300 qualitate
738 4241 1235 4299 paramentorum:
1264 4238 1358 4290 tit.
1396 4237 1571 4288 Ritus
1601 4240 1928 4289 servandus
1963 4238 2027 4287 in
2060 4236 2447 4288 celebratione
2489 4236 2724 4294 missae,
2758 4248 2807 4287 c.
2848 4237 2896 4296 Ι,
2942 4239 3012 4286 de
3055 4244 3294 4293 praepa·

304 4330 539 4379 ratione
572 4327 898 4392 sacerdotis
934 4326 1309 4400 celebraturi.
1342 4338 1401 4377 n.
1437 4327 1540 4389 2-53
1572 4327 1667 4379 tit.
1716 4327 1803 4376 De
1849 4326 2178 4386 defectibus
2215 4328 2279 4375 tn
2314 4324 2703 4377 celebratione
2748 4323 3064 4374 missarum
3100 4332 3295 4371 occur-

305 4419 597 4476 rentibus,
630 4428 681 4469 c.
714 4417 781 4478 X,
815 4418 887 4467 de
920 4416 1248 4476 defectibus
1278 4418 1339 4465 in
1381 4413 1709 4466 ministerio
1741 4416 1869 4475 ipso
1910 4414 2371 4473 occurrentibus,
2405 4427 2461 4466 n.
2501 4417 2549 4476 1;
2592 4413 2932 4465 Pontificale
2972 4412 3163 4471 Rom„
3199 4412 3292 4464 tit.

308 4507 399 4558 De
422 4508 865 4558 consecratione
887 4504 1060 4557 electi
1080 4508 1143 4555 in
1165 4505 1516 4565 episcopum:
1537 4505 1978 4557 Caeremoniale
2003 4505 2359 4565 Episcopor..
2386 4507 2422 4555 l.
2451 4505 2531 4565 11,
2563 4516 2612 4554 c.
2647 4503 2814 4562 VIII,
2842 4515 2897 4553 n.
2929 4501 3098 4559 12-15,
3125 4501 3295 4561 19-22,

304 4608 357 4647 c.
390 4596 491 4655 XI,
524 4594 691 4655 XIII,
721 4607 780 4647 n.
815 4596 865 4656 7,
902 4596 985 4655 11,
1015 4607 1065 4645 c.
1106 4595 1219 4655 XX,
1253 4606 1311 4644 ιι.
1348 4596 1397 4653 1,
1434 4593 1484 4654 2,
1524 4606 1574 4645 c.
1608 4594 1774 4654 XXV,
1808 4605 1867 4644 n.
1905 4595 1956 4654 4,
1995 4606 2045 4644 c.
2089 4593 2284 4650 xxxi.
2317 4605 2373 4643 n.
2407 4593 2454 4642 2.

489 4686 515 4720 ⁴
552 4686 617 4737 C.
667 4686 751 4747 57,
797 4686 867 4735 D.
911 4686 960 4745 I,
1002 4687 1072 4735 de
1112 4695 1289 4739 cone:
1326 4696 1376 4734 c.
1416 4685 1500 4744 15,
1542 4685 1607 4743 X,
1660 4685 1731 4734 de
1770 4683 1896 4733 vita
1936 4687 1995 4733 et
2039 4682 2344 4734 honestate
2385 4682 2745 4737 clericorum,
2791 4679 2906 4737 111,
2961 4681 3008 4738 1:
3053 4678 3297 4729 Benedi-

305 4779 443 4827 ctus
471 4775 622 4834 XIV,
651 4787 742 4836 ep.
774 4791 804 4824 ι
835 4775 1046 4825 Aestas
1084 4789 1133 4833 n,
1170 4776 1235 4825 11
1264 4777 1377 4825 oet.
1416 4773 1565 4833 1757,
1596 4786 1653 4823 ιι.
1686 4773 1865 4834 XXII;
1900 4773 2044 4824 Pius
2075 4773 2141 4832 X,
2176 4774 2337 4823 motu
2370 4782 2561 4832 propr.
2597 4785 2627 4818 ι
2658 4767 2826 4818 Inter
2854 4766 3213 4826 multiplices
3245 4783 3296 4828 n,

305 4866 372 4915 21
400 4865 549 4917 tebr.
577 4865 723 4925 1905,
752 4877 810 4914 n.
839 4865 889 4922 4,
921 4865 972 4924 9,
1003 4864 1086 4923 27,
1118 4864 1199 4923 28,
1232 4864 1315 4922 31,
1347 4862 1513 4924 47-49;
1541 4862 1598 4914 S.
1634 4862 1700 4914 C.
1742 4863 1800 4913 S.
1833 4862 1949 4914 Otr.
1991 4863 2230 4922 (Tchely
2269 4860 2659 4920 Septentrion.
2689 4859 2849 4915 etc),
2888 4857 2951 4908 23
2977 4869 3111 4918 aug.
3147 4858 3296 4918 1880,

306 4954 388 5006 ad
418 4955 467 5013 2:
499 4954 558 5004 S.
594 4953 661 5006 O.
697 4953 976 5011 Consist.,
1007 4953 1041 5003 2
1073 4953 1217 5003 maii
1246 4954 1392 5013 19103
1432 4951 1490 5003 S.
1527 4952 1592 5004 C.
1626 4952 1701 5003 de
1741 4952 1911 5011 Prop.
1949 4952 2112 5008 Fide.
2152 4951 2267 5002 utt.
2319 4949 2420 5009 (ad
2461 4949 2585 4999 Vic.
2622 4949 2727 5007 Ap.
2763 4946 3029 5007 Coi-eae),
3065 4947 3131 4998 30
3161 4959 3295 5008 aug.

307 5043 456 5104 1838:
479 5044 596 5094 litt.
630 5042 731 5102 (ad
756 5042 1014 5093 Pro-Vic.
1044 5043 1436 5104 Kuytcbeou),
1459 5043 1493 5093 6
1517 5042 1641 5093 dec.
1668 5041 1814 5101 185ae
1842 5042 2012 5093 instr.
2046 5042 2148 5101 (ad
2172 5041 2295 5093 Vic.
2328 5041 2434 5098 Ap.
2467 5038 2639 5098 Sin),
2664 5037 2729 5087 18
2748 5039 2861 5087 oet.
2891 5036 3038 5094 1883,
3062 5049 3119 5086 ιι.
3154 5037 3304 5097 XVI;

310 5135 370 5185 S.
409 5133 480 5183 R..
517 5133 606 5192 O..
640 5132 706 5184 20
728 5145 859 5183 nov.
886 5131 1031 5192 1628:
1057 5131 1361 5190 Boianen„
1386 5131 1450 5182 22
1473 5131 1593 5181 iun.
1626 5131 1775 5191 1630:
1806 5132 1837 5180 4
1863 5143 1997 5191 aug.
2026 5130 2172 5189 1657;
2205 5128 2404 5188 Aquae
2431 5126 2690 5184 Sextiae,
2724 5126 2788 5176 12
2813 5138 2938 5186 apr.
2971 5126 3118 5185 1704,
3147 5125 3223 5177 ad
3251 5126 3301 5186 2:

309 5220 714 5280 Hydruntum,
748 5223 812 5272 11
843 5232 970 5280 apr.
1003 5221 1149 5282 18-io;
1184 5220 1430 5270 Bahien.
1464 5223 1525 5270 in
1569 5219 1846 5277 Bruttia,
1882 5220 1946 5271 23
1985 5219 2130 5270 maii
2161 5217 2308 5278 1846,
2346 5216 2421 5268 ud
2462 5217 2511 5276 ὃς
2555 5215 2641 5264 De
2672 5213 3030 5276 Niceratum,
3065 5216 3129 5265 20
3163 5228 3295 5275 aug.

309 5311 459 5372 18703
496 5309 736 5366 lacten..
772 5309 838 5361 28
872 5309 974 5360 iul.
1016 5309 1163 5370 1876,
1203 5310 1282 5362 ad
1321 5311 1369 5371 1:
1404 5309 1622 5367 lucen„
1658 5310 1724 5361 30
1770 5311 1888 5360 ian.
1928 5308 2076 5367 1878,
2124 5307 2203 5359 ed
2249 5306 2298 5368 1;
2333 5305 2566 5361 Scaea..
2601 5305 2668 5356 30
2703 5306 2826 5356 iun.
2869 5305 3017 5365 1883,
3055 5305 3132 5357 ad
3168 5304 3301 5376 VII)

310 5398 585 5457 Pin-ten..
620 5401 653 5451 9
684 5402 858 5451 mart.
892 5399 1039 5460 189-i;
1073 5398 1232 5452 Ordo
1264 5400 1590 5451 servandus
1633 5401 1692 5449 in
1730 5399 1788 5451 S.
1831 5397 2414 5459 congregationibus,
2450 5395 2890 5454 Tribunalibus,
2931 5395 3148 5447 Officiis
3192 5394 3299 5444 Ro·

312 5502 525 5542 manae
555 5489 794 5550 curiae,
821 5489 885 5542 29
910 5492 1057 5549 sept.
1088 5489 1235 5551 1908,
1266 5489 1415 5541 Pars
1441 5489 1525 5548 11,
1562 5488 1814 5541 Nomine
1844 5469 2190 5549 minuam,
2220 5497 2347 5547 cap.
2387 5486 2524 5547 vn,
2554 5488 2670 5538 art.
2711 5485 2827 5545 ιιι,
2856 5497 2914 5536 n.
2949 5485 3058 5545 100,
3089 5483 3134 5545 ις
3163 5482 3303 5534 Μιε-
