3753 5871
1548 310 1560 328 1
1646 296 2010 347 Documenta
3222 293 3333 351 699

311 498 363 543 e
402 481 773 545 Pontificia
828 480 1131 543 Militum
1186 479 1534 544 Nobilium
1588 480 1866 544 cohorte
1919 482 2212 544 cadaver
2264 482 2837 561 custodientibus,
2893 481 3325 561 cancelloque

311 588 590 651 clauso.

519 689 644 757 25:
671 711 695 742 ι·
738 695 807 758 S.
857 695 1260 774 Collegium,
1305 696 1441 757 nisi
1482 696 1692 758 aliter
1735 695 2111 774 pontificiis
2155 695 2623 775 singularibus
2666 695 2945 774 placitis
2997 697 3182 760 circa
3226 715 3316 760 se-

317 803 559 879 pulcri
604 804 827 865 locum
871 808 944 866 et
987 802 1358 881 sepeliendi
1395 820 1648 867 morem
1684 804 1903 867 tuerit
1937 805 2418 883 constitutum,
2467 821 2609 867 rem
2645 809 2806 884 aget
2840 805 3044 867 iuxta
3081 821 3316 882 oppor-

324 914 552 973 tunas
578 928 857 974 normas
884 916 956 974 et
991 911 1543 989 consuetudines,
1585 928 1758 989 quae
1791 928 2057 990 semper
2083 911 2158 973 in
2191 912 2422 990 vigore
2452 911 2761 989 fuerunt,
2796 916 3129 989 quantum
3161 916 3324 974 tem·

321 1034 579 1095 porum
639 1018 1068 1080 conditiones
1130 1017 1559 1096 permittant.
1634 1018 2033 1080 Tumulatio
2092 1017 2569 1095 praesentibus
2628 1016 3121 1081 Cardinalibus
3181 1019 3324 1094 fiet,

318 1125 592 1187 clausis
621 1125 877 1187 ianuis.

516 1234 618 1295 26.
650 1268 669 1279 ·
698 1233 986 1295 Praeter
1009 1233 1387 1310 exsequiae,
1416 1249 1588 1310 quae
1614 1233 1885 1310 publice
1910 1234 1985 1293 in
2012 1230 2317 1295 Basilica
2344 1232 2414 1294 S.
2451 1232 2643 1295 Petri
2671 1236 3110 1311 peragentur,
3145 1233 3323 1294 alias

321 1340 659 1418 privatim
709 1339 1116 1403 cardinales
1166 1340 1554 1418 persolvent
1594 1341 1668 1402 in
1713 1340 2004 1419 Syxtino
2080 1339 2368 1418 Sacello,
2436 1339 2915 1402 Praelatorum
2987 1347 3320 1402 conventu

322 1463 696 1525 eorumque
729 1449 847 1526 qui
880 1448 1035 1510 iure
1067 1448 1156 1510 ad
1193 1446 1461 1511 Sacella
1494 1449 1864 1511 Pontificia
1899 1453 1971 1512 et
2004 1447 2476 1511 Cardinalicia
2507 1448 2851 1514 invitandi
2897 1452 3081 1510 sunt.

517 1554 619 1615 27.
669 1588 689 1600 ·
734 1556 938 1634 Acta,
985 1558 1271 1618 vacante
1315 1557 1716 1633 Apostolica
1773 1555 1969 1632 Sede,
2018 1556 2366 1619 exaranda
2410 1572 2590 1618 unus
2646 1554 2957 1619 Clericus
3000 1552 3326 1619 Gamerae

335 1663 485 1740 (qui
511 1665 678 1726 tunc
700 1663 910 1726 etiam
937 1663 1410 1725 Protonotarii
1438 1663 1823 1741 Apostolici
1849 1681 2129 1727 munere
2152 1663 2504 1743 fungetur)
2533 1667 2609 1727 et
2635 1662 2967 1726 Notarius
2998 1662 3325 1726 Gamerae

327 1768 775 1847 Apostolicae
812 1771 1011 1831 simul
1064 1770 1345 1848 scriptis
1390 1772 1814 1850 consignent.

524 1878 625 1940 28.
679 1912 698 1923 ·
745 1876 1145 1940 Cardinalis
1184 1876 1563 1941 Camerarii
1618 1877 1757 1942 erit
1800 1894 1922 1941 eae
1966 1894 2199 1941 omnes
2242 1876 2721 1940 innovationes
2761 1877 3107 1954 inducere,
3155 1893 3327 1955 quae

328 2000 461 2062 pro
492 2001 565 2047 re
589 1989 758 2047 nata
785 1984 1209 2047 necessariae
1243 1984 1530 2063 fuerint,
1568 1988 1648 2046 ut
1673 1989 2132 2062 congruenter
2162 1987 2457 2062 apteque
2485 1983 2857 2046 nonnulla-s
2881 1982 3322 2046 administra·

327 2090 548 2154 tionis
585 2095 820 2170 partes
854 2092 1202 2154 custodire
1240 2108 1321 2154 ac
1365 2092 1549 2154 tueri
1587 2092 1832 2170 possit,
1873 2108 2049 2170 quae
2092 2092 2233 2155 iam
2276 2091 2571 2171 singulis
2609 2091 2938 2155 Gamerae
2976 2091 3322 2154 Praelatis

326 2198 647 2261 concredi
691 2199 936 2261 solent.

516 2306 618 2368 29.
659 2341 679 2353 ·
713 2306 990 2369 Pariter
1024 2305 1383 2369 Cardinali
1418 2306 1812 2369 Camerario
1847 2323 2057 2369 curae
2091 2306 2231 2370 erit
2262 2311 2345 2370 ut
2380 2306 2604 2369 victus
2646 2305 3137 2369 Cardinalibus
3171 2322 3321 2384 pro·

329 2414 652 2476 videatur
686 2417 761 2477 et
788 2414 1226 2477 ministretur
1255 2414 1329 2475 in
1369 2414 1543 2492 ipsis
1581 2414 1947 2477 Vaticanis
1977 2413 2283 2477 aedibus.

518 2521 708 2584 Idem
748 2520 1143 2584 Cardinalis
1177 2519 1571 2600 invigilabit
1605 2538 1690 2584 ne
1725 2522 1800 2582 in
1835 2521 1963 2584 hac
1998 2525 2070 2584 et
2105 2520 2290 2583 omni
2326 2519 2470 2583 alia
2515 2520 2892 2599 occasione,
2931 2537 3107 2599 quae
3149 2537 3322 2582 com·

328 2628 834 2691 manicationes
879 2645 1033 2691 cum
1076 2630 1387 2707 personis
1424 2629 1514 2691 ad
1562 2627 1900 2692 Conclave
1948 2645 2084 2691 non
2118 2627 2634 2706 pertinentibus
2684 2631 2971 2706 spectet,
3014 2625 3160 2691 ullo
3202 2645 3319 2690 un-

328 2752 535 2814 quam
577 2735 776 2799 modo
821 2736 1212 2799 sanctiones
1256 2735 1714 2815 rigidissimae
1756 2735 2178 2814 frangantur
2220 2752 2394 2813 quae
2438 2735 2865 2802 constitutae
2904 2736 3194 2798 fuerunt
3237 2752 3323 2797 ne

329 2842 489 2919 quis
520 2861 564 2905 a
591 2842 915 2905 Conclavi
950 2860 1105 2905 cum
1137 2842 1442 2906 externis
1469 2843 1943 2906 communicet.

512 2951 615 3013 30.
657 2986 675 2997 -
712 2951 909 3025 Quod
944 2952 1003 3013 si
1036 2951 1111 3013 in
1145 2952 1370 3029 prima
1403 2951 1949 3030 Congregatione
1983 2949 2305 3014 Generali
2346 2951 2415 3013 S.
2465 2951 2843 3029 Collegium
2880 2950 3322 3014 constituerit

329 3056 667 3123 Conclave
701 3063 900 3121 extra
945 3058 1228 3122 Italiam
1273 3059 1638 3135 celebrare,
1677 3060 1750 3120 id
1796 3058 2310 3137 Cardinalibus,
2352 3060 2469 3137 qui
2515 3060 2588 3120 in
2629 3058 2843 3121 Curia-
2883 3076 3019 3121 non
3060 3060 3319 3128 adsint.

331 3165 563 3228 subito
597 3166 985 3229 nuncietur.

514 3274 615 3335 31.
667 3309 686 3320 ·
741 3274 825 3336 In
869 3274 1098 3337 eodem
1154 3273 1404 3335 nuncio
1455 3277 1685 3337 certus
1728 3273 1942 3351 locus,
1999 3278 2070 3338 et
2114 3279 2408 3352 tempus,
2455 3292 2589 3351 quo
2636 3275 2840 3337 simul
2885 3275 3319 3341 conveniant.

331 3381 780 3459 significetur.

514 3488 617 3551 32.
679 3524 698 3535 ·
752 3489 1031 3552 Pariter
1070 3489 1476 3552 Cardinales
1530 3488 1812 3551 Ordinis
1857 3488 2111 3567 Capita-
2153 3506 2294 3551 rem
2352 3489 2814 3567 Diplomatico
2861 3488 3104 3553 Goetui
3150 3506 3319 3551 nun·

333 3597 539 3674 cient,
594 3612 879 3673 eumque
929 3596 1228 3659 invitent
1275 3600 1355 3658 ut
1406 3600 1735 3675 sequatur
1788 3596 1858 3658 S.
1914 3595 2293 3674 Collegium
2342 3598 2417 3658 in
2473 3597 2694 3659 locum
2760 3613 3071 3675 pergens,
3125 3612 3317 3673 quem

328 3704 556 3782 ipsum
595 3704 665 3766 S.
712 3702 1090 3783 Collegium
1126 3704 1447 3782 elegerit:
1500 3721 1633 3782 quo
1674 3722 1826 3767 cum
1865 3704 2271 3782 pervenerit,
2319 3721 2439 3767 eas
2474 3704 2781 3766 rationes
2816 3708 2887 3767 et
2919 3704 3211 3766 consilia
3247 3706 3320 3766 in

330 3811 593 3890 agendo
628 3811 1002 3887 adhibebit,
1042 3829 1212 3889 quas
1247 3796 1468 3890 magis
1505 3812 1787 3874 idoneas
1825 3812 2275 3889 utilioresque
2309 3810 2756 3889 reputaverit.

1550 4185 1892 4267 DOGUM.
1962 4183 2109 4265 IV.

374 4363 863 4434 Constitutio
911 4363 1321 4433 Benedicti
1363 4357 1517 4430 1³1².
1566 4361 1732 4430 XIV
1771 4390 1798 4423 «
1841 4361 2040 4431 Cum
2070 4361 2281 4430 mua
2316 4389 2373 4442 ι»,
2416 4376 2509 4445 14
2553 4361 3013 4430 Decembris
3058 4377 3280 4446 1742.

515 4574 687 4637 Cum
724 4574 899 4636 illud
936 4591 1202 4652 semper
1233 4574 1605 4652 plurimum
1634 4574 2113 4636 formidaverit
2145 4573 2456 4635 Ecclesia
2484 4573 2867 4653 Catholica,
2908 4592 2992 4638 ne
3021 4575 3327 4654 indignis

332 4683 733 4760 quibusque,
774 4686 846 4745 et
885 4686 1084 4745 extra
1123 4679 1549 4744 sacerdotale
1584 4682 1906 4743 meritum
1946 4680 2375 4758 constitutiS,
2420 4698 2587 4743 cura
2627 4682 3038 4760 animarum,
3081 4687 3155 4746 et
3193 4682 3324 4745 Do·

331 4789 565 4851 minici
602 4790 830 4868 gregis
862 4789 1177 4851 custodia
1213 4788 1625 4864 crederetur;
1661 4789 1821 4866 quia
1861 4790 2083 4851 totius
2120 4789 2429 4852 familiae
2475 4792 2727 4869 sta-tus,
2769 4796 2841 4853 et
2877 4791 3046 4852 ordo
3091 4793 3321 4867 nutat,

333 4898 391 4959 si
434 4897 613 4976 quod
654 4897 1037 4975 requiritur
1075 4897 1148 4958 in
1187 4914 1493 4975 corpore,
1537 4914 1672 4958 non
1715 4897 2071 4959 invenitur
2107 4898 2181 4958 in
2222 4897 2489 4975 capite:
2538 4896 2719 4959 Hinc
2772 4896 3123 4959 canonicis
3173 4912 3324 4959 san·

331 5004 701 5080 ctionibus,
736 5021 821 5067 ac
850 5005 1254 5082 praesertim
1291 5004 1586 5067 Sanctae
1617 5004 2062 5068 Tridentinae
2102 5004 2358 5083 Synodi
2391 5004 2704 5067 Decretis
2743 5004 3021 5081 provide
3059 5003 3324 5067 consul·

331 5115 480 5174 tum
524 5117 654 5191 est,
701 5113 1000 5191 regimen
1043 5112 1481 5176 ecclesiarum
1533 5112 2030 5191 parochialium
2075 5113 2167 5174 iis
2209 5130 2355 5176 esse
2399 5113 2987 5190 committendum,
3038 5129 3325 5191 quorum
3399 5153 3409 5175 x

332 5219 555 5281 omnis
586 5222 781 5282 aetas
820 5238 865 5281 a
905 5218 1287 5298 puerilibus
1317 5221 1620 5283 exordiis
1659 5221 1747 5283 ad
1783 5221 2229 5299 perfectiores
2264 5238 2482 5283 annos
2517 5236 2640 5298 per
2679 5218 3087 5297 disciplinae
3121 5218 3324 5283 eccle·

334 5328 656 5390 siasticae
693 5327 1040 5405 stipendia
1076 5329 1179 5390 ita
1215 5329 1658 5405 cucurrisset,
1700 5332 1781 5391 ut
1825 5330 1911 5392 de
1943 5312 2221 5391 illorum
2271 5346 2482 5407 supra
2529 5327 2705 5390 alios
2746 5327 3201 5407 provectione,
3244 5344 3326 5391 ac

333 5433 588 5513 potiori
623 5434 1002 5513 doctrinae,
1038 5452 1325 5509 morum,
1369 5453 1449 5498 ac
1482 5437 1792 5498 diuturni
1839 5436 2098 5499 laboris
2141 5436 2494 5516 suffragiO,
2530 5436 2729 5499 nefas
2760 5439 2938 5499 esset
2982 5434 3323 5498 dubitare.
