3753 5871
1466 238 1830 289 Documenta
3040 238 3147 296 703

155 429 362 503 atque
389 427 473 487 in
506 425 792 499 litteris,
826 440 998 501 quae
1030 424 1116 484 de
1149 423 1389 485 ordine
1423 422 1891 498 sanctiss-imi,
1936 426 2100 484 tunc
2142 440 2185 484 a
2218 423 2515 484 Dataria
2559 423 2928 502 prodeunt,
2964 426 3148 486 clare

155 530 675 608 praescribitur.

340 639 648 701 Vacante
686 641 920 716 itaque
970 638 1255 700 ecclesia
1303 637 1714 716 parochiali,
1753 652 1927 717 quae
1966 638 2379 716 conferenda
2419 639 2512 700 sit
2555 655 2678 716 per
2717 654 3149 717 concursioni,

154 751 362 825 atque
403 748 532 809 hoc
562 747 791 810 solitis
821 747 1145 825 formulis
1175 734 1469 823 indicto,
1503 747 1670 807 haec
1712 762 1886 825 quae
1920 750 2327 823 sequuntur,
2364 762 2445 807 ea
2477 746 2731 807 Sacrae
2767 748 3147 826 Oonqreqa·

157 857 370 917 tionis
400 856 773 930 sententia,
800 855 1115 931 consilio,
1150 855 1496 930 suasione,
1524 855 1861 920 servanda
1898 858 2401 932 proponuntur.

422 964 483 1023 1.
529 960 840 1021 Primum
895 974 1164 1035 nempe,
1223 962 1306 1022 ut
1364 960 1809 1039 assiqnentur
1878 959 2148 1020 eaedem
2208 960 2522 1021 omnibus
2584 960 3150 1022 concurrentibus

155 1070 620 1147 quaestiones,
657 1070 865 1131 iidem
902 1084 1131 1145 casus,
1171 1070 1481 1147 idemque
1525 1073 1757 1131 temtus
1805 1069 2192 1147 E'vanqelii,
2231 1085 2438 1147 super
2476 1085 2607 1148 quo
2651 1071 2984 1132 sermonis
3023 1071 3146 1132 ali·

154 1180 319 1256 quid
357 1178 818 1255 perscribant,
852 1178 943 1238 ad
979 1178 1404 1253 probandam
1439 1178 1710 1239 dicendi
1756 1194 1882 1255 pro
1920 1178 2241 1239 concione
2277 1178 2708 1254 facultatem.

422 1286 485 1347 2.
532 1286 877 1360 Alterum,
920 1288 1002 1344 ut
1050 1299 1278 1372 casus,
1334 1289 1404 1346 et
1461 1284 1896 1362 quaestiones
1943 1285 2381 1346 resolvendae
2439 1285 2791 1347 dictentur
2837 1284 3151 1348 omnibus

155 1393 395 1464 eodem
436 1397 765 1470 tempore,
803 1396 1010 1470 atque
1048 1392 1364 1454 omnibus
1401 1393 1670 1469 pariter
1716 1393 1947 1453 eodem
1991 1397 2292 1471 tempore
2335 1397 2566 1454 temtus
2606 1393 2967 1471 Evanqelii
3011 1397 3146 1455 tra·

152 1500 392 1562 datur.

422 1608 486 1669 3.
536 1605 868 1681 Tertium,
904 1610 984 1667 ut
1031 1610 1322 1683 certum,
1358 1608 1669 1685 idemque
1708 1607 2023 1670 omnibus
2061 1608 2365 1685 spatium
2406 1607 2732 1685 temporis
2776 1597 3167 1670 constitua?

156 1719 302 1792 tur,
353 1716 549 1775 intra
596 1715 775 1792 quod
825 1730 1028 1777 casus
1076 1715 1454 1791 resolvant,
1515 1716 2031 1793 quaestionibus
2093 1717 2580 1804 respondeant,
2633 1713 3172 1778 conciunculam'

149 1824 595 1898 componant.

423 1931 487 1989 4.
536 1926 900 2004 Quartum,
926 1932 1009 1990 ut
1031 1926 1262 1990 eodem
1287 1931 1769 1991 concurrentes
1796 1945 2030 1992 omnes
2056 1932 2131 1991 in
2154 1930 2461 1992 conclavi
2484 1931 2926 2008 claudantur,
2947 1931 3154 2007 unde,

148 2036 469 2112 quandiu
502 2036 802 2097 scribent
843 2033 1366 2113 (dabiturenim
1399 2037 1713 2099 omnibus
1747 2035 2090 2098 scribendi
2126 2037 2348 2117 copia)
2386 2053 2583 2099 nemo
2618 2053 2853 2099 eorum
2896 2035 3153 2116 eqredi,

147 2159 378 2219 neque
409 2144 592 2206 alius
625 2145 966 2218 quispiam
1001 2161 1078 2206 eo
1120 2144 1388 2219 inyredi
1433 2145 1680 2220 possit,
1715 2145 1853 2207 nisi
1889 2149 2250 2220 postquam
2295 2147 2557 2220 scripta
2601 2146 3047 2222 confecerint,
3084 2150 3150 2207 et

147 2249 618 2311 exhibuerint.

427 2359 489 2419 5.
539 2354 896 2431 Quintum,
934 2363 1013 2419 ut
1049 2375 1282 2421 omnes
1309 2375 1436 2421 sua
1467 2359 1751 2437 quisque
1787 2376 1997 2422 manu
2036 2364 2183 2421 tum
2214 2375 2570 2437 responsa,
2604 2364 2749 2421 tum
2779 2374 3155 2422 sermonem

144 2462 499 2538 scribant,
533 2463 1122 2541 subscribantque.

428 2574 488 2634 6.
535 2570 850 2647 sectum,
886 2575 967 2632 ut
1004 2587 1332 2648 responsa
1368 2573 1640 2650 quidem
1687 2572 1930 2648 latine,
1969 2589 2188 2634 sermo
2229 2578 2461 2636 autem
2498 2590 2605 2651 ea,
2642 2591 2776 2652 qua
2813 2576 2903 2636 ad
2941 2589 3148 2651 popu·

145 2680 299 2749 lum
337 2677 578 2739 haberi
609 2679 812 2755 solet,
843 2679 1080 2756 linqua
1114 2679 1482 2741 scribatur.

427 2787 489 2847 7.
537 2785 995 2863 Postremum,
1018 2791 1098 2848 ut
1124 2787 1651 2865 unumquodque
1681 2805 2112 2878 responsum,
2143 2793 2212 2851 et
2239 2789 2704 2866 unusquisque
2729 2805 2948 2853 sermo
2954 2833 2978 2865 ,
3002 2805 3156 2851 cum

143 2896 235 2958 ab
275 2910 690 2972 unoquoque
725 2896 1273 2958 concurrentium
1308 2896 1764 2973 emhibebitur,
1791 2913 1933 2959 non
1961 2897 2180 2960 solum
2209 2897 2296 2959 ab
2330 2913 2434 2974 eo,
2462 2898 2580 2974 qui
2608 2898 2917 2976 scripsit,
2949 2903 3156 2977 atque

140 3021 188 3065 a
231 3002 677 3067 Cancellario
719 3019 1119 3077 concursus,
1160 3020 1393 3065 cerum
1445 3005 1654 3066 etiam
1705 3006 1791 3066 ab
1836 3005 2473 3083 Emminatoribus,
2515 3010 2584 3068 et
2628 3008 2714 3068 ab
2761 3006 3158 3084 Ordinario,

142 3110 259 3171 vel
288 3110 446 3172 eius
485 3102 788 3185 Vicario,
816 3111 935 3187 qui
971 3112 1333 3173 concursui
1360 3112 1838 3189 interfuerint,
1873 3112 2371 3175 subscribatur.

343 3217 638 3278 Peracto
689 3219 1063 3279 secundum
1111 3218 1288 3279 hanc
1334 3219 1705 3296 formulam
1768 3236 2132 3295 concursu,
2193 3222 2579 3297 collataque
2630 3221 2720 3296 ei,
2771 3222 2888 3298 qui
2936 3223 3157 3301 maqis

140 3326 480 3399 idoneus,
515 3340 599 3385 ac
644 3325 920 3402 diqnior
963 3326 1314 3387 iudicatus
1348 3326 1594 3404 fuerit,
1634 3327 1920 3403 ecclesia
1959 3327 2367 3405 parochiali,
2404 3345 2546 3389 non
2584 3329 3005 3391 admittatur
3039 3346 3155 3408 ap·

139 3432 479 3509 pellatio,
507 3435 630 3493 aut
655 3449 697 3493 a
731 3433 914 3494 mala
939 3433 1275 3494 relatione
1303 3434 1901 3510 E'oeaminatorum,
1935 3439 2060 3496 aut
2090 3437 2176 3496 ab
2204 3436 2674 3497 irrationabili
2701 3416 2957 3497 iudicio
2994 3437 3153 3514 Epi·

139 3539 378 3617 scopi,
414 3540 554 3599 nisi
588 3540 777 3600 intra
808 3541 1036 3601 decem
1065 3541 1209 3603 dies
1246 3558 1287 3602 a
1319 3542 1428 3602 die
1459 3542 1853 3604 collationis
1880 3542 2389 3620 interponatur.

342 3645 431 3707 Si
472 3647 626 3724 quis
674 3651 905 3709 autem
955 3647 1081 3709 hoc
1120 3648 1311 3709 intra
1352 3648 1656 3726 spatium
1696 3650 2177 3727 appellaverit,
2216 3654 2507 3728 actaque
2551 3666 2922 3713 concursus
2963 3654 3158 3727 petat

137 3756 238 3816 ad
272 3753 582 3816 iudicem
619 3754 1108 3832 appellationis
1150 3757 1651 3832 transfer-end&
1682 3758 2059 3818 mittantur
2087 3759 2196 3819 vel
2226 3763 2385 3820 acta
2414 3760 2572 3836 ipsa
2603 3759 2985 3839 oriqinalia
3005 3775 3157 3822 con·

138 3878 411 3924 cursus
445 3862 708 3937 clausa,
737 3866 805 3922 et
834 3863 1223 3941 obsiqnata,
1252 3866 1359 3924 vel
1389 3868 1573 3926 certe
1609 3881 1823 3926 unum
1860 3865 2143 3943 aliquod
2172 3866 2646 3927 authenticum
2677 3882 2910 3928 eorum
2944 3883 3156 3928 eccem-

135 3972 383 4047 plum,
416 3985 460 4030 a
492 3969 918 4032 Cancellario
953 3987 1352 4048 concursus,
1382 3976 1590 4049 atque
1629 3974 1848 4033 altero
1891 3974 2164 4034 notario
2199 3974 2553 4050 collatum,
2589 3978 2658 4035 et
2688 3975 3158 4035 auscultatum

135 4094 396 4140 coram
440 4075 742 4151 ‘Vicat-io,
786 4077 892 4138 vel
935 4079 1074 4140 alio
1112 4079 1185 4139 in
1223 4079 1686 4141 ecclesiastica
1723 4081 2065 4158 diqnitate
2101 4082 2510 4156 constituto,
2550 4098 2747 4165 quem
2783 4081 2995 4160 eliqat
3038 4082 3156 4144 Or·

135 4184 513 4259 dinarius,
557 4184 647 4245 ad
706 4200 903 4262 quem
961 4186 1169 4246 etiam
1215 4187 1476 4248 notarii
1525 4187 1954 4250 cancellario
2004 4189 2425 4266 adiunqendi
2472 4190 2713 4251 electio
2765 4190 3160 4267 pertinebit,-

132 4304 432 4351 necnon
473 4290 559 4350 ab
608 4289 1218 4353 Examinatoribus
1283 4293 1772 4370 synodalibus,
1836 4292 1957 4370 qui
2022 4294 2386 4355 concurs-ui
2453 4293 2950 4373 interfuerunt,
3006 4297 3156 4357 sub·

131 4396 527 4474 scriptum.

347 4502 462 4562 Ea>
490 4504 735 4579 quibus
774 4507 978 4581 actis,
1006 4508 1112 4568 vel
1150 4507 1548 4570 authentico
1581 4526 1814 4570 eorum
1847 4512 2179 4587 eoeemplo,
2214 4511 2352 4572 nisi
2384 4527 2750 4587 qravamen
2788 4514 3012 4587 quoad
3047 4512 3155 4575 do.-

131 4614 467 4677 ctrinam
499 4614 740 4690 probet
771 4614 861 4690 is,
893 4616 1013 4690 qui
1043 4616 1170 4691 sic,
1203 4620 1284 4677 ut
1317 4617 1821 4695 praemittitur,
1863 4618 2323 4695 examinatus,
2364 4622 2488 4680 aut
2530 4635 2573 4679 a
2605 4621 2788 4681 mala
2824 4620 3160 4681 relatione

130 4720 768 4797 Emmimtomm,
803 4726 928 4783 aut
964 4722 1050 4782 ab
1088 4721 1556 4785 irrationabili
1595 4725 1850 4787 iudicio
1901 4727 2227 4804 Episcopi
2264 4727 2744 4804 appellaverit,
2784 4744 3031 4788 novum
3070 4729 3160 4789 ad

130 4842 452 4892 eccamen
493 4830 907 4903 provocandi
945 4831 1352 4906 facultatem
1392 4849 1434 4893 a
1469 4832 1682 4895 Sacra
1720 4834 2263 4911 Gonqreqatione
2292 4835 2562 4911 frustra
2598 4813 3001 4911 postulabit.

350 4934 935 5011 Quemadmodum
969 4942 1036 4999 et
1067 4938 1141 5000 in
1175 4940 1429 5001 iudicio
1463 4941 1953 5018 appellationis
1994 4943 2309 5018 persequi
2340 4944 2452 5003 ius
2486 4958 2684 5003 suum
2713 4942 2983 5018 frustra
3019 4945 3158 5002 ten·

132 5046 344 5108 tabit
380 5043 471 5118 is,
503 5044 622 5120 qui
648 5043 832 5118 forte
865 5062 937 5106 se
969 5050 1328 5122 qravatum
1368 5048 1598 5109 doleat
1637 5049 1860 5125 quoad
1902 5049 2193 5125 reliqua,
2223 5050 2389 5125 nisi,
2418 5050 2832 5126 interposita
2864 5053 3159 5125 mature,

127 5160 223 5218 ut
261 5153 542 5214 dictum
575 5155 706 5226 est,
740 5153 1201 5228 appellatione
1236 5155 1320 5215 ab
1361 5155 1829 5217 irrationabili
1860 5157 2116 5217 iudicio
2150 5157 2503 5233 Episcopi,
2537 5158 2903 5233 qravamen
2935 5158 3161 5233 quoad

125 5264 278 5325 illa
325 5259 744 5334 ostenderit,
784 5262 890 5321 vel
930 5277 1012 5321 ecc
1045 5243 1223 5322 actis
1257 5262 1462 5338 primi
1495 5279 1895 5340 concursus,
1928 5266 2035 5325 vel
2069 5266 2313 5326 saltem
2348 5281 2429 5326 ea·
2461 5264 3055 5338 attestationibus,
3091 5267 3159 5324 et

124 5363 600 5434 documentis
637 5366 1274 5431 eoetraiudicialibus
1309 5369 1544 5446 etiam,
1583 5372 1700 5433 sed
1736 5387 1876 5432 non
1923 5373 2202 5433 levibus.
