3753 5871
1202 346 1377 396 Liber
1407 346 1644 397 Tertius
1677 370 1697 381 ·
1736 346 1823 395 De
1861 345 2058 397 Rebus
3047 344 3158 402 4oe

330 538 364 620 ξ
410 538 478 604 2.
528 539 621 605 In
653 538 918 605 diariis
941 556 1139 618 vero,
1169 537 1375 604 foliis
1406 538 1523 604 vel
1551 537 1827 604 libellis
1850 535 2243 620 periodicis
2276 537 2403 621 qui
2438 536 2865 622 religionem
2893 538 3138 604 catho-

161 646 378 713 licam
410 651 545 714 aut
582 645 810 713 bonos
843 662 1082 712 mores
1112 646 1463 728 impetere
1495 645 1759 727 solent,
1797 663 1930 711 nec
1961 643 2134 710 laici
2165 644 2515 712 catholici
2560 644 2938 728 quidpiam
2974 662 3139 710 con·

160 754 515 834 scribant,
562 754 706 819 nisi
750 753 952 819 iusta
999 771 1087 819 ac
1129 752 1559 819 rationabili
1619 771 1848 819 causa
1919 752 2299 833 suadente,
2366 754 2461 818 ab
2535 752 2936 819 Ordinario
2999 752 3144 819 loci

160 860 469 943 probata
504 861 555 928 ¹.

1432 966 1611 1033 CAN.
1661 966 1857 1033 1387.

323 1101 528 1181 Quae
566 1101 661 1172 ad
695 1118 964 1168 causas
1017 1099 1643 1168 beatificationum
1703 1105 1779 1167 et
1835 1101 2479 1168 canonizationum
2542 1099 2934 1167 Servorum
3004 1098 3165 1166 Dei·

157 1226 450 1293 quoquo
486 1210 705 1276 modo
741 1209 1143 1292 pertinent,
1186 1208 1346 1276 sine
1385 1208 1688 1276 licentia
1743 1209 2137 1275 Sacrorum
2180 1208 2489 1275 Rittium
2532 1207 3143 1292 congregationis

154 1314 274 1382 edi
311 1318 685 1398 nequeunt
720 1315 773 1383 ².

520 1435 524 1439 ⁴
1420 1424 1600 1491 CAN.
1653 1423 1848 1490 1388.

336 1555 370 1637 ξ
418 1558 484 1621 1.
534 1555 1178 1640 Indulgentiarum
1224 1555 1399 1623 libri
1455 1574 1730 1638 omnes,
1781 1555 2208 1635 summaria,
2259 1555 2517 1636 libelli,
2575 1554 2785 1635 folia,
2833 1558 3003 1636 etc„
3061 1556 3143 1619 in

158 1662 424 1747 quibus
469 1681 724 1730 earum
777 1663 1282 1731 concessiones
1322 1665 1826 1746 continentur,
1876 1683 1968 1731 ne
2011 1663 2333 1731 edantur
2377 1664 2536 1730 sine
2582 1662 2888 1730 licentia
2930 1662 3139 1728 Ordi-

152 1768 351 1836 narii
380 1770 523 1837 loci
556 1770 610 1836 ³.

331 1875 364 1959 ξ
410 1876 477 1943 2.
528 1878 966 1962 Requiritur
1013 1897 1188 1946 vero
1242 1897 1588 1962 expressa
1640 1877 1945 1945 licentia
2001 1877 2214 1946 Sedis
2267 1878 2741 1962 Apostolicae
2794 1882 2881 1945 ut
2941 1877 3145 1963 typis

152 1984 366 2053 edere
428 1985 675 2069 liceat,
736 1986 993 2071 quovis
1056 1987 1433 2069 idiomate,
1499 1991 1659 2054 tum
1713 1986 2221 2054 collectionem
2277 1986 2782 2053 authenticam
2843 2003 3141 2069 precum

154 2092 589 2176 piorumque
633 2112 934 2177 operum
975 2094 1242 2178 quibus
1288 2093 1513 2162 Sedes
1546 2093 1984 2178 Apostolica
2017 2094 2520 2178 indulgentias
2556 2092 2940 2175 annexuit,
2982 2097 3140 2161 tum

154 2200 537 2268 elenchum
580 2201 1214 2287 indulgentiarum
1256 2202 1858 2285 apostolicarum,
1907 2205 2066 2269 tum
2123 2202 2603 2268 summarium
2651 2200 3142 2284 indulgentia-

155 2327 320 2375 rum
368 2309 486 2376 vel
530 2313 752 2377 antea
793 2310 1209 2391 collectum,
1256 2309 1382 2377 sed
1427 2328 1804 2393 nunquam
1857 2310 2375 2394 approbatum,
2421 2309 2539 2376 vel
2584 2328 2780 2376 nunc
2821 2308 3142 2393 primum

150 2434 242 2481 ex
274 2414 588 2482 diversis
628 2416 1221 2484 concessionibus
1254 2416 1748 2501 colligendum
1777 2417 1830 2484 ⁴.

1412 2593 1590 2661 CAN.
1643 2538 1837 2659 1389.

329 2725 821 2793 Collectiones
847 2725 1308 2794 decretorum
1347 2725 1845 2793 Romanarum
1876 2725 2549 2811 Congregationum
2582 2743 2840 2790 rursus
2869 2724 3006 2791 edi·
3026 2743 3141 2791 ne·

155 2838 460 2917 queunt,
506 2834 651 2901 nisi
700 2835 1102 2917 impetrata
1142 2833 1354 2919 prius
1402 2835 1706 2902 licentia
1745 2840 1820 2902 et
1865 2834 2180 2901 servatis
2218 2833 2769 2900 conditionibus
2808 2851 2858 2899 a
2897 2831 3139 2900 Mode-

157 2942 531 3010 ratoribus
573 2943 1151 3027 uniuscuiusque
1201 2942 1817 3028 Congregationis
1856 2942 2340 3027 praescriptis
2368 2941 2421 3008 ⁸.

1423 3118 1599 3186 CAN.
1652 3117 1845 3185 1390.

330 3253 419 3318 Ιιι
469 3252 772 3319 edendis
821 3252 1036 3319 libris
1087 3251 1461 3336 liturgicis
1507 3269 1904 3336 eorumque
1954 3251 2320 3335 partibus,
2385 3250 2707 3333 itemque
2758 3247 3049 3314 litaniis
3097 3264 3143 3312 a

155 3358 435 3426 Sancta
486 3359 672 3427 Sede
712 3360 1170 3444 approbatis,
1220 3359 1436 3427 debet
1472 3359 1564 3427 de
1600 3358 2131 3426 concordantia
2180 3376 2346 3424 cum
2388 3356 2839 3424 editionibus
2879 3373 3138 3439 appro-

152 3467 353 3533 batis
407 3471 750 3535 constare
795 3486 882 3535 ex
929 3468 1411 3535 attestatione
1458 3465 1841 3534 Ordinarii
1901 3465 2043 3533 loci
2094 3466 2173 3532 in
2235 3483 2380 3550 quo
2425 3464 2961 3547 imprimuntur
3008 3466 3143 3529 aut

154 3573 435 3657 publici
470 3574 661 3641 iuris
698 3572 891 3642 flunt
923 3575 976 3642 ⁸.

154 3812 224 3863 ΞΒ
256 3812 358 3862 iul.
392 3811 539 3872 1906ς
571 3812 686 3863 litt.
719 3813 936 3872 encycl.
972 3825 1003 3860 ι
1042 3809 1326 3860 Pau-endi
1355 3826 1404 3870 n,
1437 3809 1472 3862 8
1501 3813 1648 3870 sept.
1682 3809 1829 3870 19073
1866 3812 2030 3860 motu
2073 3820 2265 3869 propr.
2303 3822 2334 3857 ι
2374 3806 2689 3856 Sacrorum
2719 3805 3059 3856 antistitum
3091 3819 3141 3864 ι,

154 3904 189 3954 1
223 3904 371 3962 sept.
405 3902 554 3960 1910,
598 3915 655 3953 ιι.
695 3903 795 3963 1v;
829 3900 887 3953 S.
930 3901 998 3952 G.
1033 3901 1108 3953 de
1139 3900 1475 3962 RelIglosis,
1513 3901 1578 3952 15
1611 3901 1732 3951 iun.
1768 3900 1918 3962 1911;
1953 3898 2011 3951 S.
2043 3899 2109 3952 G.
2146 3910 2252 3959 pro
2295 3898 2435 3959 Neg.
2476 3899 2696 3949 Eccles.
2740 3895 3137 3959 Extraordln„

155 3992 223 4044 27
250 3991 370 4042 lan.
403 3991 551 4050 1902,
581 4002 640 4042 n.
678 3991 728 4051 2,
756 3990 806 4042 3.

337 4081 360 4117 ¹
397 4083 515 4133 Leo
549 4082 716 4143 ΧΙΙΙ,
753 4084 937 4133 const.
973 4096 1004 4131 ι
1042 4079 1375 4140 officiorum
1403 4091 1475 4130 ac
1503 4091 1810 4128 munerum
1840 4093 1890 4140 n,
1920 4079 1986 4130 25
2015 4079 2135 4130 ian.
2167 4079 2316 4139 1897,
2346 4091 2406 4129 n.
2442 4077 2523 4127 22.

330 4174 357 4209 ²
397 4172 671 4222 Urbanus
706 4171 875 4231 VIII,
912 4173 1097 4223 const.
1136 4186 1167 4220 α
1206 4169 1489 4221 Guczoem
1529 4168 1906 4218 Iuvenalem
1944 4183 1995 4230 n,
2032 4170 2066 4220 5
2103 4169 2206 4220 lul.
2245 4169 2394 4229 1634,
2434 4168 2461 4230 1
2499 4170 2550 4228 1;
2585 4169 2702 4218 Leo
2737 4167 2904 4224 XIII,
2952 4167 3135 4217 const.

158 4277 192 4310 α
234 4260 567 4319 officiorum
615 4269 688 4309 ac
733 4269 1040 4308 muncrum
1089 4271 1138 4316 ι,
1177 4256 1243 4307 25
1283 4258 1401 4306 ian.
1442 4255 1591 4315 1897,
1631 4266 1689 4304 n.
1721 4252 1803 4315 32;
1844 4252 1902 4305 S.
1935 4252 2001 4305 O.
2036 4252 2094 4304 S.
2128 4251 2266 4311 Otr„
2309 4258 2463 4302 decr.
2507 4258 2571 4309 13
2615 4259 2789 4308 mart,
2837 4255 2984 4314 1623,
3031 4254 3058 4316 ς
3099 4254 3149 4315 2;

158 4353 220 4403 S.
252 4351 324 4402 R.
358 4350 446 4410 0.,
477 4349 632 4401 decr.
668 4360 796 4409 gen.
832 4348 897 4399 31
932 4347 1035 4399 lul.
1068 4346 1215 4399 1821.

329 4444 356 4478 ³
397 4443 513 4492 Leo
537 4440 703 4501 XIII,
728 4442 910 4490 const.
940 4454 972 4487 ι
998 4438 1331 4497 officiorum
1361 4447 1434 4487 ac
1458 4447 1760 4486 munerum
1787 4450 1837 4495 n,
1862 4433 1928 4485 25
1955 4434 2074 4483 lan.
2109 4431 2258 4492 1897,
2284 4444 2341 4482 ιι.
2370 4430 2453 4492 17ς
2481 4429 2521 4482 S
2568 4428 2632 4481 0.
2663 4427 2917 4486 Indulg„
2949 4425 3145 4474 Petro-

157 4543 374 4589 ουτοι,
409 4531 474 4581 22
503 4531 622 4581 lan.
655 4529 802 4591 18583
834 4529 892 4580 S.
925 4529 990 4580 G.
1023 4527 1233 4588 lxidie„
1263 4527 1297 4578 7
1330 4538 1464 4588 aug.
1498 4525 1644 4578 1897.

331 4625 361 4662 ⁴
405 4622 463 4675 S.
504 4621 570 4673 C.
613 4621 867 4681 Indulg„
921 4618 1095 4670 Urbis
1131 4622 1190 4669 et
1231 4616 1423 4674 orbis,
1470 4617 1537 4671 30
1572 4618 1719 4677 sept.
1759 4615 1905 4675 18522
1950 4613 2122 4664 Urbis
2160 4617 2220 4663 et
2259 4610 2450 4667 Orbis,
2490 4610 2553 4659 14
2591 4619 2717 4667 apr.
2769 4606 2914 4664 1856:
2953 4604 3150 4653 Petro-

161 4722 377 4770 ooren„
416 4712 481 4762 22
518 4712 636 4763 lan.
674 4710 821 4772 18583
858 4709 918 4762 S.
949 4709 1015 4761 G.
1050 4708 1258 4768 Indic„
1295 4707 1329 4759 7
1367 4719 1502 4769 aug.
1539 4706 1687 4758 1897.

336 4807 365 4842 ⁵
399 4804 517 4854 Leo
546 4802 712 4863 XIII,
744 4803 929 4853 const.
971 4815 1002 4851 ι
1042 4799 1376 4859 officiorum
1415 4809 1487 4848 ac
1515 4808 1823 4847 munerum
1854 4810 1905 4855 ιι,
1938 4795 2003 4845 25
2034 4795 2150 4844 lan.
2186 4791 2334 4850 1897,
2366 4803 2424 4840 ιι.
2462 4789 2545 4840 33.

342 4893 369 4928 ⁸
404 4893 675 4944 Clemens
701 4892 871 4955 VIII,
899 4893 1085 4943 const.
1123 4905 1154 4940 ι
1191 4889 1339 4940 Cum
1368 4887 1820 4938 Sanctissimum
1848 4900 1898 4946 ι,
1932 4886 1965 4935 7
1995 4885 2098 4935 lul.
2130 4882 2279 4942 1604,
2321 4881 2348 4941 ὅ
2378 4881 2428 4940 5:
2453 4879 2734 4931 Urbanus
2760 4875 2932 4936 vn1‚
2962 4877 3149 4927 const.

164 5000 195 5035 ι
233 4983 301 5034 Si
327 4983 468 5043 quid
497 4986 587 5033 est
624 4998 674 5044 n,
711 4983 746 5033 2
774 4986 921 5043 sept.
952 4981 1100 5042 1634:
1125 4981 1312 5033 const.
1344 4994 1375 5029 ι
1408 4976 1689 5039 Οιιαηιυίε
1717 4991 1767 5037 ι,
1802 4975 1866 5027 17
1900 4975 2020 5026 lun.
2053 4973 2200 5032 16413
2231 4969 2590 5022 Benedictus
2615 4967 2768 5026 XIV,
2801 4978 2893 5025 ep.
2926 4965 3146 5026 encycl.

162 5091 195 5125 ι
225 5074 658 5124 Demandatam
688 5089 737 5133 ι,
769 5073 833 5123 24
865 5073 986 5124 dec.
1024 5071 1172 5132 1743,
1211 5071 1238 5133 1
1270 5070 1352 5132 21;
1381 5071 1499 5122 Leo
1528 5068 1693 5126 XIII,
1726 5068 1911 5118 const.
1948 5079 1978 5113 ι
2014 5061 2344 5122 omo-iorum
2387 5071 2460 5109 ac
2498 5068 2805 5107 munerum
2839 5071 2890 5115 ι»,
2923 5055 2989 5106 25
3029 5056 3148 5105 lan.

163 5165 312 5224 1897,
350 5177 408 5214 n.
440 5163 524 5224 18,
554 5165 637 5225 19;
666 5164 809 5215 Pius
837 5164 903 5224 X,
941 5164 1105 5215 motu
1142 5172 1335 5223 propr.
1372 5177 1401 5210 α
1430 5157 1645 5210 Nostro
1674 5159 1834 5206 mota
1866 5154 2102 5214 proprio
2133 5167 2184 5211 n,
2215 5151 2280 5202 25
2312 5161 2439 5210 apr.
2471 5149 2619 5208 1904,
2656 5147 2712 5209 d;
2747 5146 2806 5199 S.
2836 5147 2905 5198 G.
2941 5146 3150 5203 Indlc„

162 5255 229 5307 27
254 5258 431 5307 mart.
463 5253 611 5313 1855,
642 5253 721 5305 ad
750 5253 801 5314 2:
833 5252 891 5305 S.
925 5252 995 5304 R.
1027 5252 1117 5314 0.,
1155 5250 1501 5308 Ariminen..
1528 5249 1561 5300 7
1592 5260 1717 5309 apr.
1750 5245 1899 5304 1832,
1929 5244 2009 5295 ad
2038 5245 2090 5303 4;
2118 5239 2456 5298 Novar-len„
2495 5239 2528 5290 7
2567 5250 2695 5297 apr.
2727 5237 2874 5297 1832:
2905 5231 3152 5283 Namar-

164 5358 312 5404 oen..
353 5345 419 5398 10
467 5348 645 5397 mart.
688 5343 835 5404 183ae
884 5344 1039 5395 decr.
1072 5354 1203 5405 gen.
1232 5340 1301 5394 m
1327 5353 1455 5402 apr.
1508 5339 1655 5399 1834;
1699 5334 2059 5388 elericorum
2100 5330 2484 5392 Reoulartum
2527 5325 3010 5387 Coum-enacmin
3054 5322 3153 5372 So·

164 5437 461 5496 mohac,
498 5436 566 5489 18
602 5436 751 5487 febr.
795 5434 943 5497 184&
984 5433 1302 5485 societatis
1341 5430 1824 5491 Presbyter-orum
1863 5423 1969 5476 SS.
2012 5420 2401 5480 Sam-amenti,
2440 5422 2505 5471 11
2544 5421 2720 5470 mart.
2761 5416 2912 5477 1871,
2953 5415 3032 5466 ad
3076 5414 3155 5473 11;

167 5527 650 5589 conmunionis
679 5525 783 5578 SS.
817 5525 1247 5585 Redemptor-u,
1270 5524 1305 5575 4
1333 5524 1481 5583 sept.
1505 5520 1652 5577 1875:
1676 5516 2164 5575 Neo-morawa„
2188 5514 2224 5564 4
2244 5524 2379 5575 aug.
2406 5510 2553 5573 1877;
2574 5510 2730 5562 decr.
2758 5507 2824 5559 17
2847 5519 2981 5569 aug.
3009 5504 3157 5564 188oe
