3753 5871
1187 335 1363 387 Liber
1394 334 1698 385 sconsam
1737 359 1759 371 ·
1794 333 1882 385 De
1923 333 2198 384 Percosia
2379 341 2384 347 ·
3113 327 3182 386 67

1492 552 1669 618 OAN.
1706 549 1860 616 250.

373 692 408 775 ξ
455 693 521 758 1.
571 691 1146 778 congregationi
1181 690 1500 759 Concilii
1546 709 1632 758 ea
1669 708 1846 776 pars
1893 692 2354 775 negotiorum
2394 695 2508 759 est
2542 690 2956 775 commissa,
3001 709 3188 775 quae

192 800 289 868 ad
319 801 737 868 universam
764 801 1236 885 disciplinam
1260 798 1443 866 cleri
1478 799 1882 866 saecularis
1910 798 2313 884 populique
2343 798 2738 866 christiani
2768 798 3094 866 refertur
3132 798 3182 864 ¹.

376 906 411 989 ὅ
456 906 524 973 2.
573 906 1063 986 Quamobrem
1112 906 1350 991 ipsius
1401 911 1514 973 est
1562 925 1825 974 curare
1880 913 1967 973 ut
2027 906 2482 973 christianae
2529 906 2729 973 vitae
2791 910 3186 991 praecepta

194 1017 606 1096 serventur,
640 1033 805 1081 cum
839 1015 1201 1082 facultate
1235 1021 1650 1099 opportune
1688 1014 1782 1080 ab
1813 1014 2086 1080 eisdem
2129 1014 2380 1081 fideles
2410 1014 2912 1099 dispensandi3
2949 1015 3184 1083 mode·

194 1121 352 1190 rari
392 1140 578 1206 quae
610 1123 969 1207 parochos
1006 1127 1081 1191 et
1113 1122 1506 1189 canonicos
1538 1126 1900 1206 spectant3
1933 1126 2068 1190 aut
2101 1141 2287 1207 quae
2322 1122 2487 1207 pias
2519 1123 2978 1205 sodalitates,
3024 1122 3190 1207 pias

195 1231 507 1298 uniones
539 1231 862 1312 (etiamsi
890 1231 1353 1315 dependeant
1377 1249 1422 1297 a
1451 1231 1816 1313 religiosis
1838 1231 1956 1297 vel
1987 1233 2274 1297 erectae
2298 1232 2450 1299 sint
2479 1230 2558 1296 in
2583 1250 2834 1298 eorum
2861 1231 3190 1298 ecclesiis

196 1357 327 1406 seu
349 1338 743 1420 domibus),
774 1338 901 1423 pia
930 1338 1200 1421 legata,
1232 1339 1356 1422 pia
1388 1356 1637 1422 opera,
1669 1338 2068 1405 Missa-rum
2094 1338 2350 1422 stipes,
2384 1338 2735 1405 beneficia
2758 1343 2893 1407 aut
2925 1338 3185 1422 officia,

194 1447 390 1513 bona
421 1446 945 1527 ecclesiastica,
976 1446 1279 1514 mobilia
1310 1450 1385 1515 et
1413 1446 1843 1529 immobilia,
1876 1446 2164 1514 tributa
2197 1445 2657 1529 dioecesana,
2687 1450 2905 1514 taxas
2932 1447 3187 1515 Curia·

198 1572 364 1620 rum
398 1554 925 1638 episcopalium
963 1553 1256 1638 aliaque
1302 1553 1722 1620 huiusmodi
1758 1554 2169 1637 attingunt.
2219 1554 2479 1620 Eidem
2521 1558 2894 1622 reservata
2931 1560 3044 1622 est
3083 1554 3188 1620 fa·

192 1661 442 1728 cultas
469 1661 835 1729 eximendi
872 1680 919 1728 a
949 1660 1499 1729 conditionibus
1539 1661 1920 1746 requisitis
1951 1662 2046 1729 ad
2079 1662 2613 1729 assecutionem
2645 1661 3189 1746 beneficiorum,

197 1768 487 1852 quoties
524 1770 619 1837 ad
654 1768 1093 1836 Ordinarios
1128 1788 1380 1862 eorum
1423 1769 1728 1837 collatio
1763 1772 2073 1853 spectat;
2117 1768 2560 1836 admittendi
2597 1769 2692 1836 ad
2728 1771 3186 1854 compositio·

198 1894 366 1943 nem
397 1895 523 1944 eos
557 1877 684 1960 qui
720 1881 1180 1961 occuparunt
1221 1878 1414 1945 bona
1447 1877 1973 1961 ecclesiastica,
2021 1877 2242 1944 etiam
2281 1876 2736 1960 pertinentia
2768 1877 2865 1945 ad
2904 1877 3187 1963 religio·

196 2001 341 2067 sos3
373 1983 851 2068 permittendi
882 1990 969 2054 ut
997 1982 1248 2052 fideles
1286 1985 1682 2069 acquirant
1721 1985 1912 2051 bona
1941 1984 2464 2069 ecclesiastica,
2500 2004 2546 2052 a
2584 1988 2953 2069 potestate
2990 1984 3193 2052 civili

198 2094 565 2174 usurpata
609 2091 660 2158 ².

377 2197 413 2280 ξ
457 2197 525 2265 3.
575 2198 801 2268 Videt
835 2216 1122 2283 quoque
1151 2199 1245 2266 de
1278 2198 1374 2266 iis
1411 2199 1775 2281 omnibus,
1815 2218 2003 2284 quae
2037 2200 2132 2267 ad
2178 2199 2719 2267 immunitatem
2759 2200 3191 2268 ecclesiasti-

193 2324 363 2373 cam
406 2305 809 2389 pertinent,
845 2307 1167 2391 itemque
1199 2306 1292 2374 de
1325 2306 1851 2374 controversiis
1892 2306 2093 2373 circa
2128 2307 2744 2391 praecedentiam,
2795 2308 2999 2375 salvo
3035 2310 3197 2374 iure

197 2414 817 2500 congregationis
848 2416 939 2482 de
972 2414 1348 2481 sodalibus
1378 2413 1744 2499 religiosis
1778 2417 1853 2481 et
1889 2414 2502 2499 congregationis
2530 2415 3105 2482 caeremonialis
3139 2413 3192 2481 ³.

380 2520 414 2602 ξ
462 2521 527 2586 4.
576 2521 694 2588 Ad
727 2522 1031 2589 eandem
1065 2520 1444 2605 pertinent
1482 2539 1568 2589 ea
1600 2521 1850 2588 omnia-
1890 2538 2077 2605 quae
2109 2521 2205 2588 ad
2239 2520 2738 2589 conciliorum
2772 2522 3193 2590 celebratio-

200 2647 368 2696 nem
401 2632 481 2697 et
504 2628 1074 2711 recognitionem
1105 2632 1327 2714 atque
1356 2628 1451 2696 ad
1479 2628 2015 2713 Episcoporum
2044 2632 2298 2696 coetus
2332 2648 2458 2696 seu
2487 2629 2986 2697 conferentias
3016 2631 3193 2697 refe·

199 2739 502 2818 rantur,
538 2741 752 2804 extra
790 2735 955 2804 loca
987 2754 1174 2821 quae
1214 2736 1529 2805 subsunt
1562 2736 2138 2822 Congregationi
2169 2736 2261 2804 de
2294 2736 2518 2821 Prop.
2557 2736 2742 2805 Fide
2775 2737 2826 2803 ⁴.

384 2842 418 2926 ξ
466 2841 531 2909 5.
583 2843 723 2912 Est
749 2847 993 2911 autem
1022 2843 1200 2912 haec
1229 2844 1724 2930 congregatio
1747 2849 2170 2929 competens
2194 2845 2275 2911 in
2307 2844 2646 2912 omnibus
2677 2846 3201 2912 controversiis
3275 2900 3282 2907 .

200 2953 505 3038 negotia
539 2952 771 3020 eidem
811 2952 1201 3019 commissa
1237 2954 1771 3037 spectantibus,
1815 2972 1999 3037 quas
2046 2953 2124 3019 in
2165 2952 2362 3021 linea
2408 2951 2876 3038 disciplinari
2917 2959 3171 3038 per-tra

197 3061 518 3128 ctandas
552 3060 945 3142 censuerit3
981 3064 1227 3128 cetera
1256 3061 1349 3128 ad
1381 3061 1715 3128 tribunal
1746 3063 2168 3146 competens
2198 3066 2374 3128 sunt
2405 3061 2804 3128 deferenda
2838 3063 2888 3128 ³.

1504 3235 1681 3303 cm.
1728 3234 1883 3301 251.

390 3373 424 3454 ξ
474 3377 537 3438 1.
588 3372 1082 3457 Congregatio
1133 3372 1451 3455 negotiis
1501 3370 2014 3454 religiosorum
2056 3371 2420 3439 sodalium
2465 3372 2892 3456 praeposita
2935 3391 3024 3439 ea
3064 3373 3206 3440 sibi

206 3480 581 3547 exclusive
613 3480 945 3547 vindicat
981 3498 1169 3564 quae
1212 3480 1620 3563 respiciunt
1655 3479 2005 3562 regimen,
2043 3479 2541 3564 disciplinam,
2580 3481 2856 3563 studia,
2897 3480 3091 3548 bona
3132 3487 3209 3548 et

208 3588 605 3672 privilegia
648 3588 1159 3670 religiosorum
1200 3587 1564 3655 sodalium
1612 3586 2002 3670 utriusque
2045 3606 2262 3654 sexus
2304 3594 2464 3656 tum
2518 3588 2995 3655 sollemnibus
3048 3597 3207 3653 tum

208 3696 676 3780 simplicibus
697 3696 891 3763 votis
918 3696 1474 3770 adstrictorum,
1503 3712 1901 3779 eorumque
1926 3694 2077 3778 qui,
2108 3694 2440 3778 quamvis
2469 3694 2627 3760 sine
2651 3693 2870 3776 votis,
2907 3694 2987 3760 in
3017 3712 3203 3761 com·

211 3806 422 3870 muni
458 3809 705 3872 tamen
734 3805 962 3872 vitam
993 3808 1232 3887 agunt
1259 3822 1460 3870 more
1488 3803 2027 3887 religiosorum,
2059 3802 2381 3886 itemque
2418 3800 2807 3869 tertiorum
2844 3802 3208 3870 Ordinum

211 3912 735 3992 saecularium,
767 3911 1120 3979 incolumi
1155 3911 1319 3979 iure
1344 3910 1962 3996 congregationis
1988 3910 2079 3978 de
2107 3910 2331 3994 Prop.
2367 3909 2552 3978 Fide
2595 3909 2647 3976 ⁸.

393 4159 413 4195 ²
453 4158 598 4209 Pius
627 4157 693 4218 X,
722 4161 906 4210 const.
939 4173 971 4208 α
1001 4157 1272 4217 sapienti
1299 4156 1542 4208 oonsilio
1571 4171 1621 4218 ι,
1652 4156 1717 4209 29
1746 4157 1867 4208 iun.
1900 4154 2051 4213 1908,
2092 4155 2119 4217 5
2154 4155 2204 4215 Ι,
2243 4168 2301 4207 ιι.
2333 4156 2409 4216 4⁰,
2440 4157 2490 4217 1;
2528 4153 2587 4208 8.
2620 4153 2685 4206 Ο.
2718 4153 2996 4214 conciat„
3028 4153 3062 4205 7
3093 4154 3212 4204 ian.

214 4248 366 4309 19⁰9:
395 4246 461 4297 27
502 4247 651 4300 febr.
685 4247 830 4307 1909;
863 4246 1151 4304 Romana,
1183 4245 1249 4298 28
1287 4258 1419 4298 nov.
1463 4246 1613 4297 1911.

383 4338 413 4374 ²
452 4338 597 4389 Pius
619 4338 685 4397 Χ,
712 4338 897 4388 const.
927 4352 958 4386 ι
980 4337 1252 4396 sapienti
1278 4334 1523 4387 consilio
1547 4351 1597 4396 n,
1624 4336 1689 4387 29
1714 4336 1834 4387 iun.
1868 4334 2017 4396 1908,
2054 4334 2081 4396 5
2111 4334 2161 4395 1,
2195 4346 2253 4386 n.
2286 4334 2361 4394 1⁰,
2393 4334 2444 4394 4,
2479 4345 2537 4384 n.
2565 4333 2640 4393 4⁰,
2669 4330 2722 4394 2;
2748 4330 2808 4385 8.
2837 4330 2900 4383 c.
2934 4330 3211 4391 consist„

224 4428 516 4484 Romam,
559 4426 594 4478 8
627 4427 729 4477 iul.
761 4427 909 4487 1909;
942 4425 1227 4483 Romana,
1266 4426 1330 4476 10
1363 4424 1486 4476 dec.
1519 4425 1667 4486 1909:
1708 4426 1773 4475 14
1817 4426 1993 4476 mart.
2035 4425 2181 4486 1910,
2227 4423 2290 4474 21
2327 4434 2454 4482 apr.
2488 4421 2634 4483 19103
2666 4420 2701 4473 5
2737 4420 2840 4472 iul.
2873 4420 3021 4482 19153
3059 4419 3218 4472 Ordo

218 4516 552 4568 servandus
587 4516 649 4567 in
695 4516 752 4567 S.
790 4515 1373 4577 congregationibus,
1414 4513 1852 4574 Tribunalibus,
1902 4512 2120 4564 Officiis
2156 4512 2456 4563 Romanae
2493 4510 2730 4571 curiae,
2768 4509 2835 4561 29
2872 4512 3019 4569 sept.
3063 4508 3212 4567 1908,

224 4606 378 4656 Pars
418 4606 500 4658 11.
533 4604 785 4656 Normae
817 4604 1163 4665 peculiares,
1194 4614 1322 4664 cap.
1366 4603 1500 4663 VII,
1534 4606 1649 4655 art.
1684 4602 1786 4661 IV,
1823 4614 1883 4652 n.
1919 4603 1995 4660 4⁰,
2028 4613 2083 4662 g.

388 4696 416 4731 ³
458 4694 603 4744 Pius
642 4693 707 4751 X,
741 4696 927 4743 const.
973 4707 1002 4741 α
1035 4690 1307 4750 Sapienti
1338 4690 1581 4741 oonsilio
1618 4703 1667 4750 ι,
1709 4689 1775 4740 29
1811 4690 1931 4739 iun.
1970 4687 2117 4747 1908,
2159 4687 2185 4747 5
2225 4686 2272 4746 Ι,
2307 4699 2366 4737 ιι.
2411 4687 2486 4746 4⁰,
2524 4685 2571 4746 2;
2607 4687 2765 4738 Ordo
2797 4685 3125 4738 servandus
3157 4687 3219 4736 in

227 4785 290 4834 S.
333 4782 916 4844 congregationibus,
959 4780 1399 4839 Tribunalibus,
1435 4778 1651 4830 Officiis
1684 4777 1985 4828 Romanae
2017 4776 2252 4835 Curiae,
2288 4775 2354 4828 29
2395 4777 2540 4834 sept.
2581 4773 2730 4834 1908,
2777 4773 2925 4823 Pars
2963 4772 3043 4831 11,
3079 4774 3220 4827 Nor·

220 4884 356 4925 mae
386 4871 731 4932 peculiares,
764 4881 891 4930 cap.
926 4869 1062 4929 vn,
1096 4872 1209 4920 art.
1249 4868 1350 4927 IV,
1384 4881 1441 4918 n.
1473 4868 1547 4918 5⁰.

393 4963 424 4999 ⁴
462 4962 605 5012 Plus
628 4962 693 5019 x.
721 4964 905 5012 const.
935 4975 965 5010 α
991 4958 1261 5020 Sapienti
1294 4957 1537 5008 consilio
1569 4971 1618 5017 »,
1652 4956 1718 5009 29
1745 4957 1868 5007 iun.
1906 4955 2053 5015 1908,
2086 4955 2112 5015 5
2142 4954 2191 5012 1.
2220 4966 2278 5004 n.
2312 4954 2387 5013 4⁰,
2418 4953 2468 5014 3;
2497 4951 2554 5005 S.
2588 4951 2652 5003 c.
2687 4950 2965 5009 consist.,
2996 4949 3061 5000 12
3088 4960 3218 5000 nov.

222 5052 377 5112 1908,
409 5051 488 5103 ad
518 5050 652 5112 vm
682 5049 839 5101 Ordo
870 5048 1197 5100 servandus
1230 5048 1293 5098 in
1326 5046 1385 5099 S.
1416 5045 2000 5107 congregationibuS,
2034 5043 2476 5101 Tribunalibus,
2519 5040 2737 5093 Officiis
2770 5039 3072 5090 Romanae
3111 5038 3221 5089 cu-

222 5143 372 5203 riae,
413 5141 481 5194 29
514 5144 662 5199 sept.
694 5138 842 5199 1908,
876 5138 1026 5190 Pars
1055 5137 1139 5198 11,
1171 5136 1425 5188 Nox-mae
1462 5135 1807 5196 peculiares,
1841 5145 1971 5194 cap.
2014 5132 2148 5193 vn,
2185 5134 2301 5183 art.
2336 5131 2436 5191 IV,
2471 5143 2528 5181 n.
2563 5128 2638 5190 0⁰,
2674 5130 2731 5181 b.

397 5231 425 5268 ὅ
465 5230 609 5281 Pius
638 5230 704 5290 X,
737 5231 920 5279 const.
954 5242 984 5276 ι
1015 5226 1285 5286 Sapienti
1318 5225 1562 5275 coneilio
1595 5240 1642 5285 n,
1675 5224 1740 5276 29
1772 5224 1892 5274 lun.
1926 5222 2074 5283 1908,
2119 5222 2145 5282 5
2182 5221 2232 5282 1,
2273 5233 2330 5270 n.
2364 5220 2440 5280 4⁶,
2473 5219 2520 5269 4.

396 5321 425 5358 ⁶
465 5320 609 5371 Pius
631 5320 697 5377 X,
722 5321 906 5370 const.
942 5333 973 5367 ι
1003 5316 1272 5377 Sapienti
1297 5314 1541 5367 oonsilio
1565 5329 1614 5375 »,
1648 5314 1713 5365 29
1741 5312 1860 5364 iun.
1894 5312 2042 5371 1908,
2081 5311 2107 5372 5
2138 5312 2186 5371 1,
2213 5323 2271 5362 n.
2304 5315 2380 5370 1⁰,
2411 5310 2462 5367 4,
2491 5322 2549 5360 n.
2580 5308 2657 5369 5⁰,
2685 5309 2735 5369 13
2761 5306 2819 5359 S.
2850 5306 2916 5357 C.
2945 5306 3225 5361 consist..

227 5413 262 5464 5
290 5411 395 5463 iul.
425 5411 574 5469 19152
597 5408 755 5462 Ordo
782 5404 1108 5460 servandus
1138 5406 1200 5456 ln
1228 5405 1287 5458 S.
1314 5404 1898 5466 congregationibus,
1928 5400 2369 5460 Tribunalibus,
2406 5397 2624 5451 Officiis
2654 5396 2955 5448 Romanae
2989 5393 3227 5454 curiae,

230 5500 299 5553 n
328 5502 479 5560 sept.
512 5497 660 5558 1908,
695 5498 846 5549 Para
883 5497 966 5558 11,
1008 5496 1260 5547 Normae
1291 5495 1637 5555 peculiares,
1671 5503 1799 5553 cap.
1845 5492 1895 5548 1.
1932 5503 1990 5541 n.
2034 5493 2108 5549 1⁰,
2140 5500 2193 5548 e,
2227 5499 2355 5549 cap.
2392 5487 2527 5548 vn,
2563 5488 2679 5539 art.
2711 5485 2780 5545 V,
2818 5497 2876 5535 n.
2910 5482 3064 5535 40-60.
