3753 5871
3073 536 3185 573 ω.

306 622 457 690 Tu.
498 622 680 689 XXI.
809 657 893 671 -
930 624 1031 689 De
1073 620 1474 689 seminariis
1556 667 2875 687 ..............
2958 617 3314 683 1352-1371

306 766 459 834 'Px-r.
498 765 714 832 XXII.
805 801 888 813 ——
926 767 1026 831 De
1065 764 1324 836 sobolis
1353 811 2877 831 ................
2960 761 3321 827 1379-1383

306 910 457 978 Tu.
497 910 746 977 XXIII.
796 945 882 959 —
924 911 1025 976 De
1083 911 1363 993 praevia
1413 926 1707 975 eensura
1764 908 2098 975 librorum
2151 925 2525 993 eorumque
2577 907 2880 991 prohibi·

1035 1022 1222 1089 tione
1251 1069 2877 1090 .................
2959 1020 3321 1086 1384-1405

471 1159 635 1227 Cas.
676 1160 730 1226 1.
800 1194 883 1206 -
919 1157 1020 1225 De
1060 1157 1338 1242 praevia
1378 1157 1711 1223 librorum
1758 1174 2069 1223 censura.
2154 1206 2875 1223 ........
2958 1154 3321 1220 1385-1394

471 1294 634 1361 Cu.
675 1295 760 1361 11.
798 1328 881 1341 -
921 1293 1020 1359 De
1059 1291 1520 1377 prohibitione
1559 1292 1888 1358 librorum
1951 1339 2872 1358 ..........
2956 1289 3319 1356 1395-1405

306 1446 458 1515 Τιτ.
499 1445 738 1513 XXIV.
779 1481 859 1493 —
899 1448 1000 1513 De
1038 1443 1196 1511 fidei
1235 1444 1657 1528 professione
1755 1492 2876 1511 ............
2959 1442 3321 1508 lim-um

308 1651 540 1718 PARS
578 1649 936 1733 QUIN'I'A.
973 1684 1056 1697 -
1095 1651 1194 1716 De
1230 1649 1589 1716 batmolin
1628 1649 1929 1731 nui-quo
1984 1650 2334 1717 instit-tls
2374 1651 2873 1718 seelulastieis

1031 1783 1176 1833 nen
1215 1765 1703 1850 eollsglalibns
1753 1814 2874 1834 ............
2958 1766 3319 1833 two-1494

306 1922 454 1988 Τιτ.
497 1921 703 1989 XXV.
775 1956 858 2004 ‚—
895 1919 996 1987 De
1035 1918 1383 1985 benefieiis
1419 1917 1899 1984 ecelesiasticis
1953 1968 2873 1987 ..........
2956 1919 3318 1985 lios-1488

468 2057 631 2125 Car.
673 2058 729 2125 I.
825 2092 908 2103 —
946 2056 1046 2123 De
1082 2054 1574 2121 eonstitutione
1614 2072 1738 2121 seu
1778 2054 2117 2122 erectione
2155 2054 2636 2123 benefleiorum
2654 2102 2671 2124 .
2744 2106 2771 2129 Α.
2856 2106 2872 2123 .
2955 2057 3317 2123 1414-1418

472 2191 634 2260 CAP.
675 2193 759 2260 11.
831 2228 912 2238 —
953 2191 1053 2256 De
1072 2190 1350 2267 unione,
1371 2188 1838 2271 translatione,
1858 2190 2219 2266 divisione.
2246 2189 2870 2263 dismembratione.

1032 2307 1478 2373 eonversione
1517 2309 1588 2373 et
1623 2307 2107 2391 suppressione
2147 2308 2628 2375 benefieiorum
2658 2359 2674 2376 .
2758 2359 2775 2375 .
2859 2358 2875 2375 .
2959 2308 3320 2373 1419-1430

472 2445 633 2512 Cu.
676 2444 790 2511 III.
831 2480 912 2491 —
950 2443 1049 2509 De
1088 2441 1572 2509 beneficiorum
1612 2442 1981 2508 eollatione
2052 2492 2872 2511 .........
2956 2443 3315 2509 1431—1447

470 2579 634 2647 CAP.
676 2580 789 2646 IV.
828 2615 910 2626 -—
950 2579 1048 2645 De
1088 2577 1237 2644 iure
1275 2579 1684 2661 patronatus
1753 2626 2874 2645 ............
2958 2577 3312 2644 1448-1471

471 2713 633 2780 CAP.
672 2715 754 2780 V.
825 2750 907 2759 —
948 2714 1046 2778 De
1087 2711 1357 2779 iuribus
1394 2715 1465 2779 et
1501 2712 2043 2795 obligationibus
2081 2712 2666 2780 beneficiariorum
2756 2764 2773 2781 .
2858 2763 2874 2780 .
2956 2713 3318 2779 1472-1483

469 2848 631 2915 cir.
672 2849 784 2915 VI.
821 2884 906 2894 —
942 2847 1041 2913 De
1080 2846 1482 2914 dimissione
1520 2850 1591 2913 et
1631 2847 2131 2931 permutatione
2171 2848 2674 2917 beneficiorum.
2756 2899 2773 2917 .
2858 2899 2874 2916 .
2957 2850 3319 2916 1484-1488

301 3003 454 3070 Τιτ.
488 3002 727 3071 XXVI.
767 3039 848 3049 -
888 3003 986 3069 De
1024 3000 1182 3068 aliis
1222 3001 1561 3068 institutis
1599 3002 2079 3070 ecelesiasticis
2118 3021 2260 3070 non
2300 3004 2773 3089 collegialibns
2855 3055 2872 3072 .
2955 3005 3317 3071 1489-1494

306 3207 541 3275 PARS
579 3207 886 3273 SEXTA.
922 3242 1005 3254 -
1046 3207 1145 3272 no
1181 3206 1387 3273 bonis
1426 3203 1780 3272 neelesiae
1821 3207 2319 3289 temporalibus
2352 3254 2871 3272 ......
2956 3207 3345 3311 1495-15513·

298 3361 449 3427 Τιτ.
492 3360 771 3427 XXVII.
837 3395 919 3406 —-
957 3358 1057 3425 De
1095 3358 1300 3425 bonis
1337 3357 1813 3425 eeclesiastieis
1852 3356 2290 3442 aequin-endis
2353 3408 2871 3426 ......
2954 3359 3314 3425 two-1517

297 3497 450 3562 ΤΠ.
488 3493 797 3560 XXVIII.
836 3529 918 3540 —
957 3492 1056 3558 De
1093 3491 1301 3558 bonis
1335 3490 1814 3558 ecelesiasticis
1852 3490 2420 3558 administrandis
2450 3542 2868 3559 .....
2951 3493 3314 3560 1518-1528

293 3628 445 3694 Τιτ.
486 3624 733 3692 XXIX.
835 3660 917 3671 —-
955 3625 1055 3690 De
1091 3623 1560 3692 eontraetibus
1642 3673 2866 3692 .............
2949 3625 3312 3693 1599-1543

291 3760 442 3826 Trr.
484 3758 698 3825 XXX.
833 3794 914 3805 —
953 3757 1052 3824 De
1091 3757 1226 3842 piis
1272 3756 1801 3824 fundationibus
1843 3807 2865 3827 ...........
2951 3762 3308 3828 1544-1551

1405 4012 1696 4085 LIBER
1752 4011 2211 4102 QUARTUS

1324 4186 1467 4243 ΟΕ
1533 4182 2309 4246 ΡΠΟΟΕΒΒΙΒῌΒ
2454 4224 2873 4242 .....
2956 4177 3318 4243 1552-2194

285 4354 526 4422 PARS
568 4353 873 4419 PRIMA.
914 4389 993 4401 -
1035 4356 1131 4420 De
1172 4354 1458 4422 indietis
1541 4403 2866 4424 ..............
2952 4359 3314 4425 1552-1998
3437 4411 3447 4421 .

624 4521 850 4589 Sectio
892 4525 942 4590 I.
983 4560 1063 4570 —
1104 4527 1203 4590 De
1242 4527 1525 4590 iudiciis
1561 4528 1642 4590 im
1680 4546 1925 4608 uenere
1947 4575 2871 4594 ..........
2955 4529 3315 4595 1556-1924

276 4689 432 4754 Τιτ.
480 4687 534 4751 I.
768 4720 846 4733 —-
888 4684 987 4751 De
1028 4685 1174 4750 soro
1214 4686 1624 4768 competenti
1643 4734 2866 4756 .............
2952 4691 3313 4756 1556-1568

277 4823 431 4890 Trr.
477 4820 561 4886 II.
758 4855 840 4868 —-
883 4821 978 4886 De
1018 4820 1231 4885 variis
1273 4819 1725 4886 tribunalium
1767 4821 2101 4905 gradibus
2142 4825 2212 4888 et
2253 4823 2609 4906 speciebus
2652 4874 2666 4890 .
2753 4875 2767 4891 .
2853 4875 2868 4890 .
2952 4826 3313 4891 1569-1607

446 4955 621 5023 Cu.
662 4954 713 5020 1.
815 4991 899 5002 --
934 4956 1033 5022 De
1071 4955 1405 5021 tribunali
1445 4956 1796 5022 ordinario
1838 4958 2100 5040 primae
2140 4958 2514 5024 instantiae
2547 5008 2562 5023 .
2649 5008 2662 5024 .
2750 5010 2764 5024 .
2850 5010 2865 5026 .
2949 4960 3312 5026 1572-1593

621 5071 767 5137 Art.
812 5073 863 5136 Ι.
962 5108 1044 5118 -
1084 5073 1183 5139 De
1224 5071 1455 5138 Iudice
1538 5122 2867 5143 ..............
2954 5078 3315 5143 1572-1579

617 5188 764 5254 Art.
805 5188 887 5255 11.
962 5225 1042 5234 -
1082 5188 1181 5254 De
1221 5188 1674 5255 Auditoribus
1714 5193 1784 5256 et
1824 5190 2265 5257 Relatoribus
2350 5242 2869 5259 ......
2956 5195 3319 5261 1580-1584

618 5306 765 5372 Art.
806 5305 921 5373 111.
961 5341 1042 5353 —
1082 5305 1180 5371 De
1219 5306 1523 5384 Notat-io,
1556 5307 1951 5373 Promotore
1978 5308 2304 5386 iustitiae,
2340 5309 2600 5375 vinculi
2630 5311 2877 5376 Defen-

1025 5439 1178 5486 sore
1242 5472 2870 5492 .................
2956 5428 3315 5493 1585-1590

616 5539 766 5605 Art.
809 5540 921 5606 IV.
961 5574 1043 5585 —
1081 5540 1180 5607 De
1217 5538 1631 5606 cursoribus
1670 5543 1739 5606 et
1778 5541 2307 5622 Apparitorihus
2339 5592 2864 5610 ......
2949 5545 3309 5608 1591-1593
