3753 5871
747 257 1057 314 'rest-'rest

441 539 576 578 nere
607 524 818 584 valent,
861 524 1102 589 possunt
1132 522 1275 574 illud
1315 521 1553 575 condere
1582 521 1645 574 in
1677 520 1759 573 fa·

439 619 627 658 vorem
675 603 969 660 Ecclesiae.
1024 602 1149 657 1513
1194 602 1227 668 5
1263 604 1316 665 1,
1349 616 1386 654 a
1428 602 1663 655 novitiis
1693 601 1757 653 in

437 684 991 752 Congregationibus
1052 682 1335 748 religiosis
1396 681 1765 735 condendum·

439 768 575 818 ante
628 764 1027 831 professionem
1080 765 1338 815 votorum
1398 763 1758 829 temporario-

440 860 588 907 rum,
621 847 715 898 569
746 845 858 911 53,
892 843 1046 911 quod
1079 845 1276 910 postea
1307 843 1598 910 professus
1639 857 1758 896 mu·

441 929 562 980 tare
609 939 723 978 non
772 925 960 991 potest
1004 925 1132 977 sine
1177 924 1425 984 licentia,
1464 926 1524 977 et
1564 924 1752 986 cuius,

439 1007 537 1061 583
567 1021 624 1058 ιι.
657 1006 716 1066 9,
740 1005 1063 1058 Cardinales
1096 1006 1434 1057 testamento
1464 1003 1760 1070 disponere

440 1087 683 1154 possunt
703 1085 878 1138 libere
898 1086 1070 1138 etiam
1087 1085 1158 1137 de
1181 1084 1345 1137 bonis
1367 1083 1756 1147 beneficiariis,

439 1167 536 1221 239
574 1165 608 1234 5
640 1169 665 1221 1
708 1181 765 1218 n.
810 1167 896 1226 19,
944 1166 1086 1231 quid
1128 1166 1465 1217 testamento
1507 1163 1598 1216 vel
1640 1163 1757 1217 alio

439 1248 570 1299 actu
602 1246 665 1298 in
696 1246 877 1298 iorma
907 1245 1052 1297 iuris
1073 1244 1260 1297 valido
1280 1257 1479 1297 cavere
1510 1242 1754 1295 debeant

441 1326 801 1386 beneficiarii,
838 1325 977 1379 1301.

315 1407 528 1459 Testem
550 1419 650 1472 pro
673 1404 1054 1458 celebratione
1071 1406 1430 1466 matrimonii,
1456 1405 1594 1468 ioeb,
1613 1406 1756 1468 1008,

440 1486 565 1540 1103
581 1485 613 1552 5
629 1488 686 1549 3,
706 1499 806 1552 pro
826 1486 1183 1539 matrimonio
1199 1486 1594 1549 conscientiae,
1614 1487 1752 1540 1105.

311 1594 375 1604 -
407 1567 476 1618 in
506 1566 712 1617 causis
734 1565 1310 1618 matrimonialibus.-
1329 1566 1606 1631 quaedam
1632 1580 1756 1633 par-

435 1643 714 1706 ticularia,
750 1644 1036 1706 1974-1975,
1081 1643 1204 1697 1969
1247 1656 1305 1696 n.
1338 1646 1387 1704 3,
1430 1645 1580 1708 1⁹8&
1623 1646 1754 1699 vide

437 1726 716 1789 Inspectie
747 1725 1088 1791 corporalis,
1114 1725 1317 1777 Periti.

310 1833 374 1843 —
406 1805 473 1856 in
504 1806 709 1857 causis
739 1806 1124 1857 Sanctorum:
1157 1804 1226 1856 de
1257 1804 1610 1871 obligatione
1641 1819 1757 1859 om·

437 1887 595 1938 nium
647 1884 893 1937 fidelium
937 1898 1006 1936 aa
1036 1883 1350 1938 deducendi
1380 1886 1445 1937 in
1489 1886 1753 1939 notitiam

439 1964 714 2017 Ecclesiae
744 1978 893 2030 quae
924 1965 1119 2017 sciunt
1152 1968 1349 2017 contra
1380 1965 1617 2018 Servum
1648 1966 1751 2021 Dei

435 2045 634 2105 iacere,
658 2043 810 2106 Μ,
843 2043 1126 2110 quomodo
1159 2043 1296 2097 huic
1315 2044 1645 2111 obligationi
1665 2059 1753 2099 sa-

435 2123 829 2176 tisfaciendum
865 2123 937 2175 ab
973 2137 1040 2176 eo
1075 2124 1177 2189 qui
1211 2126 1278 2177 ut
1309 2126 1472 2177 testis
1509 2138 1624 2178 non
1661 2128 1751 2180 est

433 2205 726 2266 inductus,
747 2204 899 2267 Μ,
926 2204 1201 2271 obligatio
1223 2205 1591 2272 Superiorum
1623 2208 1752 2260 reli-

434 2287 738 2352 giosorum,
759 2287 912 2349 Μ,
935 2287 1171 2352 quinam
1198 2289 1372 2339 testes
1394 2288 1626 2341 inducat
1645 2291 1749 2341 aut

435 2369 612 2429 vocet,
634 2367 758 2420 2007
790 2380 846 2419 n.
865 2369 914 2427 3,
936 2367 1064 2420 2012
1093 2368 1126 2434 5
1146 2368 1196 2430 9,
1219 2369 1363 2431 9024,
1395 2368 1549 2433 9057,
1577 2383 1749 2435 quae-

433 2449 562 2499 dam
595 2448 902 2514 peculiaria
923 2447 1075 2514 quod
1104 2449 1318 2501 attinet
1346 2449 1418 2501 ad
1450 2451 1625 2505 testes
1654 2450 1748 2503 ad·

431 2528 736 2581 mittendos
770 2526 856 2581 vel
891 2526 1285 2589 excludendos,
1309 2529 1453 2591 mm,
1476 2529 1605 2582 ΨΒ
1624 2530 1657 2595 5
1684 2532 1744 2595 1,

431 2607 569 2674 quid
591 2609 642 2661 si
666 2608 862 2661 medici
883 2608 1065 2661 vocati
1098 2609 1293 2661 venire
1325 2611 1588 2671 renuant,
1620 2609 1748 2663 2028

432 2688 466 2754 5
489 2687 548 2752 23
571 2689 748 2740 testes
772 2689 1058 2754 praestare
1088 2687 1295 2741 debent
1325 2688 1744 2752 iusiurandum,

430 2768 555 2821 1137
570 2768 603 2833 5
619 2770 668 2828 3,
687 2769 746 2819 et
760 2768 992 2821 reddere
1016 2768 1463 2821 testificationem
1482 2771 1551 2823 de
1571 2785 1747 2824 causa

431 2861 567 2899 suae
596 2848 889 2908 scientiae,
910 2861 1076 2900 secus
1107 2848 1324 2901 nullius
1355 2849 1571 2903 roboris
1602 2853 1744 2904 atte-

428 2927 599 2979 statio
619 2928 727 2988 est,
758 2926 911 2989 mih
935 2927 1073 2994 quid
1095 2927 1166 2980 de
1187 2928 1431 2981 testibus
1453 2929 1516 2982 in
1549 2932 1740 2988 causis

429 3005 840 3072 religiosorum,
870 3006 1023 3070 ω30,
1057 3008 1200 3072 quot
1233 3009 1534 3061 necessarii
1556 3009 1616 3061 in
1650 3025 1744 3063 va-

430 3086 535 3139 riis
559 3086 933 3152 processibus,
955 3086 1109 3150 901),
1134 3087 1518 3155 interrogandi
1541 3102 1740 3143 secun·

429 3167 565 3219 dum
627 3167 1100 3233 interrogationes
1149 3182 1185 3220 a
1237 3167 1556 3222 Promotore
1611 3170 1741 3223 fldei

429 3248 826 3308 concinnatas,
872 3247 999 3299 mis
1044 3246 1077 3314 5
1122 3250 1168 3310 1,
1209 3248 1369 3312 ”9⁰3
1423 3250 1744 3303 testimonia

429 3327 885 3380 extraiudicialia
904 3327 1047 3395 quid
1078 3329 1305 3382 valeant
1328 3329 1386 3382 in
1410 3329 1501 3382 his
1531 3332 1739 3394 causis,

428 3408 580 3472 ans&
615 3408 742 3460 vide
772 3409 972 3462 penu.
1513 3394 1522 3411 ²

304 3516 367 3527 -
396 3488 744 3542 iudiciales:
771 3489 1028 3555 probatio
1060 3504 1159 3555 per
1193 3491 1369 3543 testes
1398 3503 1618 3557 semper
1646 3491 1743 3544 ad·

431 3568 673 3620 mittitur
692 3569 752 3621 et
771 3569 1072 3634 quomodo,
1096 3569 1237 3631 1754,
1259 3583 1373 3622 non
1395 3572 1587 3624 tamen
1607 3574 1742 3625 ante

308 3647 315 3654 '
426 3649 894 3701 contestationem
914 3648 1058 3711 litis,
1083 3649 1215 3710 nisi,
1241 3652 1369 3713 etc„
1395 3650 1541 3714 1⁶7oe:
1567 3653 1742 3705 testes

1365 252 1395 302 1
1398 253 1552 304 iudeo
1590 253 2317 315 analytica-alphabeticus

2635 255 2902 317 'rest-Tit
3201 256 3308 315 773

316 447 742 500 Testamentum:
767 456 962 496 omnes
992 443 1096 509 qui
1129 442 1200 494 de
1230 441 1353 494 suis
1383 441 1553 495 bonis
1573 440 1760 508 dispo-
1860 440 2119 509 [ΜΒ

1983 520 2165 574 iacere
2211 522 2450 574 testium
2499 523 2749 584 nomina,
2796 521 2942 586 1763,
2973 520 3045 574 de
3093 523 3238 574 teste
3268 536 3306 574 a

1982 600 2171 653 iudice
2208 601 2581 664 excludendo,
2618 602 2742 655 1764
2770 600 2803 668 5
2833 604 2879 659 1.
2921 604 3025 655 aut
3059 617 3095 655 a
3124 604 3304 669 parte,

1982 695 2085 735 seu
2117 681 2188 733 de
2220 682 2622 748 ¹reprobatione
2660 696 2931 749 personae
2962 684 3147 746 testis,
3182 682 3308 735 1764

1981 761 2047 835 55
2081 762 2191 825 2-55
2244 763 2315 816 de
2359 762 2633 817 citatione
2664 764 2849 827 mstis,
2889 764 3029 829 1765,
3063 764 3133 816 de
3169 761 3303 815 obii·

1980 844 2215 911 gatione
2253 845 2630 913 comparendi,
2665 844 2790 897 17oe
2819 843 2922 911 51,
2956 846 3015 897 et
3046 844 3116 896 de
3157 845 3304 897 teste

1979 924 2366 987 inobediente,
2400 928 2537 977 1766
2565 926 2599 992 5
2620 925 2679 989 9,
2712 926 2889 978 testes
2930 924 3137 977 debent
3177 937 3305 976 esse

1980 1002 2176 1065 iurati,
2208 1004 2330 1055 1767
2353 1003 2385 1070 5
2412 1004 2466 1064 1,
2499 1004 2737 1071 quinam
2771 1003 3006 1056 iniurati
3025 1002 3301 1056 audiendi

1980 1084 2038 1134 et
2086 1081 2157 1135 de
2209 1083 2505 1135 deminuta
2552 1083 2609 1134 vi
2650 1082 2854 1135 horum
2892 1082 3300 1143 attestationis,

1982 1161 2133 1225 1758,
2168 1164 2377 1229 partes,
2420 1164 2549 1225 etc..
2587 1162 2856 1214 assistere
2891 1163 3135 1228 possunt
3165 1160 3302 1214 iuri-

1979 1241 2240 1304 iurando,
2277 1242 2399 1295 1767
2430 1242 2464 1311 5
2494 1243 2552 1305 9,
2585 1257 2661 1294 an
2700 1243 2871 1295 etiam
2911 1242 3131 1308 possint
3168 1242 3301 1295 testi

1983 1320 2128 1374 illud
2159 1324 2470 1386 remittere,
2506 1322 2627 1374 1767
2648 1322 2680 1389 5
2701 1324 2759 1386 3,
2788 1323 3026 1375 monitio
3048 1336 3083 1374 a
3110 1322 3299 1375 iudice

1978 1416 2201 1469 semper
2230 1402 2506 1463 facienda,
2544 1402 2663 1455 1767
2696 1401 2729 1469 5
2747 1402 2804 1464 4,
2826 1416 2904 1454 an
2936 1405 3112 1455 testes
3141 1402 3298 1469 adigi

1980 1482 2221 1548 possint,
2243 1483 2466 1548 expleto
2498 1483 2777 1544 examine,
2799 1481 2871 1534 ad
2896 1482 3297 1535 iusiurandum

1946 1539 2047 1614 ‘de
2089 1563 2325 1615 veritate
2362 1562 2668 1622 dictorum,
2713 1561 2854 1625 1768,
2895 1576 2973 1614 an
3010 1562 3183 1615 etiam
3222 1563 3296 1615 aad

1977 1642 2380 1695 iusiurandum
2426 1637 2498 1694 de
2544 1642 2759 1695 secreto
2799 1641 3097 1703 servando,
3144 1641 3292 1707 1769,

1976 1722 2153 1774 testes
2174 1723 2421 1776 examini
2441 1721 2786 1774 subiiciendi
2803 1723 2861 1774 et
2878 1722 3132 1782 ubinam,
3153 1720 3294 1785 1770,

1975 1815 2051 1854 an
2096 1803 2331 1864 secreto,
2366 1801 2505 1863 1771,
2541 1801 2665 1854 1772
2694 1801 2797 1867 51,
2832 1814 3069 1854 examen
3110 1815 3146 1852 a
3177 1804 3294 1867 quo

1975 1882 2317 1944 iaciendum,
2375 1881 2501 1936 1773
2559 1881 2593 1950 5
2638 1883 2692 1942 1,
2744 1882 3216 1947 interrogationes
3257 1894 3293 1933 a

1975 1976 2092 2030 quo
2141 1962 2560 2029 proponendae,
2607 1962 2731 2016 1773
2768 1961 2801 2028 5
2841 1962 2900 2025 Ξ,
2944 1974 3109 2027 quae,
3148 1961 3288 2024 1774,

1973 2042 2194 2111 quales,
2216 2043 2366 2103 1775:
2398 2058 2476 2097 an
2507 2056 2638 2096 cum
2670 2044 2815 2096 teste
2843 2044 3016 2095 antea
3045 2055 3293 2095 commu-

1976 2123 2270 2185 nicandae,
2283 2123 2408 2175 1776
2424 2138 2438 2185 ,
2455 2122 2737 2189 quomodo
2754 2123 3138 2176 testimonium
3156 2121 3294 2175 dan-

1974 2203 2127 2260 dum.
2153 2202 2290 2263 1777,
2313 2203 2437 2255 1648
2457 2202 2489 2269 5
2506 2203 2563 2267 9,
2587 2202 2657 2256 de
2672 2203 2997 2256 testimonio
3011 2201 3292 2255 abactum-

1896 2324 1906 2338 .
1974 2285 2059 2337 rio
2089 2284 2153 2336 in
2186 2284 2333 2337 actis
2363 2282 2688 2350 redigendo,
2723 2283 2864 2346 1778,
2892 2282 3031 2343 1779,
3065 2284 3125 2335 et
3153 2283 3287 2335 testi

1972 2363 2216 2431 legendo
2237 2377 2368 2416 cum
2385 2363 2656 2416 facultate
2669 2361 3004 2429 corrigendi,
3018 2365 3148 2423 etc..
3167 2361 3292 2414 1780

1972 2445 2005 2512 5
2029 2448 2083 2510 1,
2118 2445 2187 2498 de
2223 2445 2546 2498 testimonio
2575 2443 2996 2504 subscribendo,
3033 2442 3155 2494 im
3174 2442 3208 2508 5
3227 2441 3286 2507 1,

1970 2540 2049 2579 an
2093 2525 2315 2578 excussi
2358 2526 2534 2578 testes
2569 2524 2789 2591 possint
2828 2524 3037 2577 iterum
3083 2523 3287 2576 subiici

1970 2606 2237 2666 examini,
2280 2605 2419 2668 1781;
2464 2605 2534 2659 de
2570 2605 2913 2658 testimoniis
2950 2603 3289 2671 evulgandis

1968 2688 2026 2739 et
2049 2686 2302 2753 quando,
2332 2685 2479 2746 1789,
2502 2685 2734 2750 quinam
2756 2684 3142 2751 evulgationis
3163 2686 3289 2737 eile-

1967 2769 2116 2828 ctua,
2144 2766 2293 2831 1783,
2316 2765 2386 2819 de
2406 2765 2801 2832 reprobatione
2829 2765 3285 2826 testimoniorum

1964 2859 2070 2899 seu
2091 2845 2539 2907 attestationum,
2560 2844 2698 2907 1784,
2720 2844 2866 2908 1785,
2889 2857 2965 2896 an
2982 2846 3110 2910 post
3130 2841 3287 2897 evul-

1968 2927 2261 2993 gationem
2295 2924 2468 2979 iidem
2502 2926 2677 2979 testes
2699 2925 2904 2978 iterum
2936 2925 3158 2992 possint
3186 2938 3287 2977 au·

1965 3007 2096 3069 diri,
2123 3006 2270 3069 1786,
2303 3005 2375 3058 de
2396 3007 2540 3058 teste
2563 3005 2810 3058 indemni
2835 3004 3139 3067 reddendo,
3165 3003 3288 3057 1787

1964 3087 1998 3154 5
2028 3088 2083 3151 1,
2108 3087 2241 3153 quis
2261 3087 2691 3140 indemnitatem
2710 3084 3010 3138 aestimare
3040 3087 3100 3138 et
3132 3098 3287 3152 prae-

1963 3168 2206 3221 stituere
2250 3167 2434 3226 debet,
2488 3165 2610 3219 1787
2655 3165 2687 3233 5
2718 3166 2777 3229 Ξ,
2815 3166 2886 3218 de
2925 3165 3171 3231 pecunia
3207 3166 3284 3216 ab

1964 3246 2272 3300 inducente
2312 3245 2663 3313 deponenda,
2696 3244 2846 3309 1788,
2878 3245 3159 3312 quomodo
3190 3245 3282 3298 de-

1963 3328 2095 3381 beat
2115 3327 2287 3381 iudex
2298 3328 2624 3380 testimonia
2638 3327 2953 3387 aestimare,
2975 3325 3123 3388 17ae;
3141 3326 3283 3392 quid

1964 3409 2027 3462 in
2070 3407 2451 3473 discrepantia
2496 3406 2748 3468 testium,
2791 3405 2939 3467 1790,
2981 3419 3056 3458 an
3098 3407 3282 3473 possit

1964 3489 2138 3543 iudex
2167 3502 2264 3541 eos
2304 3489 2693 3554 confi-entare.
2722 3487 2846 3539 1772
2864 3487 2931 3554 55
2950 3487 3000 3549 9,
3021 3488 3088 3551 3,
3110 3498 3284 3554 quse-

1965 3583 2096 3623 nam
2140 3568 2232 3622 vis
2273 3567 2645 3635 depositionis
2680 3568 2857 3620 unius
2890 3554 2981 3620 ve‘l
3013 3567 3279 3634 plurium,

1967 3651 2114 3715 1791,
2149 3649 2279 3703 vide
2309 3650 2508 3703 Periti.

425 3727 604 3779 iudici
645 3727 899 3792 legitime
935 3729 1308 3794 interroganti
1352 3730 1623 3783 tenentur
1661 3746 1746 3799 ¹20·
1838 3732 2252 3784 Testimonialea
2283 3730 2413 3782 vide
2444 3732 2689 3783 mtterae
2720 3729 3155 3783 testimoniales.

426 3806 705 3871 spondere
755 3808 816 3858 et
866 3806 1031 3859 iateri
1084 3808 1400 3873 veritatem,
1451 3810 1576 3862 1755
1624 3811 1657 3879 5
1692 3811 1738 3875 1,

426 3886 572 3950 1944,
605 3885 840 3950 quinam
865 3887 940 3938 ab
962 3885 1070 3940 hac
1101 3887 1451 3954 obligatione
1484 3891 1739 3944 eximun-

1837 3812 2250 3864 'l'estinoninmz
2301 3811 2371 3863 de
2418 3810 2644 3863 oraculo
2691 3809 2994 3875 pontificio,
3041 3808 3137 3862 339
3180 3807 3213 3875 5
3249 3809 3275 3860 1

1962 3904 2018 3943 u.
2042 3889 2130 3954 17,
2153 3892 2411 3957 receptae
2431 3890 2825 3951 ordinationis,
2852 3889 2975 3941 1010
3003 3888 3037 3957 5
3060 3889 3109 3951 Ξ,
3136 3888 3276 3941 1011.

425 3968 539 4026 tur,
585 3964 707 4016 1755
743 3964 776 4032 5
796 3965 853 4028 Ξ,
888 3966 959 4018 de
1000 3968 1144 4021 teste
1186 3968 1389 4020 salsum
1424 3969 1736 4023 affirmante
1836 3971 2229 4023 Testimonium
2251 3972 2517 4035 septimae
2536 3983 2749 4023 nasim
2778 3970 2865 4021 est
2886 3969 3276 4021 testimonium

426 4044 515 4097 vel
547 4057 745 4096 verum
775 4045 1095 4099 occultante
1132 4049 1191 4099 et
1220 4047 1290 4099 de
1333 4049 1506 4100 testes
1547 4049 1741 4102 subor-

427 4124 697 4177 nantibus
727 4125 1051 4192 puniendis,
1089 4126 1212 4180 1755
1239 4126 1349 4194 53,
1388 4142 1584 4182 οιιιιιοο
1615 4144 1739 4197 pos-

423 4208 562 4258 sunt
584 4219 710 4259 esse
724 4207 919 4268 testes,
937 4208 1035 4272 qui
1060 4222 1173 4261 non
1196 4208 1565 4276 repelluntur,
1584 4209 1734 4275 1756,

424 4286 659 4353 quinam
689 4286 1074 4353 repelluntur:
1121 4290 1187 4341 ut
1228 4302 1342 4342 non
1375 4288 1581 4352 idonei,
1617 4291 1738 4343 1757

423 4367 456 4433 5
490 4368 537 4430 1,
586 4369 650 4419 ut
683 4369 954 4435 suspecti,
1006 4369 1129 4421 1757
1166 4369 1199 4437 5
1229 4370 1278 4430 2,
1314 4372 1383 4422 ut
1421 4371 1733 4437 incapaces,

429 4447 551 4499 1757
575 4446 608 4514 5
626 4450 684 4513 3,
707 4461 783 4500 an
806 4462 921 4501 non
953 4450 1145 4503 idonei
1171 4452 1228 4502 et
1259 4451 1512 4518 suspecti
1543 4451 1733 4505 audiri

419 4526 731 4593 aliquando
772 4530 994 4595 possint
1033 4532 1091 4583 et
1131 4531 1269 4596 quid
1310 4531 1498 4584 valeat
1537 4544 1732 4585 eorum

420 4607 831 4670 testimonium,
867 4609 1016 4670 1758,
1041 4610 1145 4675 qui
1177 4613 1418 4676 possunt
1438 4611 1622 4665 testes
1653 4613 1735 4665 in-

419 4686 643 4749 ducere.
669 4687 792 4740 1750
822 4687 886 4756 55
919 4690 1024 4753 1·3,
1052 4705 1128 4743 an
1149 4692 1252 4757 qui
1284 4693 1485 4744 testem
1506 4693 1733 4746 induxit

416 4767 595 4833 possit
614 4767 797 4821 eidem
824 4771 1181 4833 renunciare,
1205 4770 1424 4838 etquid
1445 4771 1517 4824 de
1535 4773 1730 4827 adver·

419 4848 569 4901 sario
612 4849 672 4901 in
709 4862 868 4910 casu,
913 4850 1035 4902 1759
1074 4851 1200 4919 54,
1251 4852 1320 4904 de
1362 4855 1507 4906 teste
1557 4853 1733 4907 ultro·

418 4942 543 4990 neo,
578 4928 717 4993 1760,
741 4932 940 4995 petens
971 4931 1359 4997 probationem
1380 4933 1732 4986 testimonia-

415 5009 526 5063 lem
548 5009 715 5063 debet
741 5009 992 5063 indicare
1013 5014 1208 5074 testes,
1230 5015 1358 5074 etc„
1379 5014 1438 5066 et
1457 5013 1728 5068 exhibere

414 5091 708 5155 articulos,
743 5092 861 5144 1761
894 5093 996 5159 51,
1030 5093 1183 5147 intra
1212 5094 1366 5160 quod
1396 5096 1638 5161 tempus,
1671 5098 1730 5150 et

416 5172 554 5238 quid
577 5173 626 5226 si
651 5185 764 5225 non
790 5172 1001 5235 iecerit,
1029 5173 1148 5226 1761
1170 5174 1274 5240 59,
1294 5175 1472 5229 nimia
1492 5176 1727 5229 testium

417 5254 731 5307 multitudo
792 5268 830 5306 a
888 5255 1079 5308 iudice
1140 5255 1507 5320 refrenanda,
1571 5256 1726 5318 17023

413 5335 646 5400 quando
679 5336 867 5400 partes
904 5335 1146 5389 debeant
1175 5336 1283 5389 sibi
1316 5337 1554 5390 invicem
1589 5340 1730 5390 nota

1959 4049 2363 4103 credibilitatis
2385 4050 2540 4116 quod
2564 4050 2797 4117 proinde
2830 4063 2943 4102 non
2966 4047 3137 4102 habet
3160 4048 3273 4100 vim

1960 4130 2165 4197 plenae
2211 4130 2576 4197 probationis,
2620 4130 2742 4183 1975
2781 4130 2814 4196 5
2850 4130 2908 4193 Ξ,
2950 4129 3165 4196 quibus
3211 4128 3275 4181 in

1958 4212 2153 4265 causis
2185 4209 2610 4278 requirendum,
2641 4208 2765 4263 1975
2794 4207 2827 4275 5
2851 4210 2896 4261 1.

1832 4293 2083 4346 stream
2133 4306 2265 4345 cum
2320 4291 2687 4345 baldachino:
2737 4289 2893 4357 quod
2943 4288 3155 4342 attinet
3199 4290 3273 4342 ad

1956 4372 2014 4425 8.
2040 4371 2105 4425 R.
2132 4372 2553 4434 E.Cardinales,
2584 4370 2678 4425 m
2708 4370 2791 4437 51
2820 4385 2874 4423 ιι.
2910 4370 2989 4434 15,
3014 4370 3119 4423 240
3147 4369 3180 4437 5
3211 4372 3273 4435 3,

1954 4451 2028 4504 ad
2071 4451 2312 4518 Legatos
2353 4452 2513 4506 Rom.
2561 4450 2863 4512 Pontificis,
2905 4450 3002 4504 ms
3042 4450 3074 4517 5
3105 4452 3164 4514 3,
3197 4449 3271 4502 ad

1955 4530 2356 4598 Metropolitas,
2395 4533 2495 4586 274
2529 4546 2586 4587 n.
2618 4533 2681 4596 6,
2724 4530 2798 4583 ad
2830 4531 3145 4597 Episcopos,
3178 4529 3274 4584 349

1954 4612 2041 4679 53
2062 4627 2117 4664 n.
2141 4614 2190 4673 3,
2214 4612 2283 4665 ci.
2317 4612 2441 4677 337,
2473 4612 2546 4665 ad
2580 4611 2828 4664 Abhates
2856 4610 2947 4663 vel
2981 4609 3271 4663 Praelatos

1945 4693 2195 4755 nullius,
2216 4694 2337 4755 35,
2355 4694 2429 4746 ad
2443 4693 2729 4746 vicarium
2745 4691 3128 4759 Capitularem
3148 4690 3273 4757 Epi-

1954 4787 2206 4840 scopum.
2237 4774 2334 4828 435
2363 4773 2465 4841 52.

1828 4856 1998 4907 Tituli
2031 4856 2103 4906 ad
2136 4856 2395 4907 latorem:
2432 4867 2507 4906 an
2538 4856 2597 4907 et
2620 4853 2785 4907 cuius
2806 4852 3036 4905 licentia
3065 4851 3137 4904 ad
3169 4865 3270 4905 eos

1952 4934 2013 4986 in
2083 4933 2229 4987 alios
2293 4932 2715 4989 commutandos
2779 4932 3270 4986 administratores

1952 5017 2178 5082 egeant,
2214 5015 2337 5069 1539
2366 5013 2470 5082 52.

1825 5097 2065 5149 'l'ltulnsz
2110 5096 2326 5159 altaris,
2372 5095 2521 5159 imm
2564 5092 2849 5157 ecclesiae,
2886 5094 3032 5158 1168,
3076 5106 3265 5159 paroe-

1950 5177 2089 5237 ciae,
2126 5175 2264 5230 1187.

1823 5285 1889 5296 -
1918 5257 2347 5310 ordinationis:
2380 5256 2617 5323 quinam
2645 5270 2747 5322 pro
2776 5255 2997 5308 clericis
3017 5252 3265 5306 saecula·

1950 5339 2124 5400 ribus,
2160 5337 2256 5391 979
2296 5337 2328 5405 5
2364 5340 2411 5403 1,
2450 5338 2573 5390 eius
2602 5336 2906 5404 qualitates
2935 5334 3263 5401 requisitae,
