<?xml version="1.0" encoding="UTF-8"?>
<!DOCTYPE html PUBLIC "-//W3C//DTD XHTML 1.0 Transitional//EN"
    "http://www.w3.org/TR/xhtml1/DTD/xhtml1-transitional.dtd">
<html xmlns="http://www.w3.org/1999/xhtml" xml:lang="en" lang="en">
 <head>
  <title>
</title>
<meta http-equiv="Content-Type" content="text/html;charset=utf-8" />
  <meta name='ocr-system' content='tesseract 3.04.00' />
  <meta name='ocr-capabilities' content='ocr_page ocr_carea ocr_par ocr_line ocrx_word'/>
</head>
<body>
  <div class='ocr_page' id='page_1' title='image "./codexiuriscanon00xgoog_0187.png"; bbox 0 0 3753 5871; ppageno 0'>
   <div class='ocr_carea' id='block_1_1' title="bbox 1255 359 3265 420">
    <p class='ocr_par' dir='ltr' id='par_1_1' title="bbox 1255 359 3265 420">
     <span class='ocr_line' id='line_1_1' title="bbox 1255 359 3265 420; baseline -0.001 -10"><span class='ocrx_word' id='word_1_1' title='bbox 1255 359 1432 410; x_wconf 73' lang='lat' dir='ltr'><strong>Liber</strong></span> <span class='ocrx_word' id='word_1_2' title='bbox 1462 359 1768 411; x_wconf 67' lang='lat' dir='ltr'><strong>Sec-naue</strong></span> <span class='ocrx_word' id='word_1_3' title='bbox 1806 384 1827 396; x_wconf 92' lang='lat'><strong>·</strong></span> <span class='ocrx_word' id='word_1_4' title='bbox 1861 360 1951 410; x_wconf 74' lang='lat' dir='ltr'><strong>Do</strong></span> <span class='ocrx_word' id='word_1_5' title='bbox 1989 359 2268 410; x_wconf 66' lang='lat' dir='ltr'><strong>Pon-mu</strong></span> <span class='ocrx_word' id='word_1_6' title='bbox 3154 360 3265 420; x_wconf 75' lang='lat'><strong>135</strong></span> 
     </span>
    </p>
   </div>
   <div class='ocr_carea' id='block_1_2' title="bbox 249 546 3254 2035">
    <p class='ocr_par' dir='ltr' id='par_1_2' title="bbox 263 546 3254 741">
     <span class='ocr_line' id='line_1_2' title="bbox 263 546 3254 633; baseline 0.001 -19"><span class='ocrx_word' id='word_1_7' title='bbox 263 566 514 615; x_wconf 77' lang='lat' dir='ltr'><strong>curam</strong></span> <span class='ocrx_word' id='word_1_8' title='bbox 545 552 760 633; x_wconf 86' lang='lat' dir='ltr'><strong>gerat</strong></span> <span class='ocrx_word' id='word_1_9' title='bbox 789 547 1234 630; x_wconf 85' lang='lat' dir='ltr'><strong>animarum,</strong></span> <span class='ocrx_word' id='word_1_10' title='bbox 1268 547 1653 633; x_wconf 81' lang='lat' dir='ltr'><strong>assignata</strong></span> <span class='ocrx_word' id='word_1_11' title='bbox 1691 546 1927 615; x_wconf 89' lang='lat' dir='ltr'><strong>eidem</strong></span> <span class='ocrx_word' id='word_1_12' title='bbox 1957 566 2286 632; x_wconf 85' lang='lat' dir='ltr'><strong>congrua</strong></span> <span class='ocrx_word' id='word_1_13' title='bbox 2318 548 2704 616; x_wconf 80' lang='lat' dir='ltr'><strong>fructuum</strong></span> <span class='ocrx_word' id='word_1_14' title='bbox 2736 549 3105 633; x_wconf 81' lang='lat' dir='ltr'><strong>portione,</strong></span> <span class='ocrx_word' id='word_1_15' title='bbox 3140 569 3254 617; x_wconf 87' lang='lat' dir='ltr'><strong>ar·</strong></span> 
     </span>
     <span class='ocr_line' id='line_1_3' title="bbox 267 654 979 741; baseline 0 -19"><span class='ocrx_word' id='word_1_16' title='bbox 267 654 488 723; x_wconf 81' lang='lat' dir='ltr'><strong>bitrio</strong></span> <span class='ocrx_word' id='word_1_17' title='bbox 533 656 886 741; x_wconf 75' lang='lat' dir='ltr'><strong>Episcopi</strong></span> <span class='ocrx_word' id='word_1_18' title='bbox 929 655 979 722; x_wconf 89' lang='lat'><strong>¹.</strong></span> 
     </span>
    </p>

    <p class='ocr_par' dir='ltr' id='par_1_3' title="bbox 253 761 3252 1279">
     <span class='ocr_line' id='line_1_4' title="bbox 439 761 3252 847; baseline 0.001 -18"><span class='ocrx_word' id='word_1_19' title='bbox 439 763 475 845; x_wconf 99' lang='lat'>5</span> <span class='ocrx_word' id='word_1_20' title='bbox 520 763 589 829; x_wconf 85' lang='lat'><strong>2.</strong></span> <span class='ocrx_word' id='word_1_21' title='bbox 639 764 973 847; x_wconf 84' lang='lat' dir='ltr'><strong>Excepto</strong></span> <span class='ocrx_word' id='word_1_22' title='bbox 1016 781 1198 829; x_wconf 90' lang='lat' dir='ltr'><strong>casu</strong></span> <span class='ocrx_word' id='word_1_23' title='bbox 1250 768 1411 831; x_wconf 91' lang='lat' dir='ltr'><strong>tum</strong></span> <span class='ocrx_word' id='word_1_24' title='bbox 1461 761 1776 847; x_wconf 80' lang='lat' dir='ltr'><strong>legitimi</strong></span> <span class='ocrx_word' id='word_1_25' title='bbox 1838 762 2214 846; x_wconf 84' lang='lat' dir='ltr'><strong>privilegii</strong></span> <span class='ocrx_word' id='word_1_26' title='bbox 2262 767 2399 829; x_wconf 89' lang='lat' dir='ltr'><strong>aut</strong></span> <span class='ocrx_word' id='word_1_27' title='bbox 2449 762 3036 846; x_wconf 74' lang='lat' dir='ltr'><strong>consuetudinis,</strong></span> <span class='ocrx_word' id='word_1_28' title='bbox 3091 770 3252 833; x_wconf 91' lang='lat' dir='ltr'><strong>tum</strong></span> 
     </span>
     <span class='ocr_line' id='line_1_5' title="bbox 257 870 3250 956; baseline 0.001 -18"><span class='ocrx_word' id='word_1_29' title='bbox 257 872 668 939; x_wconf 72' lang='lat' dir='ltr'><strong>dotationis</strong></span> <span class='ocrx_word' id='word_1_30' title='bbox 692 872 1016 939; x_wconf 76' lang='lat' dir='ltr'><strong>vicariae</strong></span> <span class='ocrx_word' id='word_1_31' title='bbox 1038 871 1134 938; x_wconf 89' lang='lat' dir='ltr'><strong>ab</strong></span> <span class='ocrx_word' id='word_1_32' title='bbox 1160 870 1532 955; x_wconf 80' lang='lat' dir='ltr'><strong>Episcopo</strong></span> <span class='ocrx_word' id='word_1_33' title='bbox 1563 870 1834 952; x_wconf 80' lang='lat' dir='ltr'><strong>factae,</strong></span> <span class='ocrx_word' id='word_1_34' title='bbox 1868 875 2244 937; x_wconf 83' lang='lat' dir='ltr'><strong>reservata</strong></span> <span class='ocrx_word' id='word_1_35' title='bbox 2278 870 2422 937; x_wconf 85' lang='lat' dir='ltr'><strong>sibi</strong></span> <span class='ocrx_word' id='word_1_36' title='bbox 2448 870 2684 937; x_wconf 86' lang='lat' dir='ltr'><strong>libera</strong></span> <span class='ocrx_word' id='word_1_37' title='bbox 2719 872 3250 956; x_wconf 82' lang='lat' dir='ltr'><strong>nominatione,</strong></span> 
     </span>
     <span class='ocr_line' id='line_1_6' title="bbox 259 978 3248 1064; baseline 0 -18"><span class='ocrx_word' id='word_1_38' title='bbox 259 979 618 1046; x_wconf 90' lang='lat' dir='ltr'><strong>vicarium</strong></span> <span class='ocrx_word' id='word_1_39' title='bbox 655 984 1085 1064; x_wconf 86' lang='lat' dir='ltr'><strong>praesentat</strong></span> <span class='ocrx_word' id='word_1_40' title='bbox 1128 978 1485 1063; x_wconf 82' lang='lat' dir='ltr'><strong>Superior</strong></span> <span class='ocrx_word' id='word_1_41' title='bbox 1524 978 1940 1063; x_wconf 84' lang='lat' dir='ltr'><strong>religiosus,</strong></span> <span class='ocrx_word' id='word_1_42' title='bbox 1991 978 2424 1062; x_wconf 79' lang='lat' dir='ltr'><strong>Capitulum</strong></span> <span class='ocrx_word' id='word_1_43' title='bbox 2466 979 2707 1047; x_wconf 86' lang='lat' dir='ltr'><strong>alia-ve</strong></span> <span class='ocrx_word' id='word_1_44' title='bbox 2748 998 3067 1063; x_wconf 87' lang='lat' dir='ltr'><strong>persona</strong></span> <span class='ocrx_word' id='word_1_45' title='bbox 3107 999 3248 1047; x_wconf 90' lang='lat' dir='ltr'><strong>mo·</strong></span> 
     </span>
     <span class='ocr_line' id='line_1_7' title="bbox 262 1086 3252 1172; baseline 0.001 -18"><span class='ocrx_word' id='word_1_46' title='bbox 262 1087 464 1171; x_wconf 79' lang='lat' dir='ltr'><strong>ralis3</strong></span> <span class='ocrx_word' id='word_1_47' title='bbox 522 1088 666 1154; x_wconf 87' lang='lat' dir='ltr'><strong>loci</strong></span> <span class='ocrx_word' id='word_1_48' title='bbox 710 1093 959 1156; x_wconf 91' lang='lat' dir='ltr'><strong>autem</strong></span> <span class='ocrx_word' id='word_1_49' title='bbox 1018 1086 1464 1156; x_wconf 82' lang='lat' dir='ltr'><strong>ordinarius</strong></span> <span class='ocrx_word' id='word_1_50' title='bbox 1510 1087 1847 1168; x_wconf 90' lang='lat' dir='ltr'><strong>eundem,</strong></span> <span class='ocrx_word' id='word_1_51' title='bbox 1909 1087 1976 1153; x_wconf 88' lang='lat' dir='ltr'><strong>si</strong></span> <span class='ocrx_word' id='word_1_52' title='bbox 2024 1086 2396 1170; x_wconf 90' lang='lat' dir='ltr'><strong>idoneum,</strong></span> <span class='ocrx_word' id='word_1_53' title='bbox 2446 1092 2741 1154; x_wconf 86' lang='lat' dir='ltr'><strong>servato</strong></span> <span class='ocrx_word' id='word_1_54' title='bbox 2788 1088 3252 1172; x_wconf 85' lang='lat' dir='ltr'><strong>praescripto</strong></span> 
     </span>
     <span class='ocr_line' id='line_1_8' title="bbox 253 1194 1531 1279; baseline 0.001 -18"><span class='ocrx_word' id='word_1_55' title='bbox 253 1211 419 1262; x_wconf 86' lang='lat' dir='ltr'><strong>can.</strong></span> <span class='ocrx_word' id='word_1_56' title='bbox 463 1195 619 1276; x_wconf 79' lang='lat'><strong>459,</strong></span> <span class='ocrx_word' id='word_1_57' title='bbox 660 1195 1042 1279; x_wconf 89' lang='lat' dir='ltr'><strong>repererit,</strong></span> <span class='ocrx_word' id='word_1_58' title='bbox 1080 1195 1435 1262; x_wconf 86' lang='lat' dir='ltr'><strong>instituat</strong></span> <span class='ocrx_word' id='word_1_59' title='bbox 1477 1194 1531 1262; x_wconf 83' lang='lat'><strong>².</strong></span> 
     </span>
    </p>

    <p class='ocr_par' dir='ltr' id='par_1_4' title="bbox 252 1301 3251 1710">
     <span class='ocr_line' id='line_1_9' title="bbox 435 1301 3251 1387; baseline -0 -17"><span class='ocrx_word' id='word_1_60' title='bbox 435 1303 471 1385; x_wconf 99' lang='lat'>5</span> <span class='ocrx_word' id='word_1_61' title='bbox 515 1303 584 1370; x_wconf 87' lang='lat'><strong>3.</strong></span> <span class='ocrx_word' id='word_1_62' title='bbox 635 1303 982 1370; x_wconf 83' lang='lat' dir='ltr'><strong>vicarius</strong></span> <span class='ocrx_word' id='word_1_63' title='bbox 1002 1303 1069 1370; x_wconf 89' lang='lat' dir='ltr'><strong>si</strong></span> <span class='ocrx_word' id='word_1_64' title='bbox 1090 1302 1192 1371; x_wconf 85' lang='lat' dir='ltr'><strong>sit</strong></span> <span class='ocrx_word' id='word_1_65' title='bbox 1217 1301 1631 1387; x_wconf 79' lang='lat' dir='ltr'><strong>religiosus,</strong></span> <span class='ocrx_word' id='word_1_66' title='bbox 1662 1306 1780 1370; x_wconf 89' lang='lat' dir='ltr'><strong>est</strong></span> <span class='ocrx_word' id='word_1_67' title='bbox 1797 1301 2215 1369; x_wconf 87' lang='lat' dir='ltr'><strong>amovibih’s</strong></span> <span class='ocrx_word' id='word_1_68' title='bbox 2245 1301 2442 1370; x_wconf 89' lang='lat' dir='ltr'><strong>sicut</strong></span> <span class='ocrx_word' id='word_1_69' title='bbox 2466 1302 2834 1386; x_wconf 81' lang='lat' dir='ltr'><strong>parochus</strong></span> <span class='ocrx_word' id='word_1_70' title='bbox 2861 1302 3251 1387; x_wconf 86' lang='lat' dir='ltr'><strong>religiosus</strong></span> 
     </span>
     <span class='ocr_line' id='line_1_10' title="bbox 253 1409 3247 1494; baseline -0.001 -16"><span class='ocrx_word' id='word_1_71' title='bbox 253 1409 346 1478; x_wconf 89' lang='lat' dir='ltr'><strong>de</strong></span> <span class='ocrx_word' id='word_1_72' title='bbox 384 1429 530 1494; x_wconf 92' lang='lat' dir='ltr'><strong>quo</strong></span> <span class='ocrx_word' id='word_1_73' title='bbox 559 1411 640 1477; x_wconf 92' lang='lat' dir='ltr'><strong>in</strong></span> <span class='ocrx_word' id='word_1_74' title='bbox 670 1428 837 1477; x_wconf 90' lang='lat' dir='ltr'><strong>can.</strong></span> <span class='ocrx_word' id='word_1_75' title='bbox 871 1411 1027 1492; x_wconf 70' lang='lat'><strong>451,</strong></span> <span class='ocrx_word' id='word_1_76' title='bbox 1067 1411 1103 1493; x_wconf 99' lang='lat'>5</span> <span class='ocrx_word' id='word_1_77' title='bbox 1139 1411 1203 1493; x_wconf 85' lang='grc'>5,</span> <span class='ocrx_word' id='word_1_78' title='bbox 1243 1410 1472 1478; x_wconf 90' lang='lat' dir='ltr'><strong>ceteri</strong></span> <span class='ocrx_word' id='word_1_79' title='bbox 1505 1429 1758 1479; x_wconf 87' lang='lat' dir='ltr'><strong>omnes</strong></span> <span class='ocrx_word' id='word_1_80' title='bbox 1797 1409 2063 1477; x_wconf 88' lang='lat' dir='ltr'><strong>vicarii</strong></span> <span class='ocrx_word' id='word_1_81' title='bbox 2103 1427 2192 1476; x_wconf 86' lang='lat' dir='ltr'><strong>ex</strong></span> <span class='ocrx_word' id='word_1_82' title='bbox 2229 1413 2445 1494; x_wconf 89' lang='lat' dir='ltr'><strong>parte</strong></span> <span class='ocrx_word' id='word_1_83' title='bbox 2487 1410 3037 1494; x_wconf 87' lang='lat' dir='ltr'><strong>praesentantis</strong></span> <span class='ocrx_word' id='word_1_84' title='bbox 3070 1414 3247 1477; x_wconf 85' lang='lat' dir='ltr'><strong>sunt</strong></span> 
     </span>
     <span class='ocr_line' id='line_1_11' title="bbox 254 1517 3242 1602; baseline 0 -17"><span class='ocrx_word' id='word_1_85' title='bbox 254 1518 622 1601; x_wconf 80' lang='lat' dir='ltr'><strong>perpetui,</strong></span> <span class='ocrx_word' id='word_1_86' title='bbox 649 1519 778 1586; x_wconf 86' lang='lat' dir='ltr'><strong>sed</strong></span> <span class='ocrx_word' id='word_1_87' title='bbox 801 1518 898 1585; x_wconf 84' lang='lat' dir='ltr'><strong>ab</strong></span> <span class='ocrx_word' id='word_1_88' title='bbox 922 1518 1323 1587; x_wconf 74' lang='lat' dir='ltr'><strong>Ordinatio</strong></span> <span class='ocrx_word' id='word_1_89' title='bbox 1355 1518 1692 1602; x_wconf 82' lang='lat' dir='ltr'><strong>possunt,</strong></span> <span class='ocrx_word' id='word_1_90' title='bbox 1724 1518 1819 1586; x_wconf 91' lang='lat' dir='ltr'><strong>ad</strong></span> <span class='ocrx_word' id='word_1_91' title='bbox 1853 1520 2098 1585; x_wconf 84' lang='lat' dir='ltr'><strong>instar</strong></span> <span class='ocrx_word' id='word_1_92' title='bbox 2131 1517 2647 1602; x_wconf 85' lang='lat' dir='ltr'><strong>parochorum,</strong></span> <span class='ocrx_word' id='word_1_93' title='bbox 2681 1519 3061 1601; x_wconf 89' lang='lat' dir='ltr'><strong>removeri,</strong></span> <span class='ocrx_word' id='word_1_94' title='bbox 3099 1536 3242 1586; x_wconf 88' lang='lat' dir='ltr'><strong>mo·</strong></span> 
     </span>
     <span class='ocr_line' id='line_1_12' title="bbox 252 1624 1312 1710; baseline 0.001 -19"><span class='ocrx_word' id='word_1_95' title='bbox 252 1624 417 1692; x_wconf 87' lang='lat' dir='ltr'><strong>nito</strong></span> <span class='ocrx_word' id='word_1_96' title='bbox 441 1644 529 1693; x_wconf 90' lang='lat' dir='ltr'><strong>eo</strong></span> <span class='ocrx_word' id='word_1_97' title='bbox 558 1626 687 1709; x_wconf 89' lang='lat' dir='ltr'><strong>qui</strong></span> <span class='ocrx_word' id='word_1_98' title='bbox 715 1626 1219 1710; x_wconf 85' lang='lat' dir='ltr'><strong>praesentavit</strong></span> <span class='ocrx_word' id='word_1_99' title='bbox 1257 1624 1312 1692; x_wconf 85' lang='lat'><strong>⁸.</strong></span> 
     </span>
    </p>

    <p class='ocr_par' dir='ltr' id='par_1_5' title="bbox 249 1731 3245 2035">
     <span class='ocr_line' id='line_1_13' title="bbox 430 1731 3241 1818; baseline -0 -19"><span class='ocrx_word' id='word_1_100' title='bbox 430 1733 467 1816; x_wconf 83' lang='lat'>5</span> <span class='ocrx_word' id='word_1_101' title='bbox 511 1734 579 1799; x_wconf 81' lang='lat'><strong>4.</strong></span> <span class='ocrx_word' id='word_1_102' title='bbox 626 1734 748 1800; x_wconf 86' lang='lat' dir='ltr'><strong>Ad</strong></span> <span class='ocrx_word' id='word_1_103' title='bbox 787 1734 1147 1802; x_wconf 88' lang='lat' dir='ltr'><strong>vicarium</strong></span> <span class='ocrx_word' id='word_1_104' title='bbox 1178 1733 1546 1803; x_wconf 86' lang='lat' dir='ltr'><strong>exclusive</strong></span> <span class='ocrx_word' id='word_1_105' title='bbox 1586 1733 1912 1818; x_wconf 84' lang='lat' dir='ltr'><strong>pertinet</strong></span> <span class='ocrx_word' id='word_1_106' title='bbox 1946 1737 2107 1801; x_wconf 87' lang='lat' dir='ltr'><strong>tota</strong></span> <span class='ocrx_word' id='word_1_107' title='bbox 2148 1731 2567 1799; x_wconf 89' lang='lat' dir='ltr'><strong>animarum</strong></span> <span class='ocrx_word' id='word_1_108' title='bbox 2597 1751 2782 1799; x_wconf 86' lang='lat' dir='ltr'><strong>cura</strong></span> <span class='ocrx_word' id='word_1_109' title='bbox 2813 1751 2980 1799; x_wconf 88' lang='lat' dir='ltr'><strong>cum</strong></span> <span class='ocrx_word' id='word_1_110' title='bbox 3016 1735 3241 1800; x_wconf 84' lang='lat' dir='ltr'><strong>omnl-</strong></span> 
     </span>
     <span class='ocr_line' id='line_1_14' title="bbox 250 1839 3245 1928; baseline -0.001 -18"><span class='ocrx_word' id='word_1_111' title='bbox 250 1842 391 1910; x_wconf 88' lang='lat' dir='ltr'><strong>bus</strong></span> <span class='ocrx_word' id='word_1_112' title='bbox 424 1842 912 1926; x_wconf 85' lang='lat' dir='ltr'><strong>parochorum</strong></span> <span class='ocrx_word' id='word_1_113' title='bbox 945 1843 1237 1911; x_wconf 86' lang='lat' dir='ltr'><strong>iuribus</strong></span> <span class='ocrx_word' id='word_1_114' title='bbox 1270 1849 1348 1911; x_wconf 89' lang='lat' dir='ltr'><strong>et</strong></span> <span class='ocrx_word' id='word_1_115' title='bbox 1380 1842 1959 1928; x_wconf 78' lang='lat' dir='ltr'><strong>obligationibus</strong></span> <span class='ocrx_word' id='word_1_116' title='bbox 2000 1842 2095 1909; x_wconf 90' lang='lat' dir='ltr'><strong>ad</strong></span> <span class='ocrx_word' id='word_1_117' title='bbox 2131 1858 2463 1908; x_wconf 89' lang='lat' dir='ltr'><strong>normam</strong></span> <span class='ocrx_word' id='word_1_118' title='bbox 2502 1839 2693 1907; x_wconf 88' lang='lat' dir='ltr'><strong>iuris</strong></span> <span class='ocrx_word' id='word_1_119' title='bbox 2725 1841 3136 1908; x_wconf 89' lang='lat' dir='ltr'><strong>communis</strong></span> <span class='ocrx_word' id='word_1_120' title='bbox 3167 1849 3245 1908; x_wconf 89' lang='lat' dir='ltr'><strong>et</strong></span> 
     </span>
     <span class='ocr_line' id='line_1_15' title="bbox 249 1947 3091 2035; baseline -0.001 -18"><span class='ocrx_word' id='word_1_121' title='bbox 249 1950 654 2017; x_wconf 86' lang='lat' dir='ltr'><strong>secundum</strong></span> <span class='ocrx_word' id='word_1_122' title='bbox 687 1953 1002 2035; x_wconf 86' lang='lat' dir='ltr'><strong>probata</strong></span> <span class='ocrx_word' id='word_1_123' title='bbox 1042 1955 1333 2020; x_wconf 86' lang='lat' dir='ltr'><strong>statuta</strong></span> <span class='ocrx_word' id='word_1_124' title='bbox 1364 1951 1799 2019; x_wconf 87' lang='lat' dir='ltr'><strong>dioecesana</strong></span> <span class='ocrx_word' id='word_1_125' title='bbox 1837 1950 1955 2019; x_wconf 92' lang='lat' dir='ltr'><strong>vel</strong></span> <span class='ocrx_word' id='word_1_126' title='bbox 1989 1948 2400 2017; x_wconf 85' lang='lat' dir='ltr'><strong>laudabiles</strong></span> <span class='ocrx_word' id='word_1_127' title='bbox 2440 1949 3011 2016; x_wconf 80' lang='lat' dir='ltr'><strong>consuetudines</strong></span> <span class='ocrx_word' id='word_1_128' title='bbox 3037 1947 3091 2014; x_wconf 80' lang='lat'><strong>⁴.</strong></span> 
     </span>
    </p>
   </div>
   <div class='ocr_carea' id='block_1_3' title="bbox 233 2161 3242 3653">
    <p class='ocr_par' dir='ltr' id='par_1_6' title="bbox 421 2161 1915 2362">
     <span class='ocr_line' id='line_1_16' title="bbox 1543 2161 1915 2231; baseline -0.011 0"><span class='ocrx_word' id='word_1_129' title='bbox 1543 2162 1723 2231; x_wconf 72' lang='grc' dir='ltr'><strong>ΟΑΝ.</strong></span> <span class='ocrx_word' id='word_1_130' title='bbox 1760 2161 1915 2228; x_wconf 81' lang='grc'><strong>472.</strong></span> 
     </span>
     <span class='ocr_line' id='line_1_17' title="bbox 421 2269 1171 2362; baseline -0.003 -25"><span class='ocrx_word' id='word_1_131' title='bbox 421 2271 756 2339; x_wconf 87' lang='lat' dir='ltr'><strong>Vacante</strong></span> <span class='ocrx_word' id='word_1_132' title='bbox 784 2269 1171 2362; x_wconf 81' lang='lat' dir='ltr'><strong>paroecia:</strong></span> 
     </span>
    </p>

    <p class='ocr_par' dir='ltr' id='par_1_7' title="bbox 243 2378 3242 2786">
     <span class='ocr_line' id='line_1_18' title="bbox 512 2378 3238 2464; baseline 0 -19"><span class='ocrx_word' id='word_1_133' title='bbox 512 2381 613 2445; x_wconf 89' lang='lat'><strong>1.·</strong></span> <span class='ocrx_word' id='word_1_134' title='bbox 653 2378 1102 2454; x_wconf 88' lang='lat' dir='ltr'><strong>Ordinarius</strong></span> <span class='ocrx_word' id='word_1_135' title='bbox 1142 2379 1286 2447; x_wconf 90' lang='lat' dir='ltr'><strong>loci</strong></span> <span class='ocrx_word' id='word_1_136' title='bbox 1338 2380 1421 2447; x_wconf 92' lang='lat' dir='ltr'><strong>in</strong></span> <span class='ocrx_word' id='word_1_137' title='bbox 1461 2398 1550 2447; x_wconf 93' lang='lat' dir='ltr'><strong>ea</strong></span> <span class='ocrx_word' id='word_1_138' title='bbox 1604 2379 2146 2464; x_wconf 89' lang='lat' dir='ltr'><strong>quamprimum</strong></span> <span class='ocrx_word' id='word_1_139' title='bbox 2191 2378 2608 2447; x_wconf 87' lang='lat' dir='ltr'><strong>constituat</strong></span> <span class='ocrx_word' id='word_1_140' title='bbox 2649 2379 2994 2446; x_wconf 90' lang='lat' dir='ltr'><strong>idoneum</strong></span> <span class='ocrx_word' id='word_1_141' title='bbox 3050 2379 3238 2446; x_wconf 90' lang='lat' dir='ltr'><strong>vica·</strong></span> 
     </span>
     <span class='ocr_line' id='line_1_19' title="bbox 249 2486 3241 2572; baseline 0.001 -19"><span class='ocrx_word' id='word_1_142' title='bbox 249 2486 445 2553; x_wconf 86' lang='lat' dir='ltr'><strong>rium</strong></span> <span class='ocrx_word' id='word_1_143' title='bbox 471 2500 968 2570; x_wconf 85' lang='lat' dir='ltr'><strong>oeconomum,</strong></span> <span class='ocrx_word' id='word_1_144' title='bbox 995 2487 1091 2555; x_wconf 90' lang='lat' dir='ltr'><strong>de</strong></span> <span class='ocrx_word' id='word_1_145' title='bbox 1114 2505 1476 2555; x_wconf 89' lang='lat' dir='ltr'><strong>consensu</strong></span> <span class='ocrx_word' id='word_1_146' title='bbox 1510 2486 1958 2572; x_wconf 84' lang='lat' dir='ltr'><strong>Superioris,</strong></span> <span class='ocrx_word' id='word_1_147' title='bbox 1989 2488 2057 2554; x_wconf 86' lang='lat' dir='ltr'><strong>si</strong></span> <span class='ocrx_word' id='word_1_148' title='bbox 2089 2488 2183 2555; x_wconf 91' lang='lat' dir='ltr'><strong>de</strong></span> <span class='ocrx_word' id='word_1_149' title='bbox 2213 2488 2558 2572; x_wconf 82' lang='lat' dir='ltr'><strong>religioso</strong></span> <span class='ocrx_word' id='word_1_150' title='bbox 2586 2490 2884 2572; x_wconf 84' lang='lat' dir='ltr'><strong>agatur,</strong></span> <span class='ocrx_word' id='word_1_151' title='bbox 2925 2487 3053 2571; x_wconf 90' lang='lat' dir='ltr'><strong>qui</strong></span> <span class='ocrx_word' id='word_1_152' title='bbox 3080 2505 3241 2555; x_wconf 84' lang='lat' dir='ltr'><strong>eam</strong></span> 
     </span>
     <span class='ocr_line' id='line_1_20' title="bbox 246 2595 3242 2681; baseline 0 -19"><span class='ocrx_word' id='word_1_153' title='bbox 246 2600 579 2679; x_wconf 89' lang='lat' dir='ltr'><strong>tempore</strong></span> <span class='ocrx_word' id='word_1_154' title='bbox 614 2596 1028 2663; x_wconf 89' lang='lat' dir='ltr'><strong>vacationis</strong></span> <span class='ocrx_word' id='word_1_155' title='bbox 1076 2600 1310 2681; x_wconf 85' lang='lat' dir='ltr'><strong>regat,</strong></span> <span class='ocrx_word' id='word_1_156' title='bbox 1349 2596 1732 2681; x_wconf 85' lang='lat' dir='ltr'><strong>assignata</strong></span> <span class='ocrx_word' id='word_1_157' title='bbox 1778 2595 2014 2664; x_wconf 90' lang='lat' dir='ltr'><strong>eidem</strong></span> <span class='ocrx_word' id='word_1_158' title='bbox 2054 2599 2268 2681; x_wconf 88' lang='lat' dir='ltr'><strong>parte</strong></span> <span class='ocrx_word' id='word_1_159' title='bbox 2305 2597 2686 2663; x_wconf 79' lang='lat' dir='ltr'><strong>fructuum</strong></span> <span class='ocrx_word' id='word_1_160' title='bbox 2738 2614 2875 2679; x_wconf 92' lang='lat' dir='ltr'><strong>pro</strong></span> <span class='ocrx_word' id='word_1_161' title='bbox 2911 2614 3242 2681; x_wconf 87' lang='lat' dir='ltr'><strong>congrua</strong></span> 
     </span>
     <span class='ocr_line' id='line_1_21' title="bbox 243 2702 812 2786; baseline 0.016 -20"><span class='ocrx_word' id='word_1_162' title='bbox 243 2702 812 2786; x_wconf 56' lang='lat' dir='ltr'><strong>sustentatione</strong></span> 
     </span>
    </p>

    <p class='ocr_par' dir='ltr' id='par_1_8' title="bbox 234 2811 3242 3445">
     <span class='ocr_line' id='line_1_22' title="bbox 508 2811 3242 2903; baseline 0.004 -27"><span class='ocrx_word' id='word_1_163' title='bbox 508 2811 607 2876; x_wconf 86' lang='lat'><strong>2.⁰</strong></span> <span class='ocrx_word' id='word_1_164' title='bbox 649 2813 848 2879; x_wconf 87' lang='lat' dir='ltr'><strong>Ante</strong></span> <span class='ocrx_word' id='word_1_165' title='bbox 889 2812 1263 2879; x_wconf 89' lang='lat' dir='ltr'><strong>oeconomi</strong></span> <span class='ocrx_word' id='word_1_166' title='bbox 1300 2813 1936 2898; x_wconf 86' lang='lat' dir='ltr'><strong>constitutionem,</strong></span> <span class='ocrx_word' id='word_1_167' title='bbox 1993 2817 2377 2899; x_wconf 89' lang='lat' dir='ltr'><strong>paroeciae</strong></span> <span class='ocrx_word' id='word_1_168' title='bbox 2419 2818 2767 2903; x_wconf 86' lang='lat' dir='ltr'><strong>regimen,</strong></span> <span class='ocrx_word' id='word_1_169' title='bbox 2827 2820 2973 2886; x_wconf 88' lang='lat' dir='ltr'><strong>nisi</strong></span> <span class='ocrx_word' id='word_1_170' title='bbox 3017 2821 3242 2888; x_wconf 85' lang='lat' dir='ltr'><strong>aliter</strong></span> 
     </span>
     <span class='ocr_line' id='line_1_23' title="bbox 243 2918 3240 3025; baseline 0.004 -39"><span class='ocrx_word' id='word_1_171' title='bbox 243 2918 623 2998; x_wconf 87' lang='lat' dir='ltr'><strong>provisum</strong></span> <span class='ocrx_word' id='word_1_172' title='bbox 674 2919 933 3002; x_wconf 77' lang='lat' dir='ltr'><strong>fuerit,</strong></span> <span class='ocrx_word' id='word_1_173' title='bbox 979 2926 1313 3025; x_wconf 63' lang='lat' dir='ltr'><strong>assqmat</strong></span> <span class='ocrx_word' id='word_1_174' title='bbox 1352 2921 1653 2991; x_wconf 83' lang='lat' dir='ltr'><strong>interim</strong></span> <span class='ocrx_word' id='word_1_175' title='bbox 1698 2923 2024 2992; x_wconf 88' lang='lat' dir='ltr'><strong>vicarius</strong></span> <span class='ocrx_word' id='word_1_176' title='bbox 2068 2931 2523 3011; x_wconf 88' lang='lat' dir='ltr'><strong>cooperator;</strong></span> <span class='ocrx_word' id='word_1_177' title='bbox 2569 2928 2632 2994; x_wconf 91' lang='lat' dir='ltr'><strong>si</strong></span> <span class='ocrx_word' id='word_1_178' title='bbox 2682 2929 2935 3013; x_wconf 90' lang='lat' dir='ltr'><strong>plures</strong></span> <span class='ocrx_word' id='word_1_179' title='bbox 2974 2929 3240 2997; x_wconf 87' lang='lat' dir='ltr'><strong>vicarii</strong></span> 
     </span>
     <span class='ocr_line' id='line_1_24' title="bbox 241 3026 3236 3123; baseline 0.004 -29"><span class='ocrx_word' id='word_1_180' title='bbox 241 3027 427 3109; x_wconf 78' lang='lat' dir='ltr'><strong>sint,</strong></span> <span class='ocrx_word' id='word_1_181' title='bbox 467 3027 774 3113; x_wconf 79' lang='lat' dir='ltr'><strong>primus3</strong></span> <span class='ocrx_word' id='word_1_182' title='bbox 809 3029 875 3096; x_wconf 88' lang='lat' dir='ltr'><strong>si</strong></span> <span class='ocrx_word' id='word_1_183' title='bbox 911 3026 1162 3099; x_wconf 70' lang='lat' dir='ltr'><strong>omne-&#39;s&#39;</strong></span> <span class='ocrx_word' id='word_1_184' title='bbox 1195 3031 1566 3117; x_wconf 84' lang='lat' dir='ltr'><strong>aequales,</strong></span> <span class='ocrx_word' id='word_1_185' title='bbox 1606 3050 1911 3100; x_wconf 88' lang='lat' dir='ltr'><strong>munere</strong></span> <span class='ocrx_word' id='word_1_186' title='bbox 1948 3034 2352 3119; x_wconf 74' lang='lat' dir='ltr'><strong>antiquior:</strong></span> <span class='ocrx_word' id='word_1_187' title='bbox 2398 3036 2464 3103; x_wconf 89' lang='lat' dir='ltr'><strong>si</strong></span> <span class='ocrx_word' id='word_1_188' title='bbox 2501 3036 2764 3104; x_wconf 87' lang='lat' dir='ltr'><strong>vicarii</strong></span> <span class='ocrx_word' id='word_1_189' title='bbox 2798 3038 3073 3117; x_wconf 87' lang='lat' dir='ltr'><strong>desint,</strong></span> <span class='ocrx_word' id='word_1_190' title='bbox 3112 3057 3236 3123; x_wconf 90' lang='lat' dir='ltr'><strong>pa·</strong></span> 
     </span>
     <span class='ocr_line' id='line_1_25' title="bbox 242 3135 3242 3226; baseline 0.003 -22"><span class='ocrx_word' id='word_1_191' title='bbox 242 3135 516 3204; x_wconf 87' lang='lat' dir='ltr'><strong>rochus</strong></span> <span class='ocrx_word' id='word_1_192' title='bbox 536 3135 872 3221; x_wconf 87' lang='lat' dir='ltr'><strong>vicinior;</strong></span> <span class='ocrx_word' id='word_1_193' title='bbox 893 3137 959 3204; x_wconf 85' lang='lat' dir='ltr'><strong>si</strong></span> <span class='ocrx_word' id='word_1_194' title='bbox 989 3138 1289 3206; x_wconf 90' lang='lat' dir='ltr'><strong>tandem</strong></span> <span class='ocrx_word' id='word_1_195' title='bbox 1312 3142 1585 3223; x_wconf 84' lang='lat' dir='ltr'><strong>agatur</strong></span> <span class='ocrx_word' id='word_1_196' title='bbox 1610 3140 1704 3208; x_wconf 90' lang='lat' dir='ltr'><strong>de</strong></span> <span class='ocrx_word' id='word_1_197' title='bbox 1729 3142 2073 3225; x_wconf 87' lang='lat' dir='ltr'><strong>paroecia</strong></span> <span class='ocrx_word' id='word_1_198' title='bbox 2107 3141 2473 3226; x_wconf 82' lang='lat' dir='ltr'><strong>religiosis</strong></span> <span class='ocrx_word' id='word_1_199' title='bbox 2498 3144 2950 3224; x_wconf 86' lang='lat' dir='ltr'><strong>concredita,</strong></span> <span class='ocrx_word' id='word_1_200' title='bbox 2977 3146 3242 3215; x_wconf 88' lang='lat' dir='ltr'><strong>domus</strong></span> 
     </span>
     <span class='ocr_line' id='line_1_26' title="bbox 234 3243 3242 3337; baseline 0.003 -25"><span class='ocrx_word' id='word_1_201' title='bbox 234 3243 620 3328; x_wconf 59' lang='lat' dir='ltr'><strong>Superion</strong></span> <span class='ocrx_word' id='word_1_202' title='bbox 650 3245 795 3312; x_wconf 90' lang='lat' dir='ltr'><strong>loci</strong></span> <span class='ocrx_word' id='word_1_203' title='bbox 814 3249 1070 3313; x_wconf 87' lang='lat' dir='ltr'><strong>autem</strong></span> <span class='ocrx_word' id='word_1_204' title='bbox 1096 3247 1543 3315; x_wconf 81' lang='lat' dir='ltr'><strong>ordinarius</strong></span> <span class='ocrx_word' id='word_1_205' title='bbox 1571 3248 1651 3314; x_wconf 90' lang='lat' dir='ltr'><strong>in</strong></span> <span class='ocrx_word' id='word_1_206' title='bbox 1687 3248 1989 3335; x_wconf 82' lang='lat' dir='ltr'><strong>Synodo</strong></span> <span class='ocrx_word' id='word_1_207' title='bbox 2010 3249 2128 3318; x_wconf 92' lang='lat' dir='ltr'><strong>vel</strong></span> <span class='ocrx_word' id='word_1_208' title='bbox 2153 3254 2367 3318; x_wconf 81' lang='lat' dir='ltr'><strong>extra</strong></span> <span class='ocrx_word' id='word_1_209' title='bbox 2396 3251 2771 3337; x_wconf 70' lang='lat' dir='ltr'><strong>synodum</strong></span> <span class='ocrx_word' id='word_1_210' title='bbox 2808 3255 3242 3337; x_wconf 86' lang='lat' dir='ltr'><strong>tempestive</strong></span> 
     </span>
     <span class='ocr_line' id='line_1_27' title="bbox 234 3349 3035 3445; baseline 0.003 -27"><span class='ocrx_word' id='word_1_211' title='bbox 234 3349 686 3420; x_wconf 86' lang='lat' dir='ltr'><strong>determinet</strong></span> <span class='ocrx_word' id='word_1_212' title='bbox 716 3371 1076 3437; x_wconf 89' lang='lat' dir='ltr'><strong>quaenam</strong></span> <span class='ocrx_word' id='word_1_213' title='bbox 1112 3354 1456 3438; x_wconf 86' lang='lat' dir='ltr'><strong>paroecia-</strong></span> <span class='ocrx_word' id='word_1_214' title='bbox 1480 3355 1747 3440; x_wconf 87' lang='lat' dir='ltr'><strong>cuique</strong></span> <span class='ocrx_word' id='word_1_215' title='bbox 1782 3357 2169 3441; x_wconf 89' lang='lat' dir='ltr'><strong>paroeciae</strong></span> <span class='ocrx_word' id='word_1_216' title='bbox 2194 3358 2510 3426; x_wconf 88' lang='lat' dir='ltr'><strong>vicinior</strong></span> <span class='ocrx_word' id='word_1_217' title='bbox 2539 3360 2874 3427; x_wconf 89' lang='lat' dir='ltr'><strong>habenda</strong></span> <span class='ocrx_word' id='word_1_218' title='bbox 2911 3360 3035 3445; x_wconf 79' lang='lat' dir='ltr'><strong>sit;</strong></span> 
     </span>
    </p>

    <p class='ocr_par' dir='ltr' id='par_1_9' title="bbox 233 3459 3240 3653">
     <span class='ocr_line' id='line_1_28' title="bbox 506 3459 3240 3551; baseline 0.004 -25"><span class='ocrx_word' id='word_1_219' title='bbox 506 3459 608 3527; x_wconf 82' lang='grc'><strong>3.·</strong></span> <span class='ocrx_word' id='word_1_220' title='bbox 649 3459 797 3540; x_wconf 79' lang='lat' dir='ltr'><strong>Qui</strong></span> <span class='ocrx_word' id='word_1_221' title='bbox 836 3461 1222 3546; x_wconf 86' lang='lat' dir='ltr'><strong>paroeciae</strong></span> <span class='ocrx_word' id='word_1_222' title='bbox 1260 3462 1581 3548; x_wconf 79' lang='lat' dir='ltr'><strong>regimen</strong></span> <span class='ocrx_word' id='word_1_223' title='bbox 1624 3464 1721 3531; x_wconf 78' lang='lat' dir='ltr'><strong>ad</strong></span> <span class='ocrx_word' id='word_1_224' title='bbox 1766 3483 2098 3532; x_wconf 89' lang='lat' dir='ltr'><strong>normam</strong></span> <span class='ocrx_word' id='word_1_225' title='bbox 2149 3485 2223 3532; x_wconf 89' lang='lat' dir='ltr'><strong>n.</strong></span> <span class='ocrx_word' id='word_1_226' title='bbox 2267 3466 2315 3531; x_wconf 83' lang='lat'>2</span> <span class='ocrx_word' id='word_1_227' title='bbox 2350 3467 2780 3551; x_wconf 89' lang='lat' dir='ltr'><strong>assumpsit,</strong></span> <span class='ocrx_word' id='word_1_228' title='bbox 2826 3468 3045 3537; x_wconf 90' lang='lat' dir='ltr'><strong>debet</strong></span> <span class='ocrx_word' id='word_1_229' title='bbox 3094 3469 3240 3538; x_wconf 87' lang='lat' dir='ltr'><strong>loci</strong></span> 
     </span>
     <span class='ocr_line' id='line_1_29' title="bbox 233 3564 2766 3653; baseline 0.004 -21"><span class='ocrx_word' id='word_1_230' title='bbox 233 3564 726 3634; x_wconf 87' lang='lat' dir='ltr'><strong>Ordinarium</strong></span> <span class='ocrx_word' id='word_1_231' title='bbox 754 3568 848 3636; x_wconf 91' lang='lat' dir='ltr'><strong>de</strong></span> <span class='ocrx_word' id='word_1_232' title='bbox 879 3568 1262 3653; x_wconf 87' lang='lat' dir='ltr'><strong>paroeciae</strong></span> <span class='ocrx_word' id='word_1_233' title='bbox 1297 3571 1685 3640; x_wconf 88' lang='lat' dir='ltr'><strong>vacatione</strong></span> <span class='ocrx_word' id='word_1_234' title='bbox 1715 3572 1973 3640; x_wconf 87' lang='lat' dir='ltr'><strong>statim</strong></span> <span class='ocrx_word' id='word_1_235' title='bbox 2011 3573 2402 3641; x_wconf 86' lang='lat' dir='ltr'><strong>certiorem</strong></span> <span class='ocrx_word' id='word_1_236' title='bbox 2437 3573 2683 3642; x_wconf 82' lang='lat' dir='ltr'><strong>facere</strong></span> <span class='ocrx_word' id='word_1_237' title='bbox 2712 3573 2766 3641; x_wconf 78' lang='lat'><strong>⁸.</strong></span> 
     </span>
    </p>
   </div>
   <div class='ocr_carea' id='block_1_4' title="bbox 229 3857 3241 4725">
    <p class='ocr_par' dir='ltr' id='par_1_10' title="bbox 233 3857 3241 4283">
     <span class='ocr_line' id='line_1_30' title="bbox 427 3857 3237 3938; baseline 0.008 -29"><span class='ocrx_word' id='word_1_238' title='bbox 427 3858 451 3892; x_wconf 85' lang='lat'>¹</span> <span class='ocrx_word' id='word_1_239' title='bbox 486 3857 553 3910; x_wconf 89' lang='grc'><strong>0.</strong></span> <span class='ocrx_word' id='word_1_240' title='bbox 582 3858 669 3918; x_wconf 79' lang='grc'>39,</span> <span class='ocrx_word' id='word_1_241' title='bbox 698 3858 766 3919; x_wconf 82' lang='grc' dir='ltr'>Χ,</span> <span class='ocrx_word' id='word_1_242' title='bbox 799 3860 873 3909; x_wconf 74' lang='lat' dir='ltr'><strong>ae</strong></span> <span class='ocrx_word' id='word_1_243' title='bbox 908 3859 1259 3919; x_wconf 69' lang='lat' dir='ltr'><strong>mehe-sats</strong></span> <span class='ocrx_word' id='word_1_244' title='bbox 1288 3864 1349 3912; x_wconf 70' lang='lat' dir='ltr'><strong>ct</strong></span> <span class='ocrx_word' id='word_1_245' title='bbox 1380 3861 1794 3922; x_wconf 63' lang='lat' dir='ltr'><strong>amicalibus,</strong></span> <span class='ocrx_word' id='word_1_246' title='bbox 1825 3864 1943 3926; x_wconf 88' lang='lat'><strong>111,</strong></span> <span class='ocrx_word' id='word_1_247' title='bbox 1974 3866 2025 3927; x_wconf 77' lang='grc'>5,</span> <span class='ocrx_word' id='word_1_248' title='bbox 2057 3878 2108 3918; x_wconf 85' lang='lat' dir='ltr'><strong>c.</strong></span> <span class='ocrx_word' id='word_1_249' title='bbox 2139 3869 2192 3929; x_wconf 89' lang='grc'><strong>1,</strong></span> <span class='ocrx_word' id='word_1_250' title='bbox 2225 3871 2299 3920; x_wconf 73' lang='lat' dir='ltr'><strong>ao</strong></span> <span class='ocrx_word' id='word_1_251' title='bbox 2336 3870 2466 3920; x_wconf 66' lang='lat' dir='ltr'><strong>iure</strong></span> <span class='ocrx_word' id='word_1_252' title='bbox 2498 3875 2871 3933; x_wconf 69' lang='lat' dir='ltr'><strong>patronatu,</strong></span> <span class='ocrx_word' id='word_1_253' title='bbox 2904 3876 3023 3937; x_wconf 87' lang='lat'><strong>111,</strong></span> <span class='ocrx_word' id='word_1_254' title='bbox 3056 3878 3141 3938; x_wconf 88' lang='grc'><strong>12,</strong></span> <span class='ocrx_word' id='word_1_255' title='bbox 3175 3879 3237 3930; x_wconf 79' lang='lat' dir='ltr'><strong>ln</strong></span> 
     </span>
     <span class='ocr_line' id='line_1_31' title="bbox 236 3945 3237 4029; baseline 0.007 -33"><span class='ocrx_word' id='word_1_256' title='bbox 236 3946 448 4009; x_wconf 61' lang='lat' dir='ltr'><strong>Oleum</strong></span> <span class='ocrx_word' id='word_1_257' title='bbox 487 3945 663 3999; x_wconf 77' lang='lat' dir='ltr'><strong>cone.</strong></span> <span class='ocrx_word' id='word_1_258' title='bbox 706 3947 994 4009; x_wconf 68' lang='lat' dir='ltr'><strong>Trident„</strong></span> <span class='ocrx_word' id='word_1_259' title='bbox 1028 3961 1174 4003; x_wconf 65' lang='lat' dir='ltr'><strong>sen.</strong></span> <span class='ocrx_word' id='word_1_260' title='bbox 1210 3950 1347 4011; x_wconf 73' lang='lat' dir='ltr'><strong>VH,</strong></span> <span class='ocrx_word' id='word_1_261' title='bbox 1381 3952 1455 4002; x_wconf 64' lang='lat' dir='ltr'><strong>a«</strong></span> <span class='ocrx_word' id='word_1_262' title='bbox 1487 3953 1623 4012; x_wconf 71' lang='lat' dir='ltr'><strong>rot„</strong></span> <span class='ocrx_word' id='word_1_263' title='bbox 1654 3964 1705 4004; x_wconf 88' lang='lat' dir='ltr'><strong>c.</strong></span> <span class='ocrx_word' id='word_1_264' title='bbox 1742 3954 1793 4015; x_wconf 88' lang='grc'>7,</span> <span class='ocrx_word' id='word_1_265' title='bbox 1834 3954 2193 4009; x_wconf 78' lang='lat' dir='ltr'><strong>Benedictus</strong></span> <span class='ocrx_word' id='word_1_266' title='bbox 2223 3958 2376 4021; x_wconf 80' lang='lat' dir='ltr'><strong>xlv,</strong></span> <span class='ocrx_word' id='word_1_267' title='bbox 2413 3963 2602 4014; x_wconf 84' lang='lat' dir='ltr'><strong>const.</strong></span> <span class='ocrx_word' id='word_1_268' title='bbox 2639 3977 2671 4013; x_wconf 76' lang='grc' dir='ltr'>ι</span> <span class='ocrx_word' id='word_1_269' title='bbox 2703 3961 2795 4012; x_wconf 77' lang='grc' dir='ltr'><strong>Λα</strong></span> <span class='ocrx_word' id='word_1_270' title='bbox 2831 3963 3151 4019; x_wconf 66' lang='lat' dir='ltr'><strong>militenus</strong></span> <span class='ocrx_word' id='word_1_271' title='bbox 3187 3982 3237 4029; x_wconf 69' lang='grc' dir='ltr'>ι,</span> 
     </span>
     <span class='ocr_line' id='line_1_32' title="bbox 233 4031 3241 4117; baseline 0.006 -28"><span class='ocrx_word' id='word_1_272' title='bbox 233 4035 310 4089; x_wconf 65' lang='grc' dir='ltr'><strong><em>ω</em></strong></span> <span class='ocrx_word' id='word_1_273' title='bbox 332 4037 512 4087; x_wconf 75' lang='lat' dir='ltr'><strong>mart.</strong></span> <span class='ocrx_word' id='word_1_274' title='bbox 535 4035 684 4097; x_wconf 85' lang='grc'>1742,</span> <span class='ocrx_word' id='word_1_275' title='bbox 708 4035 738 4097; x_wconf 97' lang='lat'>5</span> <span class='ocrx_word' id='word_1_276' title='bbox 760 4037 811 4099; x_wconf 89' lang='grc'>9,</span> <span class='ocrx_word' id='word_1_277' title='bbox 827 4037 1098 4091; x_wconf 83' lang='lat' dir='ltr'><strong>Clemens</strong></span> <span class='ocrx_word' id='word_1_278' title='bbox 1117 4031 1251 4091; x_wconf 67' lang='lat' dir='ltr'><strong>xiv</strong></span> <span class='ocrx_word' id='word_1_279' title='bbox 1293 4050 1384 4100; x_wconf 82' lang='lat' dir='ltr'><strong>ep.</strong></span> <span class='ocrx_word' id='word_1_280' title='bbox 1405 4042 1626 4102; x_wconf 78' lang='lat' dir='ltr'><strong>encycl.</strong></span> <span class='ocrx_word' id='word_1_281' title='bbox 1657 4057 1688 4092; x_wconf 71' lang='grc' dir='ltr'><strong>α</strong></span> <span class='ocrx_word' id='word_1_282' title='bbox 1709 4041 1883 4093; x_wconf 68' lang='lat' dir='ltr'><strong>Inter</strong></span> <span class='ocrx_word' id='word_1_283' title='bbox 1899 4044 2255 4105; x_wconf 65' lang='lat' dir='ltr'><strong>multiplices</strong></span> <span class='ocrx_word' id='word_1_284' title='bbox 2279 4062 2330 4108; x_wconf 69' lang='lat' dir='ltr'><strong>n,</strong></span> <span class='ocrx_word' id='word_1_285' title='bbox 2350 4048 2412 4100; x_wconf 84' lang='lat'><strong>21</strong></span> <span class='ocrx_word' id='word_1_286' title='bbox 2437 4053 2587 4110; x_wconf 82' lang='lat' dir='ltr'><strong>sept.</strong></span> <span class='ocrx_word' id='word_1_287' title='bbox 2618 4051 2767 4112; x_wconf 70' lang='lat'>1700.</span> <span class='ocrx_word' id='word_1_288' title='bbox 2793 4055 2822 4113; x_wconf 86' lang='lat'>5</span> <span class='ocrx_word' id='word_1_289' title='bbox 2850 4055 2933 4114; x_wconf 84' lang='grc'><strong>11,</strong></span> <span class='ocrx_word' id='word_1_290' title='bbox 2957 4053 3021 4107; x_wconf 77' lang='grc' dir='ltr'><strong>Β.</strong></span> <span class='ocrx_word' id='word_1_291' title='bbox 3053 4055 3120 4109; x_wconf 93' lang='grc'><strong>0.</strong></span> <span class='ocrx_word' id='word_1_292' title='bbox 3151 4056 3241 4117; x_wconf 92' lang='grc'><strong>0.,</strong></span> 
     </span>
     <span class='ocr_line' id='line_1_33' title="bbox 234 4124 3236 4202; baseline 0.007 -27"><span class='ocrx_word' id='word_1_293' title='bbox 234 4124 553 4184; x_wconf 54' lang='grc' dir='ltr'><strong>Δικαία..</strong></span> <span class='ocrx_word' id='word_1_294' title='bbox 585 4125 654 4178; x_wconf 75' lang='grc'>18</span> <span class='ocrx_word' id='word_1_295' title='bbox 679 4138 813 4179; x_wconf 78' lang='lat' dir='ltr'><strong>nov.</strong></span> <span class='ocrx_word' id='word_1_296' title='bbox 841 4128 990 4188; x_wconf 83' lang='grc'>1709,</span> <span class='ocrx_word' id='word_1_297' title='bbox 1017 4128 1097 4180; x_wconf 83' lang='lat' dir='ltr'><strong>ad</strong></span> <span class='ocrx_word' id='word_1_298' title='bbox 1119 4129 1170 4190; x_wconf 59' lang='lat' dir='ltr'><strong>a</strong></span> <span class='ocrx_word' id='word_1_299' title='bbox 1194 4127 1431 4181; x_wconf 64' lang='lat' dir='ltr'><strong>Nauius</strong></span> <span class='ocrx_word' id='word_1_300' title='bbox 1455 4129 1676 4183; x_wconf 69' lang='lat' dir='ltr'><strong>noum</strong></span> <span class='ocrx_word' id='word_1_301' title='bbox 1705 4133 1961 4193; x_wconf 62' lang='lat' dir='ltr'><strong>Oeensi,</strong></span> <span class='ocrx_word' id='word_1_302' title='bbox 1996 4134 2064 4186; x_wconf 58' lang='grc' dir='ltr'><strong><em>κ</em></strong></span> <span class='ocrx_word' id='word_1_303' title='bbox 2086 4135 2206 4188; x_wconf 78' lang='lat' dir='ltr'><strong>ian.</strong></span> <span class='ocrx_word' id='word_1_304' title='bbox 2238 4136 2388 4200; x_wconf 69' lang='lat'><strong>1725,</strong></span> <span class='ocrx_word' id='word_1_305' title='bbox 2419 4138 2498 4191; x_wconf 82' lang='lat' dir='ltr'><strong>ad</strong></span> <span class='ocrx_word' id='word_1_306' title='bbox 2523 4140 2629 4202; x_wconf 81' lang='grc'>1-3,</span> <span class='ocrx_word' id='word_1_307' title='bbox 2655 4140 3005 4202; x_wconf 61' lang='lat' dir='ltr'><strong>clnculum,</strong></span> <span class='ocrx_word' id='word_1_308' title='bbox 3036 4146 3105 4196; x_wconf 89' lang='grc'>19</span> <span class='ocrx_word' id='word_1_309' title='bbox 3129 4145 3236 4197; x_wconf 81' lang='lat' dir='ltr'><strong>lul.</strong></span> 
     </span>
     <span class='ocr_line' id='line_1_34' title="bbox 233 4213 2184 4283; baseline 0.007 -20"><span class='ocrx_word' id='word_1_310' title='bbox 233 4213 395 4274; x_wconf 74' lang='grc'>1732,</span> <span class='ocrx_word' id='word_1_311' title='bbox 430 4214 515 4265; x_wconf 71' lang='lat' dir='ltr'><strong>ad</strong></span> <span class='ocrx_word' id='word_1_312' title='bbox 545 4214 651 4277; x_wconf 73' lang='lat'><strong>1-33</strong></span> <span class='ocrx_word' id='word_1_313' title='bbox 676 4215 1021 4273; x_wconf 64' lang='lat' dir='ltr'><strong>nomnen„</strong></span> <span class='ocrx_word' id='word_1_314' title='bbox 1052 4216 1120 4267; x_wconf 89' lang='grc'>12</span> <span class='ocrx_word' id='word_1_315' title='bbox 1148 4228 1282 4278; x_wconf 72' lang='lat' dir='ltr'><strong>ang.</strong></span> <span class='ocrx_word' id='word_1_316' title='bbox 1314 4218 1439 4270; x_wconf 80' lang='grc'>1141</span> <span class='ocrx_word' id='word_1_317' title='bbox 1496 4220 1564 4270; x_wconf 89' lang='grc'>12</span> <span class='ocrx_word' id='word_1_318' title='bbox 1594 4221 1715 4272; x_wconf 78' lang='lat' dir='ltr'><strong>lan.</strong></span> <span class='ocrx_word' id='word_1_319' title='bbox 1750 4221 1901 4283; x_wconf 71' lang='lat'><strong>1743,</strong></span> <span class='ocrx_word' id='word_1_320' title='bbox 1934 4222 2015 4275; x_wconf 86' lang='lat' dir='ltr'><strong>ad</strong></span> <span class='ocrx_word' id='word_1_321' title='bbox 2047 4223 2099 4283; x_wconf 85' lang='grc'><strong>2.</strong></span> <span class='ocrx_word' id='word_1_322' title='bbox 2131 4225 2184 4277; x_wconf 73' lang='grc'><strong>8.</strong></span> 
     </span>
    </p>

    <p class='ocr_par' dir='ltr' id='par_1_11' title="bbox 229 4302 3239 4725">
     <span class='ocr_line' id='line_1_35' title="bbox 419 4302 3239 4391; baseline 0.006 -37"><span class='ocrx_word' id='word_1_323' title='bbox 419 4303 451 4340; x_wconf 79' lang='lat'>²</span> <span class='ocrx_word' id='word_1_324' title='bbox 487 4302 550 4355; x_wconf 81' lang='lat' dir='ltr'><strong>S.</strong></span> <span class='ocrx_word' id='word_1_325' title='bbox 587 4303 654 4356; x_wconf 90' lang='grc'><strong>0.</strong></span> <span class='ocrx_word' id='word_1_326' title='bbox 697 4304 805 4365; x_wconf 73' lang='lat' dir='ltr'><strong>Ep.</strong></span> <span class='ocrx_word' id='word_1_327' title='bbox 834 4308 900 4358; x_wconf 87' lang='lat' dir='ltr'><strong>et</strong></span> <span class='ocrx_word' id='word_1_328' title='bbox 928 4305 1093 4367; x_wconf 69' lang='lat' dir='ltr'><strong>neg..</strong></span> <span class='ocrx_word' id='word_1_329' title='bbox 1129 4305 1393 4367; x_wconf 67' lang='lat' dir='ltr'><strong>mmm,</strong></span> <span class='ocrx_word' id='word_1_330' title='bbox 1421 4308 1488 4361; x_wconf 72' lang='lat'><strong>31</strong></span> <span class='ocrx_word' id='word_1_331' title='bbox 1516 4320 1653 4370; x_wconf 73' lang='lat' dir='ltr'><strong>aug.</strong></span> <span class='ocrx_word' id='word_1_332' title='bbox 1688 4310 1836 4372; x_wconf 73' lang='grc'>1592,</span> <span class='ocrx_word' id='word_1_333' title='bbox 1867 4309 2272 4374; x_wconf 64' lang='lat' dir='ltr'><strong>Samium,</strong></span> <span class='ocrx_word' id='word_1_334' title='bbox 2310 4315 2380 4368; x_wconf 73' lang='lat'><strong>10</strong></span> <span class='ocrx_word' id='word_1_335' title='bbox 2411 4317 2515 4368; x_wconf 79' lang='lat' dir='ltr'><strong>iul.</strong></span> <span class='ocrx_word' id='word_1_336' title='bbox 2552 4318 2702 4381; x_wconf 69' lang='grc'>1601,</span> <span class='ocrx_word' id='word_1_337' title='bbox 2742 4319 2801 4371; x_wconf 80' lang='grc' dir='ltr'><strong>Β.</strong></span> <span class='ocrx_word' id='word_1_338' title='bbox 2835 4322 2902 4373; x_wconf 92' lang='grc'><strong>0.</strong></span> <span class='ocrx_word' id='word_1_339' title='bbox 2941 4322 3028 4383; x_wconf 92' lang='grc'><strong>0.,</strong></span> <span class='ocrx_word' id='word_1_340' title='bbox 3063 4322 3239 4391; x_wconf 63' lang='lat' dir='ltr'><strong>Aqui-</strong></span> 
     </span>
     <span class='ocr_line' id='line_1_36' title="bbox 230 4392 3238 4472; baseline 0.007 -32"><span class='ocrx_word' id='word_1_341' title='bbox 230 4392 440 4449; x_wconf 66' lang='lat' dir='ltr'><strong>loten„</strong></span> <span class='ocrx_word' id='word_1_342' title='bbox 463 4404 663 4445; x_wconf 80' lang='lat' dir='ltr'><strong>mense</strong></span> <span class='ocrx_word' id='word_1_343' title='bbox 689 4394 806 4445; x_wconf 71' lang='lat' dir='ltr'><strong>lan</strong></span> <span class='ocrx_word' id='word_1_344' title='bbox 834 4395 983 4457; x_wconf 63' lang='lat' dir='ltr'><strong>IGOE:</strong></span> <span class='ocrx_word' id='word_1_345' title='bbox 1013 4395 1355 4456; x_wconf 55' lang='lat' dir='ltr'><strong>civitaten„</strong></span> <span class='ocrx_word' id='word_1_346' title='bbox 1381 4409 1581 4451; x_wconf 81' lang='lat' dir='ltr'><strong>mense</strong></span> <span class='ocrx_word' id='word_1_347' title='bbox 1602 4411 1734 4452; x_wconf 88' lang='lat' dir='ltr'><strong>nov.</strong></span> <span class='ocrx_word' id='word_1_348' title='bbox 1765 4400 1913 4462; x_wconf 58' lang='lat' dir='ltr'><strong>iffi</strong></span> <span class='ocrx_word' id='word_1_349' title='bbox 1937 4401 2202 4464; x_wconf 64' lang='lat' dir='ltr'><strong>Aureus„</strong></span> <span class='ocrx_word' id='word_1_350' title='bbox 2234 4415 2434 4457; x_wconf 88' lang='lat' dir='ltr'><strong>mense</strong></span> <span class='ocrx_word' id='word_1_351' title='bbox 2460 4419 2595 4469; x_wconf 79' lang='lat' dir='ltr'><strong>aug.</strong></span> <span class='ocrx_word' id='word_1_352' title='bbox 2623 4408 2772 4470; x_wconf 78' lang='lat'>1589,</span> <span class='ocrx_word' id='word_1_353' title='bbox 2802 4410 2880 4461; x_wconf 78' lang='lat' dir='ltr'><strong>ad</strong></span> <span class='ocrx_word' id='word_1_354' title='bbox 2904 4411 2955 4472; x_wconf 77' lang='grc'>3,</span> <span class='ocrx_word' id='word_1_355' title='bbox 2980 4408 3238 4472; x_wconf 67' lang='lat' dir='ltr'><strong>Nullius,</strong></span> 
     </span>
     <span class='ocr_line' id='line_1_37' title="bbox 229 4481 3238 4564; baseline 0.006 -31"><span class='ocrx_word' id='word_1_356' title='bbox 229 4481 309 4533; x_wconf 63' lang='lat' dir='ltr'><em>D</em></span> <span class='ocrx_word' id='word_1_357' title='bbox 336 4483 515 4533; x_wconf 77' lang='lat' dir='ltr'><strong>mart.</strong></span> <span class='ocrx_word' id='word_1_358' title='bbox 546 4483 694 4545; x_wconf 57' lang='lat'><strong>150&amp;</strong></span> <span class='ocrx_word' id='word_1_359' title='bbox 727 4484 798 4535; x_wconf 88' lang='lat'><strong>12</strong></span> <span class='ocrx_word' id='word_1_360' title='bbox 836 4484 984 4537; x_wconf 79' lang='lat' dir='ltr'><strong>tehr.</strong></span> <span class='ocrx_word' id='word_1_361' title='bbox 1015 4485 1164 4547; x_wconf 62' lang='lat'><strong>1822</strong></span> <span class='ocrx_word' id='word_1_362' title='bbox 1193 4485 1533 4546; x_wconf 71' lang='lat' dir='ltr'><strong>spoletana,</strong></span> <span class='ocrx_word' id='word_1_363' title='bbox 1565 4488 1633 4540; x_wconf 89' lang='lat'><strong>18</strong></span> <span class='ocrx_word' id='word_1_364' title='bbox 1665 4490 1786 4541; x_wconf 85' lang='lat' dir='ltr'><strong>lun.</strong></span> <span class='ocrx_word' id='word_1_365' title='bbox 1820 4489 1968 4552; x_wconf 61' lang='lat'><strong>1⁶22</strong></span> <span class='ocrx_word' id='word_1_366' title='bbox 2002 4489 2450 4552; x_wconf 59' lang='lat' dir='ltr'><strong>Uolumniam.</strong></span> <span class='ocrx_word' id='word_1_367' title='bbox 2491 4497 2557 4547; x_wconf 91' lang='lat'><strong>11</strong></span> <span class='ocrx_word' id='word_1_368' title='bbox 2591 4497 2709 4548; x_wconf 78' lang='lat' dir='ltr'><strong>ian.</strong></span> <span class='ocrx_word' id='word_1_369' title='bbox 2748 4498 2898 4559; x_wconf 76' lang='lat'><strong>1098,</strong></span> <span class='ocrx_word' id='word_1_370' title='bbox 2931 4500 3012 4552; x_wconf 87' lang='lat' dir='ltr'><strong>ad</strong></span> <span class='ocrx_word' id='word_1_371' title='bbox 3044 4500 3095 4564; x_wconf 58' lang='grc' dir='ltr'>ἢ</span> <span class='ocrx_word' id='word_1_372' title='bbox 3136 4500 3238 4552; x_wconf 67' lang='lat' dir='ltr'><strong>An·</strong></span> 
     </span>
     <span class='ocr_line' id='line_1_38' title="bbox 229 4569 3234 4656; baseline 0.008 -38"><span class='ocrx_word' id='word_1_373' title='bbox 229 4569 470 4628; x_wconf 67' lang='grc' dir='ltr'><strong>εἰσίοι..</strong></span> <span class='ocrx_word' id='word_1_374' title='bbox 500 4572 566 4623; x_wconf 77' lang='grc'>16</span> <span class='ocrx_word' id='word_1_375' title='bbox 595 4584 728 4624; x_wconf 87' lang='lat' dir='ltr'><strong>nov.</strong></span> <span class='ocrx_word' id='word_1_376' title='bbox 758 4573 910 4634; x_wconf 83' lang='grc'>1709,</span> <span class='ocrx_word' id='word_1_377' title='bbox 946 4574 1027 4627; x_wconf 86' lang='lat' dir='ltr'><strong>ad</strong></span> <span class='ocrx_word' id='word_1_378' title='bbox 1054 4574 1105 4638; x_wconf 82' lang='grc'>2,</span> <span class='ocrx_word' id='word_1_379' title='bbox 1132 4573 1478 4636; x_wconf 66' lang='grc' dir='ltr'><strong>Παιωνίου..</strong></span> <span class='ocrx_word' id='word_1_380' title='bbox 1511 4578 1579 4629; x_wconf 87' lang='grc'><strong>12</strong></span> <span class='ocrx_word' id='word_1_381' title='bbox 1605 4589 1740 4640; x_wconf 71' lang='lat' dir='ltr'><strong>aug.</strong></span> <span class='ocrx_word' id='word_1_382' title='bbox 1770 4578 1924 4640; x_wconf 88' lang='grc'>1741,</span> <span class='ocrx_word' id='word_1_383' title='bbox 1963 4580 2031 4631; x_wconf 88' lang='grc'><strong>12</strong></span> <span class='ocrx_word' id='word_1_384' title='bbox 2061 4582 2181 4633; x_wconf 84' lang='lat' dir='ltr'><strong>lan.</strong></span> <span class='ocrx_word' id='word_1_385' title='bbox 2213 4583 2362 4644; x_wconf 83' lang='grc'>1743,</span> <span class='ocrx_word' id='word_1_386' title='bbox 2394 4583 2470 4636; x_wconf 86' lang='lat' dir='ltr'><strong>ad</strong></span> <span class='ocrx_word' id='word_1_387' title='bbox 2504 4586 2638 4656; x_wconf 50' lang='lat' dir='ltr'><strong>1·ss</strong></span> <span class='ocrx_word' id='word_1_388' title='bbox 2665 4585 3003 4647; x_wconf 64' lang='lat' dir='ltr'><strong>Pate-una,</strong></span> <span class='ocrx_word' id='word_1_389' title='bbox 3037 4591 3071 4641; x_wconf 85' lang='grc'>4</span> <span class='ocrx_word' id='word_1_390' title='bbox 3109 4589 3234 4642; x_wconf 82' lang='lat' dir='ltr'><strong>lun.</strong></span> 
     </span>
     <span class='ocr_line' id='line_1_39' title="bbox 230 4658 1336 4725; baseline 0.005 -15"><span class='ocrx_word' id='word_1_391' title='bbox 230 4658 394 4720; x_wconf 70' lang='grc'>1763,</span> <span class='ocrx_word' id='word_1_392' title='bbox 431 4658 503 4711; x_wconf 75' lang='grc'><strong>28</strong></span> <span class='ocrx_word' id='word_1_393' title='bbox 531 4660 675 4721; x_wconf 80' lang='lat' dir='ltr'><strong>lan..</strong></span> <span class='ocrx_word' id='word_1_394' title='bbox 714 4661 783 4714; x_wconf 84' lang='lat'><strong>18</strong></span> <span class='ocrx_word' id='word_1_395' title='bbox 812 4662 962 4715; x_wconf 76' lang='lat' dir='ltr'><strong>tebr.</strong></span> <span class='ocrx_word' id='word_1_396' title='bbox 995 4662 1145 4725; x_wconf 72' lang='grc'>1784,</span> <span class='ocrx_word' id='word_1_397' title='bbox 1178 4665 1257 4717; x_wconf 87' lang='lat' dir='ltr'><strong>ad</strong></span> <span class='ocrx_word' id='word_1_398' title='bbox 1285 4664 1336 4715; x_wconf 85' lang='grc'><strong>2.</strong></span> 
     </span>
    </p>
   </div>
   <div class='ocr_carea' id='block_1_5' title="bbox 229 4749 3241 5616">
    <p class='ocr_par' dir='ltr' id='par_1_12' title="bbox 422 4749 1624 4812">
     <span class='ocr_line' id='line_1_40' title="bbox 422 4749 1624 4812; baseline 0.006 -12"><span class='ocrx_word' id='word_1_399' title='bbox 422 4751 451 4788; x_wconf 82' lang='lat'>⁸</span> <span class='ocrx_word' id='word_1_400' title='bbox 490 4749 550 4801; x_wconf 82' lang='grc'><strong>8.</strong></span> <span class='ocrx_word' id='word_1_401' title='bbox 590 4749 656 4801; x_wconf 92' lang='grc'><strong>0.</strong></span> <span class='ocrx_word' id='word_1_402' title='bbox 687 4751 777 4812; x_wconf 93' lang='grc'><strong>0.,</strong></span> <span class='ocrx_word' id='word_1_403' title='bbox 811 4751 1077 4811; x_wconf 67' lang='lat' dir='ltr'><strong>Panion„</strong></span> <span class='ocrx_word' id='word_1_404' title='bbox 1108 4764 1308 4805; x_wconf 79' lang='lat' dir='ltr'><strong>mense</strong></span> <span class='ocrx_word' id='word_1_405' title='bbox 1339 4754 1443 4806; x_wconf 81' lang='lat' dir='ltr'><strong>lul.</strong></span> <span class='ocrx_word' id='word_1_406' title='bbox 1476 4755 1624 4807; x_wconf 70' lang='lat'>1588.</span> 
     </span>
    </p>

    <p class='ocr_par' dir='ltr' id='par_1_13' title="bbox 229 4839 3240 5157">
     <span class='ocr_line' id='line_1_41' title="bbox 422 4839 3240 4919; baseline 0.007 -30"><span class='ocrx_word' id='word_1_407' title='bbox 422 4840 454 4878; x_wconf 80' lang='lat'><strong>⁴</strong></span> <span class='ocrx_word' id='word_1_408' title='bbox 489 4839 550 4890; x_wconf 83' lang='grc'><strong>8.</strong></span> <span class='ocrx_word' id='word_1_409' title='bbox 579 4839 646 4892; x_wconf 90' lang='grc'><strong>0.</strong></span> <span class='ocrx_word' id='word_1_410' title='bbox 679 4840 786 4901; x_wconf 75' lang='lat' dir='ltr'><strong>np.</strong></span> <span class='ocrx_word' id='word_1_411' title='bbox 820 4844 886 4894; x_wconf 87' lang='lat' dir='ltr'><strong>et</strong></span> <span class='ocrx_word' id='word_1_412' title='bbox 917 4842 1081 4904; x_wconf 73' lang='lat' dir='ltr'><strong>neg„</strong></span> <span class='ocrx_word' id='word_1_413' title='bbox 1116 4841 1431 4902; x_wconf 65' lang='lat' dir='ltr'><strong>Aquilam,</strong></span> <span class='ocrx_word' id='word_1_414' title='bbox 1466 4845 1533 4897; x_wconf 89' lang='grc'>19</span> <span class='ocrx_word' id='word_1_415' title='bbox 1570 4847 1678 4897; x_wconf 72' lang='lat' dir='ltr'><strong>tul.</strong></span> <span class='ocrx_word' id='word_1_416' title='bbox 1714 4846 1860 4907; x_wconf 60' lang='lat'><strong>1622</strong></span> <span class='ocrx_word' id='word_1_417' title='bbox 1897 4847 1956 4899; x_wconf 84' lang='lat' dir='ltr'><strong>S.</strong></span> <span class='ocrx_word' id='word_1_418' title='bbox 1988 4848 2055 4899; x_wconf 90' lang='grc'><strong>0.</strong></span> <span class='ocrx_word' id='word_1_419' title='bbox 2086 4849 2175 4911; x_wconf 91' lang='grc'><strong>0.,</strong></span> <span class='ocrx_word' id='word_1_420' title='bbox 2215 4850 2547 4911; x_wconf 66' lang='lat' dir='ltr'><strong>Euenum,</strong></span> <span class='ocrx_word' id='word_1_421' title='bbox 2580 4854 2648 4906; x_wconf 81' lang='lat'><strong>10</strong></span> <span class='ocrx_word' id='word_1_422' title='bbox 2684 4854 2833 4907; x_wconf 79' lang='lat' dir='ltr'><strong>tebr.</strong></span> <span class='ocrx_word' id='word_1_423' title='bbox 2871 4857 3020 4919; x_wconf 72' lang='grc'>1594,</span> <span class='ocrx_word' id='word_1_424' title='bbox 3062 4857 3240 4909; x_wconf 72' lang='grc' dir='ltr'><strong><em>Δυσν-</em></strong></span> 
     </span>
     <span class='ocr_line' id='line_1_42' title="bbox 230 4929 3238 5001; baseline 0.004 -20"><span class='ocrx_word' id='word_1_425' title='bbox 230 4940 414 4987; x_wconf 71' lang='grc' dir='ltr'>ιοσιο,</span> <span class='ocrx_word' id='word_1_426' title='bbox 434 4929 504 4982; x_wconf 77' lang='grc'>31</span> <span class='ocrx_word' id='word_1_427' title='bbox 526 4930 669 4981; x_wconf 79' lang='lat' dir='ltr'><strong>mall</strong></span> <span class='ocrx_word' id='word_1_428' title='bbox 694 4930 841 4990; x_wconf 72' lang='lat' dir='ltr'><strong>lom:</strong></span> <span class='ocrx_word' id='word_1_429' title='bbox 865 4930 1262 4988; x_wconf 64' lang='lat' dir='ltr'><strong>Golia-mon„</strong></span> <span class='ocrx_word' id='word_1_430' title='bbox 1285 4930 1352 4982; x_wconf 87' lang='grc'>14</span> <span class='ocrx_word' id='word_1_431' title='bbox 1375 4943 1509 4982; x_wconf 83' lang='lat' dir='ltr'><strong>nov.</strong></span> <span class='ocrx_word' id='word_1_432' title='bbox 1540 4932 1690 4992; x_wconf 75' lang='lat'>1648,</span> <span class='ocrx_word' id='word_1_433' title='bbox 1714 4936 1794 4984; x_wconf 83' lang='lat' dir='ltr'><strong>ad</strong></span> <span class='ocrx_word' id='word_1_434' title='bbox 1822 4936 1873 4994; x_wconf 63' lang='grc' dir='ltr'><strong>ξ</strong></span> <span class='ocrx_word' id='word_1_435' title='bbox 1904 4936 2191 4992; x_wconf 62' lang='lat' dir='ltr'><strong>mmm,</strong></span> <span class='ocrx_word' id='word_1_436' title='bbox 2217 4940 2284 4987; x_wconf 79' lang='grc'><strong>28</strong></span> <span class='ocrx_word' id='word_1_437' title='bbox 2305 4945 2481 4994; x_wconf 75' lang='lat' dir='ltr'><strong>mart.</strong></span> <span class='ocrx_word' id='word_1_438' title='bbox 2509 4943 2659 5000; x_wconf 79' lang='grc'>1711,</span> <span class='ocrx_word' id='word_1_439' title='bbox 2690 4944 2773 4991; x_wconf 63' lang='lat' dir='ltr'><strong>ad</strong></span> <span class='ocrx_word' id='word_1_440' title='bbox 2797 4946 2847 5001; x_wconf 74' lang='grc'>1,·</span> <span class='ocrx_word' id='word_1_441' title='bbox 2879 4941 3238 5001; x_wconf 62' lang='lat' dir='ltr'><strong>scitantem,</strong></span> 
     </span>
     <span class='ocr_line' id='line_1_43' title="bbox 230 5016 3239 5090; baseline 0.004 -21"><span class='ocrx_word' id='word_1_442' title='bbox 230 5018 307 5069; x_wconf 81' lang='grc'><strong>27</strong></span> <span class='ocrx_word' id='word_1_443' title='bbox 351 5018 500 5077; x_wconf 74' lang='lat' dir='ltr'><strong>tun..</strong></span> <span class='ocrx_word' id='word_1_444' title='bbox 544 5016 612 5068; x_wconf 86' lang='lat'><strong>18</strong></span> <span class='ocrx_word' id='word_1_445' title='bbox 665 5018 770 5070; x_wconf 77' lang='lat' dir='ltr'><strong>lul.</strong></span> <span class='ocrx_word' id='word_1_446' title='bbox 817 5018 966 5081; x_wconf 80' lang='grc'>1789,</span> <span class='ocrx_word' id='word_1_447' title='bbox 1019 5017 1336 5078; x_wconf 70' lang='lat' dir='ltr'><strong>Patavina,</strong></span> <span class='ocrx_word' id='word_1_448' title='bbox 1382 5020 1419 5072; x_wconf 88' lang='lat'>8</span> <span class='ocrx_word' id='word_1_449' title='bbox 1460 5024 1636 5073; x_wconf 82' lang='lat' dir='ltr'><strong>mart.</strong></span> <span class='ocrx_word' id='word_1_450' title='bbox 1685 5020 1834 5085; x_wconf 80' lang='grc'>1808,</span> <span class='ocrx_word' id='word_1_451' title='bbox 1893 5020 2308 5084; x_wconf 68' lang='lat' dir='ltr'><strong>Tarraconen„</strong></span> <span class='ocrx_word' id='word_1_452' title='bbox 2367 5025 2433 5077; x_wconf 84' lang='grc'>21</span> <span class='ocrx_word' id='word_1_453' title='bbox 2475 5037 2608 5077; x_wconf 89' lang='lat' dir='ltr'><strong>nov.</strong></span> <span class='ocrx_word' id='word_1_454' title='bbox 2661 5028 2809 5090; x_wconf 78' lang='grc'>1807,</span> <span class='ocrx_word' id='word_1_455' title='bbox 2855 5027 3239 5088; x_wconf 71' lang='lat' dir='ltr'><strong>naum-aton„</strong></span> 
     </span>
     <span class='ocr_line' id='line_1_44' title="bbox 229 5104 643 5157; baseline 0 0"><span class='ocrx_word' id='word_1_456' title='bbox 229 5105 306 5157; x_wconf 79' lang='lat'><strong>21</strong></span> <span class='ocrx_word' id='word_1_457' title='bbox 339 5106 463 5157; x_wconf 75' lang='lat' dir='ltr'><strong>ian.</strong></span> <span class='ocrx_word' id='word_1_458' title='bbox 496 5104 643 5157; x_wconf 66' lang='lat'>182⁸.</span> 
     </span>
    </p>

    <p class='ocr_par' dir='ltr' id='par_1_14' title="bbox 229 5193 3241 5616">
     <span class='ocr_line' id='line_1_45' title="bbox 418 5193 3238 5270; baseline 0.005 -25"><span class='ocrx_word' id='word_1_459' title='bbox 418 5198 449 5236; x_wconf 76' lang='lat'>⁸</span> <span class='ocrx_word' id='word_1_460' title='bbox 488 5193 664 5247; x_wconf 79' lang='lat' dir='ltr'><strong>Cone.</strong></span> <span class='ocrx_word' id='word_1_461' title='bbox 711 5195 1002 5257; x_wconf 66' lang='lat' dir='ltr'><strong>irrident„</strong></span> <span class='ocrx_word' id='word_1_462' title='bbox 1039 5208 1185 5249; x_wconf 79' lang='lat' dir='ltr'><strong>sess.</strong></span> <span class='ocrx_word' id='word_1_463' title='bbox 1232 5197 1433 5259; x_wconf 82' lang='lat' dir='ltr'><strong>mv,</strong></span> <span class='ocrx_word' id='word_1_464' title='bbox 1472 5201 1546 5250; x_wconf 74' lang='lat' dir='ltr'><strong>ae</strong></span> <span class='ocrx_word' id='word_1_465' title='bbox 1580 5200 1717 5260; x_wconf 73' lang='lat' dir='ltr'><strong>ret„</strong></span> <span class='ocrx_word' id='word_1_466' title='bbox 1754 5212 1805 5253; x_wconf 88' lang='lat' dir='ltr'><strong>c.</strong></span> <span class='ocrx_word' id='word_1_467' title='bbox 1837 5201 1921 5263; x_wconf 85' lang='grc'><strong>18,</strong></span> <span class='ocrx_word' id='word_1_468' title='bbox 1958 5201 2017 5254; x_wconf 80' lang='lat' dir='ltr'><strong>S.</strong></span> <span class='ocrx_word' id='word_1_469' title='bbox 2061 5202 2205 5254; x_wconf 80' lang='lat' dir='ltr'><strong>Pius</strong></span> <span class='ocrx_word' id='word_1_470' title='bbox 2250 5204 2320 5264; x_wconf 81' lang='lat' dir='ltr'><strong>V,</strong></span> <span class='ocrx_word' id='word_1_471' title='bbox 2368 5215 2555 5256; x_wconf 86' lang='lat' dir='ltr'><strong>const.</strong></span> <span class='ocrx_word' id='word_1_472' title='bbox 2595 5220 2626 5255; x_wconf 71' lang='lat' dir='ltr'><strong>c</strong></span> <span class='ocrx_word' id='word_1_473' title='bbox 2665 5206 2740 5256; x_wconf 73' lang='lat' dir='ltr'><strong>ln</strong></span> <span class='ocrx_word' id='word_1_474' title='bbox 2776 5208 3150 5266; x_wconf 64' lang='lat' dir='ltr'><strong>conterendis</strong></span> <span class='ocrx_word' id='word_1_475' title='bbox 3188 5225 3238 5270; x_wconf 68' lang='grc' dir='ltr'><strong>ι,</strong></span> 
     </span>
     <span class='ocr_line' id='line_1_46' title="bbox 230 5285 3235 5359; baseline 0.004 -21"><span class='ocrx_word' id='word_1_476' title='bbox 230 5287 307 5339; x_wconf 88' lang='grc'>18</span> <span class='ocrx_word' id='word_1_477' title='bbox 331 5289 510 5338; x_wconf 80' lang='lat' dir='ltr'><strong>mart.</strong></span> <span class='ocrx_word' id='word_1_478' title='bbox 534 5285 685 5347; x_wconf 72' lang='grc'>1567,</span> <span class='ocrx_word' id='word_1_479' title='bbox 711 5287 741 5349; x_wconf 98' lang='lat'>5</span> <span class='ocrx_word' id='word_1_480' title='bbox 763 5288 815 5348; x_wconf 78' lang='grc'>1,</span> <span class='ocrx_word' id='word_1_481' title='bbox 838 5287 1196 5341; x_wconf 76' lang='lat' dir='ltr'><strong>Benedictus</strong></span> <span class='ocrx_word' id='word_1_482' title='bbox 1219 5289 1373 5349; x_wconf 78' lang='lat' dir='ltr'><strong>XIV,</strong></span> <span class='ocrx_word' id='word_1_483' title='bbox 1395 5292 1582 5343; x_wconf 80' lang='lat' dir='ltr'><strong>const.</strong></span> <span class='ocrx_word' id='word_1_484' title='bbox 1618 5305 1650 5341; x_wconf 76' lang='grc' dir='ltr'>ι</span> <span class='ocrx_word' id='word_1_485' title='bbox 1680 5291 1772 5341; x_wconf 76' lang='grc' dir='ltr'><strong>Λα</strong></span> <span class='ocrx_word' id='word_1_486' title='bbox 1798 5291 2116 5342; x_wconf 70' lang='lat' dir='ltr'><strong>militenus</strong></span> <span class='ocrx_word' id='word_1_487' title='bbox 2141 5307 2191 5353; x_wconf 62' lang='grc' dir='ltr'>ι,</span> <span class='ocrx_word' id='word_1_488' title='bbox 2219 5292 2288 5345; x_wconf 81' lang='grc'><strong>30</strong></span> <span class='ocrx_word' id='word_1_489' title='bbox 2310 5296 2486 5345; x_wconf 83' lang='lat' dir='ltr'><strong>mart.</strong></span> <span class='ocrx_word' id='word_1_490' title='bbox 2540 5294 2690 5356; x_wconf 80' lang='grc'>1742,</span> <span class='ocrx_word' id='word_1_491' title='bbox 2723 5295 2753 5357; x_wconf 95' lang='lat'>5</span> <span class='ocrx_word' id='word_1_492' title='bbox 2782 5296 2865 5357; x_wconf 91' lang='grc'><strong>17,</strong></span> <span class='ocrx_word' id='word_1_493' title='bbox 2895 5309 2985 5357; x_wconf 86' lang='lat' dir='ltr'><strong>ep.</strong></span> <span class='ocrx_word' id='word_1_494' title='bbox 3014 5301 3235 5359; x_wconf 76' lang='lat' dir='ltr'><strong>encyel.</strong></span> 
     </span>
     <span class='ocr_line' id='line_1_47' title="bbox 230 5373 3239 5447; baseline 0.004 -21"><span class='ocrx_word' id='word_1_495' title='bbox 230 5390 269 5426; x_wconf 69' lang='grc' dir='ltr'>ι</span> <span class='ocrx_word' id='word_1_496' title='bbox 301 5377 455 5426; x_wconf 64' lang='grc' dir='ltr'><strong>συ·</strong></span> <span class='ocrx_word' id='word_1_497' title='bbox 488 5373 642 5427; x_wconf 69' lang='lat' dir='ltr'><strong>(uu</strong></span> <span class='ocrx_word' id='word_1_498' title='bbox 670 5390 722 5437; x_wconf 68' lang='grc' dir='ltr'>ι,</span> <span class='ocrx_word' id='word_1_499' title='bbox 758 5377 826 5428; x_wconf 86' lang='grc'>14</span> <span class='ocrx_word' id='word_1_500' title='bbox 852 5376 977 5429; x_wconf 86' lang='lat' dir='ltr'><strong>dec.</strong></span> <span class='ocrx_word' id='word_1_501' title='bbox 1008 5376 1159 5439; x_wconf 83' lang='grc'>1742,</span> <span class='ocrx_word' id='word_1_502' title='bbox 1192 5377 1222 5439; x_wconf 98' lang='lat'>5</span> <span class='ocrx_word' id='word_1_503' title='bbox 1250 5377 1335 5440; x_wconf 74' lang='lat'><strong>10,</strong></span> <span class='ocrx_word' id='word_1_504' title='bbox 1367 5391 1426 5430; x_wconf 85' lang='lat' dir='ltr'><strong>n.</strong></span> <span class='ocrx_word' id='word_1_505' title='bbox 1460 5380 1508 5441; x_wconf 89' lang='grc' dir='ltr'>Ι,</span> <span class='ocrx_word' id='word_1_506' title='bbox 1548 5378 1608 5431; x_wconf 80' lang='lat' dir='ltr'><strong>S.</strong></span> <span class='ocrx_word' id='word_1_507' title='bbox 1638 5379 1706 5432; x_wconf 91' lang='grc'><strong>0.</strong></span> <span class='ocrx_word' id='word_1_508' title='bbox 1740 5381 1844 5440; x_wconf 71' lang='lat' dir='ltr'><strong>Ep.</strong></span> <span class='ocrx_word' id='word_1_509' title='bbox 1875 5384 1941 5433; x_wconf 85' lang='lat' dir='ltr'><strong>et</strong></span> <span class='ocrx_word' id='word_1_510' title='bbox 1970 5381 2134 5442; x_wconf 64' lang='lat' dir='ltr'><strong>Bes..</strong></span> <span class='ocrx_word' id='word_1_511' title='bbox 2180 5381 2498 5440; x_wconf 67' lang='lat' dir='ltr'><strong>mentm,</strong></span> <span class='ocrx_word' id='word_1_512' title='bbox 2528 5383 2595 5435; x_wconf 69' lang='lat'><strong>24</strong></span> <span class='ocrx_word' id='word_1_513' title='bbox 2628 5385 2749 5436; x_wconf 78' lang='lat' dir='ltr'><strong>lan.</strong></span> <span class='ocrx_word' id='word_1_514' title='bbox 2783 5386 2930 5447; x_wconf 83' lang='lat'>1581;</span> <span class='ocrx_word' id='word_1_515' title='bbox 2962 5385 3239 5447; x_wconf 62' lang='lat' dir='ltr'><strong>Matina,</strong></span> 
     </span>
     <span class='ocr_line' id='line_1_48' title="bbox 231 5464 3241 5536; baseline 0.004 -19"><span class='ocrx_word' id='word_1_516' title='bbox 231 5466 306 5517; x_wconf 76' lang='lat'><strong>21</strong></span> <span class='ocrx_word' id='word_1_517' title='bbox 328 5476 467 5517; x_wconf 78' lang='lat' dir='ltr'><strong>nov.</strong></span> <span class='ocrx_word' id='word_1_518' title='bbox 498 5464 646 5527; x_wconf 66' lang='lat' dir='ltr'><strong>lom:</strong></span> <span class='ocrx_word' id='word_1_519' title='bbox 670 5466 730 5519; x_wconf 81' lang='lat' dir='ltr'><strong>S.</strong></span> <span class='ocrx_word' id='word_1_520' title='bbox 762 5465 828 5518; x_wconf 90' lang='grc'><strong>0.</strong></span> <span class='ocrx_word' id='word_1_521' title='bbox 859 5466 949 5527; x_wconf 90' lang='grc'><strong>0.,</strong></span> <span class='ocrx_word' id='word_1_522' title='bbox 980 5467 1544 5528; x_wconf 66' lang='lat' dir='ltr'><strong>chenpmien„</strong></span> <span class='ocrx_word' id='word_1_523' title='bbox 1569 5469 1638 5522; x_wconf 72' lang='grc' dir='ltr'><strong><em>ω</em></strong></span> <span class='ocrx_word' id='word_1_524' title='bbox 1662 5470 1769 5522; x_wconf 81' lang='lat' dir='ltr'><strong>lul.</strong></span> <span class='ocrx_word' id='word_1_525' title='bbox 1799 5470 1950 5533; x_wconf 72' lang='lat'>15013</span> <span class='ocrx_word' id='word_1_526' title='bbox 1977 5470 2347 5530; x_wconf 71' lang='lat' dir='ltr'><strong>Placentina,</strong></span> <span class='ocrx_word' id='word_1_527' title='bbox 2372 5474 2406 5524; x_wconf 90' lang='lat'>1</span> <span class='ocrx_word' id='word_1_528' title='bbox 2444 5474 2547 5526; x_wconf 84' lang='lat' dir='ltr'><strong>lul.</strong></span> <span class='ocrx_word' id='word_1_529' title='bbox 2580 5475 2728 5535; x_wconf 77' lang='grc'>1593,</span> <span class='ocrx_word' id='word_1_530' title='bbox 2766 5474 2846 5526; x_wconf 86' lang='lat' dir='ltr'><strong>ad</strong></span> <span class='ocrx_word' id='word_1_531' title='bbox 2876 5476 2926 5536; x_wconf 85' lang='lat'><strong>1;</strong></span> <span class='ocrx_word' id='word_1_532' title='bbox 2952 5472 3241 5536; x_wconf 62' lang='lat' dir='ltr'><strong>unetos„</strong></span> 
     </span>
     <span class='ocr_line' id='line_1_49' title="bbox 229 5553 824 5616; baseline 0.003 -11"><span class='ocrx_word' id='word_1_533' title='bbox 229 5554 269 5605; x_wconf 91' lang='grc'>7</span> <span class='ocrx_word' id='word_1_534' title='bbox 306 5555 431 5606; x_wconf 78' lang='lat' dir='ltr'><strong>tun.</strong></span> <span class='ocrx_word' id='word_1_535' title='bbox 467 5553 617 5616; x_wconf 63' lang='lat' dir='ltr'><strong>lm,</strong></span> <span class='ocrx_word' id='word_1_536' title='bbox 650 5554 733 5607; x_wconf 86' lang='lat' dir='ltr'><strong>ad</strong></span> <span class='ocrx_word' id='word_1_537' title='bbox 771 5555 824 5607; x_wconf 79' lang='lat'><strong>2.</strong></span> 
     </span>
    </p>
   </div>
  </div>
 </body>
</html>
