3753 5871
511 250 616 309 192
1642 251 1838 304 σοαοο
1883 251 2045 302 lum
2084 251 2365 302 canonio!

1797 455 1975 524 CAN.
2020 455 2171 522 666.
2190 419 2221 432 x

689 581 1080 648 Sententia
1109 580 1564 648 exsecutioni
1596 580 1937 648 mandari
1969 581 2251 664 nequit,
2292 581 2439 648 nisi
2472 580 2706 649 fuerit
2738 599 2788 648 a
2822 582 3056 649 Sacra
3089 584 3496 670 Congrega-

514 690 714 756 tione
737 688 1194 771 confirmata3
1229 687 1323 754 ad
1354 705 1571 772 quam
1607 688 2009 756 tribunalis
2038 706 2334 773 praeses
2360 693 2437 757 et
2463 690 2907 757 sententiam
2943 694 3020 758 et
3054 692 3301 757 omnia
3329 695 3500 759 acta

511 814 897 880 processus
929 796 1471 880 quamprimum
1505 796 2017 865 transmittere
2047 796 2367 865 curabit.

1805 955 1984 1024 CAN·
2026 956 2179 1023 667.

679 1079 828 1149 Pro
861 1081 1151 1148 dissitis
1197 1080 1618 1167 regionibus
1655 1081 1879 1149 etiam
1915 1081 1998 1148 in
2031 1081 2327 1149 casibus
2364 1061 2765 1149 ordinariis
2801 1083 3128 1175 supremi
3167 1081 3493 1148 Modera·

509 1192 710 1255 tores
745 1206 913 1256 cum
944 1206 1303 1284 consensu
1338 1190 1454 1256 sui
1494 1187 1808 1256 Consilii
1844 1208 1973 1256 seu
2007 1189 2340 1272 Capituli
2381 1194 2694 1275 possunt
2725 1189 3151 1258 dimittendi
3182 1189 3493 1257 faculta-

510 1297 657 1364 tem
689 1295 1136 1363 demandare
1167 1297 1418 1380 probis
1450 1313 1538 1363 ac
1572 1296 2064 1380 prudentibus
2106 1296 2496 1382 religiosis,
2536 1298 2663 1381 qui
2697 1296 2959 1364 saltem
2994 1301 3149 1365 tres
3189 1315 3346 1364 esse
3376 1297 3492 1366 de·

510 1402 710 1485 bent,
755 1401 967 1470 firmo
1005 1403 1467 1487 praescripto
1512 1422 1677 1471 can.
1721 1403 2032 1472 663-666.

1803 1558 1981 1626 CAN.
2024 1558 2177 1629 668.

682 1684 774 1751 In
819 1703 1024 1767 casu,
1082 1684 1174 1752 de
1220 1703 1366 1769 quo
1410 1685 1491 1752 in
1533 1702 1698 1751 can.
1757 1684 1912 1766 653,
1964 1683 2352 1769 religiosus
2400 1685 2656 1752 statim
2704 1689 2949 1770 potest
3004 1704 3054 1753 a
3102 1687 3498 1772 superiore

510 1791 811 1875 maiore,
848 1792 964 1860 vel
999 1793 1065 1858 si
1100 1792 1508 1875 periculum
1556 1793 1657 1859 sit
1692 1793 1770 1858 in
1809 1809 2020 1858 mora
2053 1797 2129 1860 et
2173 1797 2465 1875 tempus
2504 1812 2649 1859 non
2689 1794 2890 1861 adsit
2927 1795 3353 1862 recurrendi
3399 1795 3495 1862 ad

509 1900 979 1983 Superiorem
1021 1901 1396 1981 maiorem,
1431 1918 1477 1966 a
1515 1899 1912 1984 Superiore
1949 1918 2234 1985 quoque
2275 1899 2521 1984 locali,
2558 1919 2726 1968 cum
2761 1919 3123 1970 consensu
3157 1904 3276 1969 sui
3309 1903 3493 1971 Con·

507 2008 686 2089 sihi,
723 2008 817 2075 ad
846 2008 1218 2076 saeculum
1250 2009 1555 2091 remitti,
1588 2008 1847 2076 habitu
1879 2009 2223 2093 religioso
2250 2008 2454 2076 illico
2479 2009 2836 2094 deposito;
2874 2010 3221 2096 religioso
3245 2016 3493 2079 autem

502 2116 834 2194 dimisso,
860 2117 1115 2184 statim
1142 2134 1552 2200 processus,
1579 2117 1644 2182 si
1676 2116 2000 2184 nondum
2025 2117 2258 2185 fuerit
2281 2118 2704 2201 institutus,
2731 2119 3179 2186 instituatur
3206 2120 3302 2187 ad
3331 2138 3489 2187 nor·

505 2241 697 2289 mam
733 2241 1095 2290 canonum
1136 2227 1263 2307 qui
1303 2223 1754 2308 praecedunt
1788 2223 1837 2289 ¹.

1772 2475 2031 2543 CAPUT
2073 2476 2208 2542 IV.

892 2597 1004 2665 De
1033 2597 1402 2682 religiosis
1429 2597 1758 2665 dimissis
1787 2598 1916 2683 qui
1953 2604 2130 2667 vota
2160 2603 2521 2684 perpetua
2551 2599 3105 2681 nuncuparunt.

1800 2785 1978 2853 CAN.
2021 2784 2173 2852 669.

683 2908 717 2992 ξ
764 2911 830 2975 1.
880 2908 1275 2977 Professus
1314 2909 1441 2995 qui
1475 2911 1649 2977 vota
1689 2913 2049 2994 perpetua
2084 2909 2356 2992 emisit,
2398 2927 2448 2977 a
2492 2908 2846 2996 religione
2881 2908 3258 2993 dimissus,
3298 2908 3493 2977 votis

505 3018 870 3105 religiosis
906 3023 1155 3086 manet
1183 3018 1615 3101 adstrictus,
1657 3018 1884 3085 salvis
1911 3018 2572 3086 constitutionibus
2609 3023 2743 3085 aut
2776 3017 2989 3086 Sedis
3020 3017 3492 3102 Apostolicae

501 3123 816 3193 indultis
854 3143 1039 3209 quae
1073 3125 1280 3193 aliud
1325 3127 1598 3192 ferant.

681 3234 714 3317 ξ
761 3234 827 3300 2.
881 3235 963 3303 Si
992 3234 1307 3302 clericus
1334 3238 1450 3301 est
1484 3233 1563 3301 in
1595 3233 2004 3302 minoribus
2035 3234 2421 3302 ordinibus
2455 3233 2937 3315 constitutus,
2972 3253 3058 3302 eo
3087 3234 3253 3319 ipso
3282 3234 3488 3302 redu·

500 3341 699 3408 citur
737 3341 832 3408 ad
868 3346 1148 3409 statum
1186 3342 1547 3409 laicalem.

1796 3451 1979 3519 CAN·
2016 3450 2169 3517 670.

673 3573 1008 3641 Clericus
1038 3574 1118 3639 in
1158 3573 1392 3640 sacris
1424 3573 1550 3657 qui
1589 3573 1891 3657 aliquod
1922 3573 2273 3640 delictum
2306 3572 2676 3640 commisit
2709 3572 2800 3640 de
2842 3591 2987 3657 quo
3018 3574 3097 3640 in
3129 3590 3295 3639 can.
3331 3571 3487 3654 646,

501 3685 636 3748 aut
680 3682 1031 3748 dimissus
1070 3687 1182 3748 est
1220 3682 1311 3748 ob
1351 3682 1702 3748 delictum
1745 3682 1938 3765 quod
1978 3681 2140 3748 iure
2175 3681 2545 3749 communi
2594 3680 2907 3764 punitur
2947 3679 3263 3755 infamia
3301 3680 3491 3746 iuris

500 3789 613 3854 vel
656 3788 1114 3872 depositione
1167 3790 1282 3856 vel
1325 3788 1878 3873 degradatione,
1937 3793 2295 3872 perpetuo
2338 3788 2772 3872 prohibetur
2816 3788 3107 3856 deferre
3154 3787 3488 3855 habitum

498 3893 1099 3962 ecclesiasticum.

1790 4004 1968 4073 CAN.
2013 4005 2165 4071 671.

675 4126 755 4193 Si
788 4146 961 4195 vero
999 4128 1430 4195 dimittatur
1462 4128 1554 4195 ob
1587 4128 1860 4196 delicta
1893 4128 2183 4194 minora
2222 4128 2317 4194 iis
2348 4127 2440 4194 de
2483 4127 2749 4211 quibus
2779 4127 2859 4193 in
2892 4145 3058 4195 can.
3099 4125 3271 4194 670:

759 4237 856 4300 1.⁶
901 4236 1075 4319 Ipso
1102 4236 1308 4303 facto
1334 4254 1735 4319 suspensus
1771 4239 2044 4318 manet,
2078 4236 2307 4302 donec
2339 4254 2385 4302 a
2419 4235 2698 4303 Sancta
2727 4234 2913 4304 Sede
2950 4234 3489 4302 absolutionem

497 4341 924 4425 obtinuerit;

753 4449 854 4516 2.·
900 4450 1129 4518 Sacra
1179 4451 1696 4537 Congregatio,
1738 4453 1805 4518 si
1841 4452 1921 4519 id
1965 4450 2307 4536 expedire
2348 4451 2811 4534 iudicaverit,
2863 4451 3172 4518 dimisso
3209 4449 3486 4533 praeci·

498 4556 659 4640 piat
710 4562 820 4639 ut,
865 4558 1124 4626 habitu
1168 4559 1351 4626 cleri
1395 4559 1798 4628 saecularis
1837 4559 2174 4642 indutus,
2228 4562 2721 4628 commoretur
2763 4558 2843 4626 in
2883 4562 3090 4626 certa
3142 4556 3485 4638 dioecesi,

497 4665 847 4734 indicatis
875 4668 1277 4735 Ordinario
1301 4668 1548 4735 causis
1584 4668 1676 4736 ob
1714 4686 1898 4752 quas
1927 4667 2279 4735 dimissus
2299 4658 2477 4752 'fuit3

758 4774 856 4841 3.⁰
904 4775 984 4842 Si
1031 4775 1382 4842 dimissus
1430 4780 1824 4859 praecepto
1867 4776 1960 4843 de
2018 4794 2163 4860 quo
2209 4795 2281 4841 n.
2342 4775 2410 4857 2,
2461 4793 2607 4842 non
2665 4774 3029 4859 paruerit,
3080 4773 3341 4859 religio
3390 4772 3489 4839 ad

498 4880 684 4948 nihil
715 4886 1034 4965 tenetur,
1072 4889 1151 4951 et
1180 4878 1531 4951 dimissus
1560 4903 1646 4952 eo
1677 4884 1842 4968 ipso
1875 4885 2214 4968 privatus
2244 4888 2359 4952 est
2396 4884 2560 4951 iure
2587 4882 2969 4951 deferendi
3008 4882 3343 4949 habitum
3376 4900 3486 4948 ec-

492 4988 1011 5074 clesiasticum3
1139 5044 1145 5051 .

753 5098 851 5162 4³
896 5099 1340 5166 ordinarius
1371 5100 1725 5168 dioecesis
1759 5119 1897 5185 pro
1921 5101 2080 5168 eius
2106 5100 2681 5168 commoratione
2707 5099 3162 5184 designatae,
3198 5097 3489 5182 religio-

495 5222 656 5271 sum
697 5204 778 5271 in
810 5204 1104 5272 domum
1147 5207 1644 5291 poenitentiae
1678 5208 1959 5291 mittat,
1997 5208 2114 5276 vel
2156 5226 2321 5276 eum
2357 5208 2778 5277 committat
2807 5225 3033 5275 curae
3064 5210 3142 5275 et
3173 5203 3488 5291 vigilan·

676 5414 699 5449 ¹
738 5411 795 5464 S.
830 5413 895 5467 Ο.
929 5414 1002 5466 de
1041 5412 1372 5477 Religiosis,
1405 5415 1559 5468 decr.
1596 5417 1662 5469 16
1690 5418 1833 5468 maii
1867 5418 2017 5478 1⁹11.
2050 5429 2109 5469 n.
2144 5416 2228 5478 16,
2262 5416 2345 5468 17.
