3753 5871
1154 281 1331 333 Liber
1374 281 1635 343 Quartus
1666 305 1689 318 ο
1722 280 1811 331 De
1855 280 2233 332 Prooeuibiu
3086 281 3195 341 iffi

1474 560 1653 629 CAN.
1705 560 1899 628 1696.

383 703 415 786 5
461 705 529 770 1.
578 702 830 772 Etiam
864 703 992 789 qui
1016 703 1117 788 vi,
1144 703 1336 771 clam
1359 703 1477 772 vel
1503 703 1838 789 precario
1870 702 2223 788 possidet,
2253 700 2544 770 actione
2570 698 3000 766 retinendae
3027 711 3187 782 pos·

228 811 555 881 sessionis
587 813 702 881 uti
739 816 986 899 potest
1012 812 1368 881 adversus
1399 812 1798 897 quemlibet
1826 811 2421 898 deturbatorem:
2464 829 2612 880 non
2643 813 2892 878 autem
2930 814 3194 879 contra

226 940 593 1008 personam
630 941 679 990 a
717 940 861 1008 qua
889 922 1049 1008 ipse
1080 939 1232 990 rem
1263 922 1340 990 vi
1369 922 1480 991 vel
1513 921 1707 990 clam
1746 920 2117 1006 surripuit
2144 924 2282 989 aut
2309 919 2646 1018 precario
2675 919 2963 1005 accepit
3003 916 3054 985 ¹.

383 1032 418 1115 5
461 1028 530 1099 2.
579 1033 672 1099 ln
704 1031 953 1099 causis
978 1049 1167 1118 quae
1192 1029 1291 1099 ad
1316 1031 1586 1099 bonum
1621 1030 2000 1116 publicum
2027 1033 2392 1115 spectant,
2421 1028 2759 1098 iustitiae
2786 1026 3194 1113 promotori

224 1142 333 1210 ius
356 1147 469 1212 est
500 1139 918 1227 opponendi
949 1140 1215 1208 vitium
1248 1140 1732 1225 possessionis
1761 1139 2116 1207 adversus
2154 1157 2320 1206 eum
2363 1138 2490 1224 qui
2527 1138 2628 1222 vi,
2663 1137 2855 1205 clam
2884 1136 3002 1204 vel
3034 1154 3187 1220 pre·

223 1250 413 1318 cario
440 1249 792 1336 possidet.

1465 1372 1642 1439 om.
1703 1371 1900 1439 1697.

383 1513 417 1597 5
464 1515 530 1580 1.
582 1513 666 1582 si
704 1513 903 1582 inter
934 1513 1120 1581 duos
1149 1513 1653 1581 controversia
1686 1512 1979 1580 oriatur
2010 1515 2179 1582 uter
2219 1530 2471 1581 eorum
2506 1512 2907 1598 possideat,
2944 1514 3073 1582 ille
3115 1513 3195 1580 in

222 1623 663 1709 possessione
705 1620 1236 1707 praeferendus
1282 1626 1396 1690 es‘t
1436 1622 1564 1707 qui
1602 1621 1807 1690 intra
1855 1639 2135 1689 annum
2175 1621 2716 1707 frequentiores
2755 1628 2831 1692 et
2870 1621 3195 1707 potiores

220 1729 689 1814 possessionis
717 1734 933 1799 actus
967 1729 1359 1800 exercuit¹

385 1839 418 1922 5
464 1838 531 1905 2.
582 1839 675 1907 In
694 1840 922 1909 dubio
941 1840 1162 1909 iudex
1184 1840 1713 1926 possessionem
1742 1861 1882 1926 pro
1901 1841 2222 1910 indiviso
2244 1841 2541 1926 utrique
2569 1840 2771 1926 parti
2798 1839 3191 1909 attribuat.

386 1947 420 2031 5
465 1948 533 2016 3.
585 1948 667 2016 Si
699 1949 808 2018 rei
838 1949 953 2018 vel
988 1949 1179 2018 iuris
1210 1950 1496 2019 indoles
1529 1955 1666 2020 aut
1703 1951 2259 2019 contentionum
2294 1955 2370 2019 et
2412 1948 2740 2016 rixarum
2784 1947 3193 2032 periculum

219 2077 358 2127 non
388 2059 779 2142 patiantur
811 2064 898 2129 ut
935 2059 1408 2146 litigantibus
1440 2078 1577 2144 pro
1607 2059 1929 2127 indiviso
1959 2058 2326 2143 possessio
2363 2058 2662 2127 interim
2703 2056 3192 2139 attribuatur,

216 2168 428 2237 iudex
458 2187 608 2238 rem
631 2168 831 2254 apud
857 2171 1306 2253 sequestrem
1330 2168 1625 2253 deponi,
1658 2173 1792 2237 aut
1823 2167 2015 2236 iuris
2047 2169 2819 2253 quasi-possessionem
2846 2170 3199 2254 suspendi

216 2275 463 2344 iubeat
497 2294 728 2361 usque
762 2277 860 2344 ad
894 2276 1156 2345 iudicii
1199 2275 1535 2361 petitorii
1569 2276 1875 2345 exitum.

1486 2471 1663 2539 CAN.
1713 2470 1908 2539 1698.

385 2609 420 2693 5
466 2613 533 2678 1.
582 2611 729 2692 Qui
758 2613 835 2681 vi
862 2617 996 2681 aut
1025 2613 1218 2680 clam
1249 2631 1542 2700 quoquo
1576 2614 1795 2682 modo
1824 2632 1871 2682 a
1903 2614 2360 2699 possessione
2391 2615 2500 2683 rei
2526 2615 2646 2683 vel
2678 2597 3195 2700 quasi-posses·

213 2719 414 2789 sione
442 2721 633 2790 iuris
658 2720 989 2791 deiectus
1023 2726 1162 2806 est,
1196 2722 1551 2792 adversus
1585 2723 1984 2808 quemlibet
2010 2722 2233 2809 spolii
2260 2726 2635 2791 auctorem
2665 2723 2782 2791 vel
2813 2724 2923 2792 rei
2950 2722 3193 2791 deten-

214 2832 444 2899 torem
498 2830 720 2899 habet
760 2829 1124 2899 actionem
1165 2832 1711 2916 recuperandae
1751 2829 2237 2917 possessionis
2277 2831 2394 2899 vel
2444 2832 2535 2900 de
2579 2831 2817 2917 spolio
2859 2835 2937 2900 et
2976 2830 3198 2916 spolii

210 2940 708 3023 exceptionem
752 2935 804 3004 ³.

386 3053 421 3133 5
465 3050 535 3116 2.
583 3050 789 3120 Haec
817 3051 1015 3121 actio
1043 3071 1191 3122 non
1220 3053 1650 3121 admittitur
1680 3053 2190 3139 praeterlapso
2225 3071 2423 3122 anno
2455 3057 2845 3138 postquam
2879 3051 3198 3135 spolium

208 3175 477 3242 passus
507 3159 618 3227 rei
649 3160 994 3228 notitiam
1026 3160 1310 3246 habuit;
1349 3161 1707 3247 exceptio,
1742 3165 2032 3247 contra,
2069 3178 2430 3248 perpetua
2468 3166 2605 3233 est.

1490 3361 1666 3428 CAN.
1717 3360 1915 3428 1699.

389 3499 424 3580 5
472 3500 538 3565 1.
590 3498 974 3584 Spoliatus
999 3499 1354 3569 adversus
1380 3501 1821 3587 spoliantem
1843 3502 2218 3589 excipiens
2237 3508 2314 3573 et
2341 3504 2664 3590 probans
2683 3505 3028 3590 spolium,
3054 3523 3202 3574 non

203 3602 509 3676 tenetur
540 3608 1004 3693 respondere,
1026 3608 1190 3677 'nisi
1222 3610 1435 3695 prius
1464 3611 1698 3681 fuerit
1728 3612 1808 3678 in
1840 3630 2052 3680 suam
2086 3613 2616 3697 possessionem
2660 3613 3056 3683 restitutus
3093 3613 3147 3679 ⁴.

380 3713 415 3797 5
461 3712 529 3781 2.
581 3711 964 3800 Spoliatus
985 3718 1072 3783 ut
1097 3717 1177 3784 in
1199 3717 1730 3804 possessionem
1754 3718 2225 3805 restituatur,
2255 3720 2366 3789 nil
2391 3720 2599 3792 aliud
2622 3722 2935 3809 probare
2960 3723 3201 3808 debet,

198 3823 358 3892 nisi
387 3823 905 3909 spoliationem
934 3826 1175 3913 ipsam
1203 3829 1259 3898 ⁸.

392 3935 427 4015 5
471 3932 541 4001 3.
592 3933 736 4003 Sed
784 3935 849 4003 si
894 3937 974 4003 in
1032 3937 1506 4007 restitutione
1549 3939 1658 4008 rei
1713 3939 1828 4008 vel
1885 3939 2220 4015 exercitii
2265 3940 2455 4010 iuris
2510 3940 2813 4027 aliquod
2858 3944 3202 4010 occurrat

196 4039 624 4123 periculum
668 4044 811 4127 (ex.
852 4063 994 4130 gr„
1035 4045 1539 4130 saevitiar'um,
1570 4066 1739 4117 cum
1768 4048 1888 4116 vir
1912 4053 2176 4118 contra
2210 4067 2509 4119 uxorem
2541 4051 2878 4135 postulat
2905 4050 3200 4120 restitu-

195 4148 489 4218 tionem
522 4150 937 4239 coniugalis
969 4154 1386 4240 consortii),
1426 4156 1673 4242 iudex,
1720 4157 1818 4225 ad
1851 4158 2293 4228 instantiam
2331 4158 2572 4244 partis
2605 4159 2722 4228 vel
2759 4159 3205 4245 promotoris

194 4258 575 4345 iustitiae,
627 4279 767 4346 pro
812 4262 1125 4332 diversis
1176 4282 1665 4350 personarum
1705 4283 2191 4336 causarumve
2237 4267 2614 4336 adiunctis
2665 4268 3015 4341 decernat
3067 4271 3201 4337 aut

396 4541 420 4578 ¹
456 4541 521 4593 Ο.
561 4541 644 4602 12,
680 4542 746 4603 Χ,
777 4543 850 4593 ds
878 4542 1255 4595 restitutione
1285 4543 1690 4604 spoliatorum,
1721 4546 1804 4607 11,
1837 4545 1921 4598 13.

389 4639 414 4673 2
457 4631 522 4685 ο.
560 4619 612 4692 3,
642 4634 695 4694 e,
724 4633 792 4693 x,
816 4634 901 4685 ‘ae
928 4632 1391 4694 probationibus,
1426 4635 1620 4698 11,19;
1646 4647 1696 4687 e.
1728 4636 1778 4697 e,
1809 4637 1875 4697 x,
1906 4637 1979 4687 ee
2008 4635 2504 4696 institutionibus,
2537 4636 2654 4700 111,
2688 4636 2737 4688 τ.

389 4725 417 4763 ³
458 4722 523 4775 Ο.
559 4724 642 4784 11,
669 4723 754 4783 15,
783 4724 848 4785 Χ,
879 4725 951 4775 de
976 4722 1235 4785 iudiciis,
1267 4725 1349 4783 11.
1379 4727 1428 4788 1:
1453 4737 1503 4778 c.
1533 4726 1585 4787 2,
1611 4727 1680 4788 Χ,
1710 4727 1781 4777 de
1810 4725 2016 4778 oraine
2051 4725 2468 4788 monitionum,
2506 4727 2588 4787 11,
2618 4727 2702 4789 103
2731 4737 2782 4778 c.
2815 4725 2866 4787 2,
2897 4725 2949 4787 3,
2980 4724 3085 4787 5·8,
3118 4725 3202 4786 10,

191 4814 290 4874 11,
325 4813 417 4874 15,
448 4812 618 4875 17-19,
647 4814 714 4876 Χ,
747 4815 820 4865 as
844 4812 1223 4876 restitutione
1249 4814 1656 4876 spoliatorum,
1688 4816 1773 4879 11,
1803 4817 1887 4880 183
1914 4828 1965 4868 c.
1996 4817 2081 4879 14,
2111 4817 2178 4878 Χ,
2213 4817 2285 4868 ae
2317 4815 2660 4877 sepulturis,
2696 4815 2814 4877 111,
2847 4814 2929 4878 283
2965 4827 3015 4867 c.
3047 4816 3100 4875 1,
3134 4815 3205 4865 de

192 4901 597 4953 restitutione
623 4902 1027 4964 spoliatorum,
1061 4905 1146 4966 11,
1173 4905 1258 4968 15,
1296 4907 1359 4957 in
1394 4906 1521 4970 V1⁰;
1547 4919 1599 4958 c.
1630 4920 1754 4971 un„
1784 4909 1856 4959 ae
1885 4917 2067 4958 eausa
2095 4884 2571 4973 possessioniset
2602 4903 3004 4966 proprietam,
3035 4905 3119 4966 11,
3149 4905 3201 4967 3,

190 4992 266 5044 in
299 4992 491 5051 olem.

391 5089 420 5125 ⁴
461 5085 526 5137 Ο.
559 5084 664 5145 1-6,
697 5084 761 5137 G.
804 5086 887 5146 11,
928 5098 982 5148 q.
1015 5086 1063 5149 z
1090 5098 1140 5139 c.
1172 5088 1278 5148 1-4,
1313 5087 1378 5140 Ο.
1412 5088 1529 5149 111,
1560 5100 1615 5151 q.
1647 5090 1698 5151 13
1723 5100 1775 5140 c.
1807 5088 1892 5149 10,
1922 5088 1990 5149 Χ,
2024 5086 2096 5138 de
2127 5084 2626 5148 procuratoribus,
2663 5086 2713 5150 Ι,
2743 5085 2826 5148 38;
2855 5097 2905 5137 e.
2947 5086 2998 5147 4,
3033 5085 3101 5146 Χ,
3135 5085 3207 5135 de

192 5175 427 5227 oraine
467 5173 882 5236 monitionum,
924 5176 1007 5238 11,
1056 5178 1139 5239 1⁰3
1176 5189 1227 5230 c.
1268 5178 1374 5239 1-8,
1417 5178 1522 5240 5-7,
1563 5178 1647 5240 10,
1678 5178 1763 5239 18,
1793 5179 1879 5239 19,
1910 5178 1976 5239 Χ,
2020 5178 2092 5229 de
2130 5175 2528 5229 restitutione·
2547 5174 2953 5236 spoliatorum,
2997 5172 3080 5238 11,
3126 5175 3209 5237 133

187 5278 249 5319 c.
288 5266 385 5327 51,
411 5267 479 5328 Χ,
513 5268 585 5318 de
610 5265 1124 5329 appellationibus,
1149 5268 1619 5320 recusationibus
1647 5273 1707 5321 st
1732 5268 2140 5330 relationibus,
2166 5268 2251 5331 11,
2277 5267 2361 5332 283
2383 5280 2434 5320 c.
2462 5269 2546 5329 14.
2575 5268 2642 5329 Χ,
2671 5270 2743 5319 ae
2767 5266 2989 5326 usuris,
3023 5266 3093 5328 V,
3119 5265 3204 5317 19.

389 5363 416 5397 ³
458 5357 524 5409 Ο.
553 5357 604 5418 4,
632 5357 698 5416 Χ,
734 5358 806 5409 de
834 5368 1015 5409 eausa
1039 5357 1427 5418 possessionis
1455 5363 1515 5411 et
1543 5359 1946 5421 proprietatis,
1976 5359 2059 5422 11,
2087 5359 2170 5422 123
2194 5371 2244 5411 c.
2274 5360 2359 5421 11,
2390 5357 2476 5419 17,
2504 5357 2589 5420 18,
2619 5358 2686 5420 Χ,
2721 5359 2792 5408 de
2826 5354 3206 5407 restitutione

187 5447 628 5508 spoliatorum,
662 5446 745 5509 11,
786 5446 871 5501 13.
