3753 5871
425 319 534 380 316
1564 320 1761 372 Gom
1805 318 1969 371 liu-u
2009 317 2290 371 canonici

604 509 639 591 ξ
683 509 752 577 3.
801 468 1110 589 Quoties
1144 507 1699 576 matrimonium
1733 507 1830 574 ad
1874 525 2209 575 normam
2242 524 2406 574 can.
2445 506 2620 574 1098
2649 507 3147 590 contrahitur,
3185 526 3417 576 sacer·

424 616 583 701 dos,
619 617 683 684 si
712 616 947 684 eidem
981 616 1388 698 adstiterit,
1423 633 1633 682 secus
1671 619 1901 684 testes
1932 620 2282 683 tenentur
2316 616 2396 681 in
2435 614 2753 683 solidum
2786 632 2954 682 cum
2985 616 3416 683 contraben-

425 724 627 791 tibus
661 743 926 793 curare
967 730 1054 793 ut
1089 725 1360 792 initum
1420 724 1845 809 coniugium
1916 724 1997 790 in
2058 724 2543 808 praescriptis
2601 723 2817 791 libris
2877 722 3418 809 quamprimum

422 833 824 899 adnotetur
859 831 910 900 ¹.

1664 954 1925 1023 CAPUT
1965 953 2143 1021 v11.

1316 1073 1424 1142 De
1463 1074 1938 1142 matrimonio
1989 1073 2507 1143 conscientiae.

1704 1247 1882 1314 CAN.
1933 1244 2129 1311 1104.

604 1357 923 1424 Nonnisi
955 1376 1044 1425 ex
1078 1354 1521 1441 gravissima
1551 1360 1627 1423 et
1663 1354 2190 1438 urgentissima
2228 1370 2458 1419 causa
2500 1355 2577 1420 et
2607 1352 2702 1420 ab
2736 1351 2900 1437 ipso
2932 1352 3077 1420 loci
3112 1350 3420 1419 Ordina-

429 1464 566 1548 tio,
619 1464 918 1533 excluso
956 1463 1259 1532 Vicario
1303 1463 1652 1532 Generali
1702 1463 1862 1531 sine
1905 1461 2211 1546 speciali
2252 1461 2631 1544 mandato,
2674 1460 3011 1544 permitti
3051 1462 3300 1544 potest
3338 1463 3425 1527 ut

427 1567 984 1635 matrimonium
1020 1568 1515 1637 conscientiae
1562 1571 1884 1652 ineatur,
1934 1570 2128 1638 idest
2167 1569 2722 1637 matrimonium
2761 1569 3173 1637 celebretur
3211 1568 3421 1635 omis·

427 1680 531 1746 sis
561 1677 1256 1747 denuntiationibus
1287 1681 1363 1745 et
1396 1683 1702 1759 secreto,
1738 1676 1835 1746 ad
1868 1695 2201 1744 normam
2241 1695 2606 1745 canonum
2645 1677 2773 1761 qui
2814 1682 3228 1762 sequuntur
3258 1673 3312 1741 ².

1700 1830 1875 1896 CAN.
1927 1829 2122 1896 1105.

605 1939 1008 2009 Permissio
1049 1938 1570 2007 celebrationis
1618 1937 2077 2006 matrimonii
2131 1937 2627 2006 conscientiae
2675 1938 3074 2005 secumfert
3120 1936 3423 2022 promis·

428 2050 705 2116 sionem
740 2054 817 2116 et
856 2065 1154 2131 gravem
1189 2046 1712 2130 obligationem
1756 2046 2022 2115 secreti
2057 2045 2402 2114 servandi
2435 2064 2523 2113 ex
2557 2050 2773 2131 parte
2808 2044 3214 2114 sacerdotis
3246 2045 3424 2112 assi·

426 2157 719 2240 stentis‚
764 2156 1095 2233 testium,
1133 2155 1520 2222 Ordinarii
1558 2155 1863 2239 eiusque
1897 2172 2425 2237 successorum,
2462 2157 2541 2224 et
2572 2154 2799 2222 etiam
2834 2153 3147 2221 alterius
3178 2153 3424 2221 coniu-

425 2264 564 2350 gis,
613 2265 853 2333 altero
898 2282 1045 2332 non
1082 2262 1589 2331 consentiente
1624 2262 2145 2349 divulgationi.

1694 2419 1872 2488 CAN.
1932 2418 2127 2485 1106.

603 2528 853 2596 Huius
892 2529 1407 2612 promissionis
1446 2528 1803 2613 obligatio
1841 2546 1932 2594 ex
1971 2533 2186 2612 parte
2229 2527 2615 2595 Ordinarii
2656 2546 2803 2595 non
2853 2526 3282 2595 extenditur
3331 2526 3426 2594 ad

425 2653 678 2702 casum
722 2654 867 2720 quo
904 2637 1019 2704 vel
1059 2636 1363 2721 aliquod
1405 2636 1837 2707 scandalum
1880 2640 2017 2704 aut
2063 2637 2317 2722 gravis
2352 2654 2533 2722 erga
2572 2635 3029 2704 matrimonii
3074 2635 3422 2703 sanctita·

427 2746 575 2810 tem
632 2743 916 2810 iniuria
962 2762 1051 2811 ex
1100 2745 1367 2813 secreti
1411 2745 1883 2812 observantia
1931 2744 2341 2826 immineat,
2399 2745 2518 2812 vel
2565 2747 2912 2829 parentes
2971 2762 3118 2811 non
3165 2747 3431 2811 curent

428 2848 621 2917 filios
665 2870 754 2919 ex
792 2851 932 2917 tali
969 2851 1447 2921 matrimonio
1482 2855 1864 2938 susceptos
1902 2852 2272 2937 baptizari
2308 2857 2443 2920 aut
2479 2871 2605 2920 eos
2642 2852 3127 2937 baptizandos
3164 2856 3429 2919 curent

426 2958 644 3026 falsis
698 2961 1067 3043 expressis
1114 2960 1559 3044 nominibus,
1620 2961 1799 3046 quin
1847 2961 2149 3029 interim
2197 2961 2599 3028 ordinario
2645 2961 2851 3029 intra
2899 2961 3217 3045 triginta
3270 2959 3429 3028 dies

428 3066 773 3134 notitiam
805 3068 1040 3152 prolis
1070 3072 1456 3152 susceptae
1482 3074 1558 3136 et
1585 3068 2009 3153 baptizatae
2036 3087 2204 3137 cum
2236 3069 2524 3136 sincera
2552 3067 3007 3137 indicatione
3035 3072 3429 3152 parentum

427 3174 856 3257 praebeant,
903 3175 1020 3242 vel
1063 3175 1549 3242 christianam
1590 3175 1913 3244 filiorum
1955 3177 2462 3245 educationem
2502 3175 2886 3261 negligant
2929 3172 2982 3239 ⁸.

1710 3331 1891 3400 CAN.
1941 3331 2138 3398 1107.

603 3437 1164 3506 Matrimonium
1187 3439 1684 3508 conscientiae
1710 3459 1855 3508 non
1885 3445 2000 3510 est
2022 3441 2530 3509 adnotandum
2563 3441 2643 3508 in
2667 3446 3022 3508 consueto
3054 3442 3423 3509 matrimo-

431 3545 720 3612 niorum
759 3564 847 3613 ac
878 3547 1424 3630 baptizatorum
1461 3548 1678 3632 libro,
1716 3549 1843 3616 sed
1880 3550 1959 3616 in
1993 3549 2355 3633 peculiari
2389 3549 2583 3616 libro
2617 3550 2979 3617 servando
3023 3549 3100 3615 in
3148 3551 3430 3616 secreto

426 3651 699 3721 Curiae
731 3653 1031 3722 archivo
1062 3654 1154 3724 de
1194 3674 1340 3739 quo
1371 3656 1452 3724 in
1481 3675 1647 3725 can.
1690 3658 1822 3727 379
1848 3656 1903 3726 ⁴.

1554 3939 1569 3947 ,
1659 3886 1919 3954 CAPUT
1955 3888 2176 3954 VIII.

979 4012 1089 4079 De
1132 4016 1459 4096 tempore
1497 4018 1571 4078 et
1614 4015 1771 4080 loco
1811 3995 2330 4080 celebrationis
2370 4012 2849 4080 matrimonii.

607 4288 640 4372 ξ
688 4291 754 4355 1.
806 4288 1365 4357 Matrimonium
1407 4179 2304 4374 quolibefssifilffgbooe
2331 4289 2676 4357 contrabi
2708 4294 2953 4373 potest
2981 4287 3036 4386 ⁸.

607 4395 642 4478 ς
688 4394 755 4461 2.
808 4397 1202 4465 sollemnis
1237 4393 1534 4465 tantum
1577 4398 2010 4482 nuptiarum
2060 4397 2475 4466 benedictio
2506 4401 2807 4466 vetatur
2842 4416 2892 4466 a
2924 4398 3171 4484 prima
3203 4397 3427 4465 domi-

611 4591 633 4627 1
674 4591 732 4643 S.
766 4593 831 4644 O.
863 4593 951 4653 O..
983 4592 1137 4644 decr.
1172 4607 1202 4642 ι
1232 4591 1320 4643 Ne
1361 4596 1577 4644 temere
1616 4608 1665 4652 ι,
1700 4594 1734 4643 2
1760 4605 1896 4654 aug.
1929 4591 2078 4652 1907,
2111 4594 2227 4643 art.
2262 4590 2361 4652 Ix,
2397 4591 2424 4652 3
2454 4591 2505 4653 ὃς
2545 4591 2603 4644 8.
2635 4592 2702 4645 Ο.
2738 4592 2812 4645 de
2845 4592 3016 4652 Pron.
3052 4590 3215 4652 Fide,
3255 4592 3426 4645 lustr.

441 4680 543 4738 (ad
574 4681 699 4733 vic.
738 4682 844 4741 Ap.
887 4682 1057 4742 Sim),
1100 4682 1166 4732 23
1197 4681 1319 4733 iun.
1356 4681 1505 4734 1830.

606 4772 634 4809 ²
674 4771 1028 4823 Benedictus
1054 4771 1206 4830 xlv,
1237 4782 1328 4831 ep.
1359 4772 1579 4833 encycl.
1621 4786 1651 4820 α
1679 4770 1842 4821 Satis
1875 4770 2051 4821 Vobis
2080 4786 2128 4831 ιο,
2159 4770 2224 4821 17
2250 4783 2383 4822 nov.
2413 4771 2561 4832 1741,
2603 4771 2629 4830 3
2660 4772 2709 4829 1,
2740 4771 2790 4829 2,
2822 4771 2925 4830 8-8ς
2961 4771 3078 4821 Leo
3108 4769 3273 4825 XIII.
3310 4771 3424 4821 utt.

432 4876 462 4910 α
488 4861 542 4910 11
572 4860 962 4912 awiaamento
992 4876 1041 4920 »‚
1076 4860 1110 4912 8
1136 4860 1286 4912 febr.
1316 4860 1464 4921 1893:
1493 4859 1553 4912 8.
1583 4859 1648 4912 O.
1677 4860 1751 4911 de
1778 4861 1950 4921 Prop.
1985 4859 2151 4915 Fide.
2184 4861 2354 4912 instr.
2384 4872 2441 4911 a.
2473 4859 2619 4911 1785.

608 4951 634 4987 ³
675 4949 1029 5003 Benedictus
1061 4949 1214 5009 XIV,
1250 4961 1341 5009 ep.
1373 4950 1593 5010 encycl.
1625 4962 1655 4997 ι
1685 4949 1849 5000 Satis
1885 4948 2059 5000 Vobis
2087 4964 2137 5010 ι,
2166 4948 2232 4999 17
2259 4961 2390 5000 nov.
2425 4949 2571 5010 1741,
2606 4948 2633 5009 3
2662 4950 2713 5007 0,
2752 4949 2922 5000 11-13.

609 5043 638 5078 ⁴
674 5039 1031 5092 Benedictus
1061 5039 1211 5092 XIV.
1247 5050 1338 5099 ep.
1368 5039 1588 5099 encycl.
1619 5052 1649 5087 ι
1678 5037 1841 5089 Satis
1874 5037 2050 5089 Vobis
2077 5053 2126 5097 n,
2154 5039 2220 5090 17
2246 5050 2377 5090 nov.
2408 5039 2557 5098 1741,
2590 5037 2617 5098 3
2645 5038 2727 5097 10:
2764 5037 2821 5089 8.
2855 5037 2919 5088 C.
2953 5037 3026 5087 de
3057 5038 3228 5096 Prop.
3265 5036 3427 5096 Fide,

431 5131 603 5180 instr.
637 5140 692 5180 a.
728 5127 875 5180 1⁷85.

612 5219 639 5256 ⁸
675 5218 740 5269 O.
776 5218 826 5278 4,
856 5219 922 5277 Χ,
953 5218 1024 5267 de
1056 5218 1251 5277 teriia,
1279 5217 1363 5277 Π,
1391 5219 1441 5279 9;
1470 5216 1528 5269 8.
1566 5216 1632 5268 0.
1669 5217 1757 5277 O..
1787 5216 2089 5274 Ariorica..
2120 5228 2318 5268 mense
2344 5216 2504 5267 maio
2528 5213 2675 5277 1587:
2703 5214 3126 5272 Inter-omnen„
3157 5215 3222 5265 27
3253 5216 3427 5266 mart.

438 5309 585 5368 1591:
622 5306 1026 5367 Aur-iocatum,
1055 5307 1121 5358 11
1152 5307 1298 5359 maii
1327 5308 1476 5368 159ae
1505 5308 1571 5359 20
1598 5307 1702 5358 iul.
1736 5306 1883 5367 1619:
1913 5305 2187 5364 Bomos..
2218 5306 2251 5356 2
2279 5304 2403 5358 dec.
2435 5304 2581 5367 10443
2611 5303 2669 5357 8.
2707 5301 2778 5354 R.
2815 5303 2902 5364 0.,
2943 5302 3165 5355 uorum
3196 5301 3432 5358 Albani,

438 5398 504 5447 14
538 5408 672 5455 aug.
718 5395 866 5456 1858,
903 5396 981 5447 ad
1026 5396 1074 5459 1;
1106 5395 1439 5452 uesicam,
1474 5397 1541 5448 25
1574 5398 1721 5456 sept.
1750 5396 1911 5456 1875,
1948 5395 2026 5448 ad
2063 5396 2111 5458 13
2144 5395 2298 5447 decr.
2340 5406 2469 5456 gen.
2508 5393 2575 5446 30
2613 5394 2734 5445 iun.
2773 5393 2922 5453 1896,
2969 5405 3028 5444 n.
3061 5393 3163 5454 V13
3191 5391 3435 5444 Rituale

442 5482 628 5540 Rom..
669 5484 764 5534 tit.
797 5485 931 5545 vn,
967 5496 1018 5535 c.
1052 5486 1102 5544 1,
1139 5486 1210 5536 dc
1239 5489 1609 5538 sacramento
1640 5483 2026 5542 matrimonii,
2059 5497 2116 5535 n.
2150 5484 2232 5536 18.
