3753 5871
1180 301 1356 353 hiber
1400 302 1661 363 Quartus
1695 326 1716 338 ·
1749 302 1839 352 De
1882 302 2261 354 Processibus
3116 297 3227 357 529

1496 545 1676 611 CAN.
1737 544 1934 618 1887.

407 686 440 769 §
488 687 554 752 1.
604 684 1033 770 Appellatio
1076 684 1283 751 facta
1326 684 1420 750 ab
1457 689 1708 752 actore
1742 685 2047 768 prodest
2080 684 2305 753 etiam
2346 704 2495 769 reo,
2545 688 2623 753 et
2655 685 2982 753 vicissim
3031 682 3080 748 ².

406 794 440 876 ξ
487 792 555 861 2.
606 792 690 861 Si
736 794 1261 876 interponatur
1305 792 1400 859 ab
1447 810 1598 860 una
1656 795 1872 876 parte
1922 811 2145 877 super
2192 792 2446 877 aliquo
2491 794 2903 861 sententiae
2948 795 3219 879 capite,

234 920 408 987 pars
448 901 785 983 adversa,
840 901 982 969 etsi
1025 900 1297 968 fatalia
1336 901 1864 985 appellationis
1905 901 2191 969 fuerint
2233 904 2645 985 transacta,
2702 904 2947 985 potest
3002 919 3226 986 super

232 1009 404 1076 aliis
442 1008 815 1094 capitibus
854 1008 1270 1076 incidenter
1309 1008 1708 1093 appellare3
1755 1009 1977 1093 idque
2026 1009 2271 1077 facere
2312 1012 2559 1093 potest
2599 1009 2824 1077 etiam
2869 1010 3005 1077 sub
3055 1028 3220 1078 con·

231 1116 513 1184 ditione
554 1116 964 1199 recedendi,
1002 1116 1068 1184 si
1099 1116 1307 1200 prior
1337 1134 1515 1200 pars
1550 1116 1643 1183 ab
1685 1116 2053 1183 instantia
2089 1117 2496 1185 recesserit.

411 1223 445 1306 ξ
491 1223 559 1291 3.
613 1223 696 1291 Si
730 1224 1100 1291 sententia
1133 1224 1354 1308 plura
1395 1224 1646 1308 capita
1685 1225 2092 1307 contineat,
2132 1228 2206 1291 et
2241 1225 2629 1308 appellans
2667 1225 3024 1309 quaedam
3063 1228 3220 1293 tan-

233 1329 609 1399 tummodo
656 1330 911 1415 capita
951 1332 1359 1415 impugnet,
1412 1335 1660 1399 cetera
1701 1331 1958 1416 capita
1996 1331 2294 1399 exclusa
2337 1332 2770 1417 habeantur;
2816 1335 2880 1400 si
2936 1334 3224 1400 nullum

228 1439 749 1507 determinavit
780 1442 1032 1523 caput,
1070 1439 1478 1524 appellatio
1509 1440 2014 1524 praesumitur
2051 1440 2260 1509 facta·
2289 1444 2556 1509 contra
2587 1440 2837 1509 omnia
2865 1442 3118 1526 capita
3163 1440 3216 1507 ².

1504 1610 1681 1679 CAN.
1729 1612 1926 1678 1888.

410 1733 493 1801 Si
529 1752 721 1802 unus
762 1753 851 1802 ex
885 1735 1227 1819 pluribus
1268 1736 1545 1803 correis
1583 1743 1716 1806 aut
1753 1737 2132 1805 actoribus
2167 1739 2610 1807 sententiam
2647 1739 3056 1825 impugnet,
3096 1740 3224 1807 im-

235 1842 596 1926 pugnatio
634 1846 978 1910 censetur
1012 1842 1107 1910 ab
1139 1843 1480 1911 omnibus
1510 1843 1741 1926 facta,
1782 1845 2070 1929 quoties
2115 1865 2232 1913 res
2265 1848 2502 1930 petita
2539 1848 2638 1915 sit
2673 1847 3062 1915 individua
3093 1852 3230 1917 aut

236 1948 591 2034 obligatio
633 1950 990 2034 solidalis;
1031 1968 1390 2036 expensas
1438 1970 1614 2019 vero
1663 1952 2052 2022 iudiciales
2094 1954 2223 2022 ille
2268 1957 2563 2023 tantum
2605 1956 2973 2025 sustinere
3012 1956 3229 2026 debet

232 2058 360 2142 qui
388 2058 819 2143 appellavit,
852 2060 917 2126 si
947 2059 1167 2127 iudex
1196 2060 1723 2145 appellationis
1758 2062 2073 2146 primam
2106 2063 2549 2130 sententiam
2586 2063 3134 2133 confirmaverit
3165 2063 3217 2130 ⁸.

1503 2234 1681 2303 CAN.
1729 2236 1926 2304 1889.

412 2359 447 2440 ξ
495 2360 561 2425 1.
610 2359 1040 2444 Appellatio
1101 2360 1182 2427 in
1243 2360 1675 2443 suspensivo
1736 2362 2277 2431 exsecutionem
2338 2364 2759 2448 appellatae
2818 2368 3231 2436 sententiae

236 2466 626 2550 suspendit
665 2484 754 2534 ac
794 2473 1190 2551 propterea
1225 2468 1306 2535 in
1346 2487 1483 2536 suo
1522 2469 1780 2536 robore
1820 2473 2205 2554 permanet
2244 2471 2739 2556 principium:
2802 2491 2844 2543 «
2887 2473 3018 2543 lite
3058 2491 3227 2559 pen·

236 2576 454 2641 dente
503 2571 694 2641 niln‘l
738 2575 1138 2643 innovetur
1191 2592 1236 2644 ι)
1250 2594 1278 2657 3
1339 2576 1748 2661 appellatio
1792 2582 2041 2645 autem
2102 2579 2181 2645 in
2240 2579 2663 2648 devolutivo
2708 2583 3029 2666 tantum,
3083 2602 3231 2651 non
3314 2658 3317 2665 .

236 2679 624 2824 suspenth
658 2681 1196 2752 exsecutionem
1226 2684 1661 2766 sententiae,
1701 2684 1878 2753 licet
1907 2685 2002 2753 lis
2030 2686 2270 2754 adhuc
2306 2687 2625 2770 pendeat
2652 2687 2853 2755 circa
2883 2690 3229 2758 meritum

231 2803 501 2854 causae
578 2840 595 2858 .

417 2894 450 2977 ξ
496 2893 564 2961 2.
615 2896 875 2964 Οιιιιιίει
917 2897 1325 2982 appellatio
1359 2903 1472 2968 est
1509 2898 1588 2966 in
1634 2899 2091 2984 suspensivo,
2131 2899 2277 2968 nisi
2314 2900 2520 2969 aliud
2567 2901 2647 2969 in
2683 2903 2845 2970 iure
2890 2921 3230 2989 expresse

231 3007 611 3086 caveatur,
650 3004 863 3072 firmo
896 3006 1361 3091 praescripto
1393 3024 1558 3075 can.
1602 3007 1797 3090 1917,
1844 3008 1879 3090 ξ
1917 3007 1962 3074 2
2009 3005 2060 3071 ⁸.

1502 3180 1678 3249 CAN.
1728 3180 1924 3248 1890.

409 3303 866 3387 Interposita
907 3304 1407 3389 appellatione
1460 3305 1794 3374 tribunal
1834 3325 1883 3372 a
1923 3323 2069 3390 quo
2113 3306 2329 3374 debet
2373 3307 2468 3374 ad
2514 3307 2829 3375 iudicem
2873 3309 2969 3372 ad
3011 3322 3225 3392 quem

231 3414 568 3478 actorum
592 3428 861 3479 causae
888 3412 1397 3481 authenticum
1432 3414 1807 3498 exemplar
1840 3413 1957 3481 vel
1992 3413 2308 3498 ipsamet
2334 3414 2734 3499 originalia
2759 3418 2932 3484 acta
2958 3433 3229 3483 causae

232 3518 745 3586 transmittere
772 3519 868 3587 ad
898 3538 1230 3587 norma-m
1261 3539 1425 3587 can.
1461 3521 1656 3588 1644.

232 3743 672 3802 manicationis,
699 3741 1101 3803 suspensionis
1135 3745 1194 3793 et
1216 3741 1542 3800 interdicti,
1568 3744 1639 3804 V,
1665 3744 1749 3804 11,
1779 3743 1840 3793 in
1866 3744 1993 3804 V1⁰;
2018 3743 2158 3804 Reg.
2189 3742 2272 3803 25,
2301 3743 2372 3793 B.
2406 3744 2443 3795 J
2450 3779 2485 3804 .,
2517 3745 2577 3795 in
2612 3744 2738 3806 V103
2765 3755 2815 3795 c.
2848 3744 2898 3806 2,
2930 3747 3000 3796 de
3029 3745 3224 3805 appel·

234 3834 579 3892 lotionibus,
612 3834 695 3895 11,
725 3834 807 3895 12,
839 3835 900 3885 in
924 3833 1126 3895 Olem.;
1154 3832 1212 3885 S.
1245 3833 1311 3885 O.
1345 3833 1452 3893 Dp.
1486 3836 1548 3886 et
1572 3833 1736 3894 Reg„
1766 3833 1937 3885 instr.
1966 3835 2031 3885 11
2055 3833 2178 3885 lun.
2200 3831 2354 3895 1880,
2381 3846 2439 3885 n.
2473 3835 2554 3896 413
2582 3833 2640 3888 S.
2674 3834 2739 3887 Ο.
2770 3834 2858 3896 0.,
2888 3834 3223 3896 Hieracen„

234 3926 302 3976 24
326 3926 450 3986 iul„
485 3926 551 3976 14
576 3937 709 3987 aug.
737 3924 885 3986 1824;
911 3923 970 3976 S.
1003 3923 1069 3975 O.
1098 3923 1170 3976 de
1196 3924 1367 3984 Prop.
1398 3923 1561 3983 Fide,
1591 3924 1762 3976 instr.
1793 3936 1849 3974 a.
1879 3922 2027 3983 1883,
2064 3936 2121 3974 n.
2154 3922 2301 3985 XL1;
2327 3924 2589 3986 Regulae
2618 3924 2949 3977 servandae
2977 3925 3040 3977 ln
3075 3925 3224 3977 iudi-

232 4017 347 4068 cns
383 4016 542 4076 apud
579 4013 636 4067 S.
671 4015 742 4066 R.
776 4014 966 4067 Rotae
996 4014 1302 4073 Tribunal,
1342 4015 1375 4064 4
1404 4025 1537 4074 aug.
1572 4014 1720 4074 1910,
1756 4014 1783 4075 fl
1815 4013 1931 4074 236,
1963 4027 2022 4065 ιι.
2055 4014 2105 4065 2.

417 4108 440 4142 1
477 4106 541 4159 Ο.
587 4107 669 4167 26,
702 4107 784 4166 44,
815 4106 899 4166 57,
930 4105 997 4165 Χ,
1033 4106 1104 4155 de
1138 4103 1652 4164 appellationibus,
1688 4102 2159 4153 recusationibus
2193 4107 2253 4154 et
2286 4102 2694 4165 relationibus,
2732 4105 2815 4165 11,
2851 4104 2933 4167 283
2965 4104 3228 4167 Regulae

237 4197 565 4249 servandae
595 4197 657 4248 ln
684 4196 924 4248 iudiciis
959 4196 1117 4257 apud
1152 4194 1210 4248 S.
1242 4196 1313 4246 R.
1348 4195 1536 4248 Rotae
1569 4195 1874 4254 Tribunal,
1915 4196 1948 4246 4
1978 4206 2110 4255 aug.
2142 4194 2291 4255 1910,
2326 4194 2353 4256 ς
2383 4194 2499 4254 233,
2532 4207 2589 4246 ιι.
2622 4197 2673 4247 1.

407 4294 431 4327 ²
480 4288 543 4340 O.
577 4287 659 4348 24,
690 4287 756 4348 X,
792 4290 865 4338 de
897 4283 1410 4346 appellationibus,
1442 4284 1915 4336 ’recusationibus
1947 4289 2006 4336 et
2040 4283 2447 4345 relationibus,
2492 4285 2575 4347 11,
2609 4286 2691 4338 28.

409 4384 435 4419 ³
479 4379 543 4430 Ο.
576 4379 658 4438 41,
688 4377 753 4430 O.
788 4377 871 4437 11,
900 4390 956 4439 q.
986 4376 1036 4439 6;
1062 4388 1113 4428 c.
1145 4376 1227 4437 72,
1260 4377 1325 4435 Χ,
1363 4379 1433 4426 de
1461 4375 1976 4436 appellationibus,
2005 4374 2475 4427 recusationibus
2511 4379 2570 4428 et
2597 4375 3005 4437 relationibus,
3036 4376 3117 4429 11.
3148 4377 3229 4440 28;

237 4470 500 4530 Regulae
528 4468 854 4520 servandae
881 4468 944 4519 ln
974 4467 1213 4519 iudiciis
1247 4467 1406 4528 apud
1438 4465 1494 4517 S.
1529 4466 1599 4516 R.
1633 4466 1822 4518 Rotae
1851 4466 2157 4526 Tribunal‚
2188 4469 2222 4516 4
2249 4478 2383 4527 aug.
2416 4467 2565 4527 1910,
2609 4466 2636 4528 ς
2668 4466 2784 4529 233,
2814 4479 2875 4519 ιι.
2916 4467 2964 4517 2.

405 4564 433 4601 ⁴
471 4560 535 4611 Ο.
569 4560 651 4619 12,
685 4558 749 4611 Ο.
785 4559 868 4618 11,
902 4570 956 4619 q.
989 4559 1045 4619 15
1071 4568 1122 4609 c.
1154 4558 1204 4617 2,
1235 4558 1318 4618 31,
1353 4557 1417 4608 C.
1455 4557 1535 4617 11,
1578 4569 1633 4618 q.
1665 4556 1715 4619 65
1744 4568 1794 4607 c.
1827 4556 1911 4616 19,
1943 4557 2009 4615 Χ,
2047 4557 2117 4606 de
2149 4554 2407 4615 iudiciis,
2443 4555 2526 4616 11,
2558 4557 2607 4618 1;
2639 4567 2689 4607 c.
2720 4558 2804 4624 10,
2835 4558 2902 4617 Χ,
2949 4560 3020 4609 de
3054 4557 3224 4608 resti·

237 4651 464 4701 tutione
501 4648 908 4709 spoliatorum,
959 4649 1042 4708 11,
1083 4648 1165 4709 13;
1202 4659 1251 4698 c.
1295 4647 1378 4707 19,
1411 4648 1477 4708 Χ,
1520 4647 1590 4697 de
1639 4646 2042 4704 iureiurando,
2083 4646 2165 4706 11,
2206 4646 2287 4707 24;
2323 4658 2373 4698 c.
2417 4647 2500 4707 10,
2531 4647 2597 4707 Χ,
2641 4648 2712 4698 de
2762 4646 3221 4707 eaceptionibus,

235 4742 320 4802 11,
357 4741 437 4802 252
472 4752 523 4793 c.
554 4742 605 4799 1,
638 4740 720 4800 16,
750 4741 834 4800 34,
865 4740 948 4801 37,
981 4739 1063 4798 40,
1095 4739 1178 4799 49,
1208 4738 1291 4797 52,
1322 4738 1405 4797 55,
1441 4739 1508 4799 Χ,
1547 4739 1617 4788 de
1652 4736 2167 4798 appellationibus,
2214 4737 2685 4788 recusationibus
2719 4741 2779 4788 et
2815 4736 3223 4796 relationibus,

234 4832 321 4893 11,
358 4832 440 4894 2&
474 4843 526 4883 c.
559 4832 642 4892 12,
673 4832 741 4892 X,
782 4832 853 4882 de
899 4827 1394 4888 accusationibus,
1435 4827 1918 4887 inquisitionibus
1959 4831 2018 4878 et
2059 4825 2629 4888 denunciationibus,
2671 4828 2741 4889 V,
2791 4830 2840 4890 1;
2876 4840 2926 4879 c.
2958 4829 3010 4889 3,
3040 4829 3107 4889 X,
3152 4830 3223 4879 de

232 4923 372 4972 novi
398 4921 591 4982 operis
624 4921 1021 4979 nunciatione,
1049 4921 1119 4981 V,
1147 4919 1229 4985 323
1258 4931 1308 4971 c.
1338 4920 1389 4979 4,
1420 4920 1470 4979 6,
1502 4918 1552 4978 7,
1586 4921 1656 4969 de
1683 4917 2200 4978 appellationibus,
2239 4918 2322 4978 11,
2354 4918 2436 4978 15,
2470 4918 2532 4968 1ιι
2562 4918 2690 4979 V1⁰;
2718 4919 2891 4970 Cone.
2932 4918 3220 4978 Trident„

230 5025 376 5065 sess.
415 5012 595 5072 XXII,
634 5014 705 5063 de
737 5011 874 5071 ret„
917 5022 966 5062 c.
999 5010 1049 5071 ⁷:
1085 5008 1144 5062 S.
1177 5009 1241 5062 Ο.
1276 5010 1383 5070 Dp.
1422 5019 1485 5062 et
1520 5009 1683 5070 Reg„
1722 5009 1879 5060 decr.
1926 5008 1993 5060 16
2024 5011 2138 5061 oct.
2178 5008 2326 5069 1600,
2364 5020 2423 5059 ιι.
2455 5008 2506 5068 5,
2538 5008 2588 5071 6;
2629 5008 2686 5062 S.
2721 5008 2786 5061 Ο.
2819 5009 2907 5070 0.,
2945 5008 3219 5067 Piscien„

232 5104 300 5153 24
328 5105 526 5163 mart„
568 5102 633 5153 21
665 5103 768 5154 iul.
802 5102 951 5161 1753,
988 5101 1067 5152 ad
1097 5099 1203 5153 5-8.

402 5198 428 5233 ⁸
476 5194 538 5246 O.
568 5194 649 5254 28,
681 5194 748 5252 Χ,
776 5196 847 5245 cle
877 5191 1064 5251 officio
1087 5196 1146 5243 et
1169 5194 1462 5253 potestate
1487 5190 1700 5243 iudicis
1726 5191 2001 5251 delavati,
2029 5190 2079 5250 Ι,
2112 5189 2193 5251 29,
2216 5201 2264 5241 c.
2294 5190 2377 5250 19,
2409 5191 2475 5250 Χ,
2505 5192 2575 5241 de
2603 5191 3005 5249 iureiurando,
3035 5190 3117 5251 11,
3144 5190 3225 5252 24;

231 5297 284 5337 c.
320 5285 403 5346 55,
433 5285 499 5343 Χ,
530 5287 600 5334 de
627 5281 1143 5344 appellationibus,
1175 5279 1646 5332 recusationibus
1675 5285 1734 5332 et
1763 5278 2172 5340 relationibus,
2204 5280 2287 5340 ΙΙ,
2326 5279 2408 5341 28;
2440 5279 2499 5332 S.
2531 5280 2596 5331 C.
2631 5280 2736 5341 1321).
2768 5283 2831 5332 et
2860 5280 3023 5342 neg„
3063 5279 3219 5332 decr.

230 5375 300 5426 16
327 5377 441 5427 oct.
478 5374 627 5433 1600,
670 5386 726 5424 ιι.
759 5373 809 5434 8;
840 5373 1101 5434 Regulae
1133 5372 1460 5425 servandae
1492 5372 1554 5423 ln
1588 5370 1826 5423 iudiciis
1857 5370 2018 5432 apud
2062 5369 2120 5423 S.
2156 5368 2227 5420 Β.
2267 5370 2456 5423 Rotae
2487 5370 2794 5432 Tribunal,
2834 5372 2867 5422 4
2900 5383 3034 5432 aug.
3071 5371 3218 5429 1910,

230 5466 259 5525 ς
291 5464 404 5514 227.
424 5463 656 5515 —Vide
691 5464 873 5515 etiam
903 5474 1032 5514 can.
1065 5462 1212 5523 2243,
1252 5462 1279 5524 ς
1310 5465 1361 5514 1.

353 5608 547 5657 Codes
581 5604 615 5656 l
618 5606 742 5658 uris
778 5604 1076 5656 canonici.
3035 5603 3091 5647 34
