3753 5871
581 318 691 378 5oe
1717 316 1915 369 σωκ
1959 314 2121 368 lae-u
2160 314 2442 367 oemio!

765 504 800 588 5
846 504 913 572 2.
962 503 1150 574 Cum
1191 504 1546 590 antiquus
1580 507 1827 573 exstat
1859 520 2247 589 processus
2281 520 2505 587 super
2535 502 2738 570 fama
2773 501 3208 570 sanctitatis
3243 502 3371 570 vel
3407 519 3584 569 mar-
3642 488 3645 491 ’

589 612 771 700 tyrii
801 617 978 682 ante
1005 630 1243 682 annos
1280 611 1594 698 triginta
1623 613 2034 694 contectus,
2068 611 2195 679 sed
2233 627 2486 693 causa,
2529 614 2926 696 antequam
2958 628 3009 678 a
3040 608 3237 678 Sede
3268 610 3587 695 Aposw

588 720 736 790 lica
772 720 1141 790 obtineret
1173 720 1580 806 legitimam
1619 719 2269 803 introductionem,
2311 718 2641 804 qualibet
2679 718 2772 787 de
2814 735 3041 786 causa
3079 717 3330 786 fuerit
3366 718 3590 786 inter·
3636 778 3645 789 .

590 829 839 911 missa,
891 828 989 896 ad
1045 828 1334 897 eosdem
1394 827 1834 896 ordinarios
1879 845 2219 895 eorumve
2267 844 2722 894 successores
2781 826 3107 910 pertinet
3153 842 3592 909 processum

590 935 1150 1003 informativum
1227 933 1586 1004 conficere
1661 953 1886 1020 super
1969 933 2529 1003 continuatione
2616 934 2860 1001 famae
2952 932 3403 1000 sanctitatis
3488 934 3597 999 vel

590 1042 958 1128 martyrii.

1867 1163 2046 1231 cm.
2092 1163 2289 1231 204⁰.

769 1304 804 1388 5
851 1306 918 1372 1.
969 1305 1329 1373 Tribunal
1374 1309 1718 1373 constare
1764 1305 1983 1374 debet
2026 1304 2386 1389 praeside,
2442 1304 2567 1389 qui
2618 1308 2731 1372 est
2777 1304 3088 1388 ipsemet
3135 1302 3598 1369 ordinarius

592 1430 725 1497 per
758 1431 838 1480 se
862 1412 978 1481 vel
1005 1430 1139 1497 per
1173 1411 1624 1481 sacerdotem
1653 1412 1747 1481 ad
1778 1413 1916 1481 hoc
1951 1413 2393 1497 delegatum,
2432 1411 2618 1481 etin
2647 1413 2784 1480 hoc
2813 1411 3052 1479 altero
3081 1429 3269 1478 casu
3299 1409 3593 1478 duobu-

590 1519 765 1587 aliis
797 1519 1168 1589 iudicibus
1201 1521 1295 1589 ab
1328 1521 1579 1590 eodem
1613 1520 2014 1590 ordinario
2050 1521 2407 1605 eligendis
2442 1521 2641 1588 inter
2673 1518 2955 1588 iudices
2989 1520 3403 1606 synodales
3443 1517 3497 1584 ².

773 1626 809 1711 5
855 1627 922 1695 2.
971 1628 1419 1697 ordinarius
1450 1647 1582 1713 per
1603 1627 1978 1697 decretum
2003 1629 2339 1712 designet
2370 1628 2773 1696 tribunalis
2795 1627 3238 1713 praesidem,
3272 1628 3443 1696 sive
3475 1629 3595 1696 boe

593 1751 863 1802 munus
903 1735 1045 1803 sibi
1079 1740 1425 1816 reservet,
1461 1735 1614 1804 sive
1645 1735 2064 1820 delegatum
2099 1755 2266 1804 cum
2298 1735 2586 1804 duobus
2618 1736 2791 1803 aliis
2826 1735 3199 1804 iudicibus
3239 1737 3593 1817 nominet:

593 1842 987 1929 eodemque
1015 1842 1312 1911 decreto
1341 1844 1672 1913 nominet
1698 1844 1871 1912 fidei
1902 1848 2391 1929 promotorem
2422 1847 2499 1912 et
2540 1843 2910 1912 notarium
2941 1841 2995 1906 ².

1865 2039 2043 2107 CAN.
2096 2038 2291 2105 2⁰41.

774 2180 809 2264 5
855 2182 922 2247 1.
974 2178 1353 2250 sessiones
1398 2180 1799 2250 tribunalis
1836 2180 1974 2267 pro
2009 2180 2439 2266 excipiendo
2477 2179 2960 2247 iureiurando
2998 2183 3076 2248 et
3110 2180 3473 2248 examine
3507 2190 3591 2246 te

598 2288 825 2358 stium
857 2289 1271 2357 habeantur
1301 2289 1597 2371 diurno,
1640 2288 1881 2374 quoad
1911 2287 2073 2357 fieri
2111 2292 2380 2373 potest,
2413 2292 2743 2372 tempore
2772 2293 2849 2355 et
2885 2288 2962 2354 in
2996 2287 3159 2355 loco
3188 2305 3448 2355 sacro.

772 2395 808 2480 5
855 2395 921 2463 2.
971 2395 1155 2465 Post
1192 2414 1782 2482 unamquamque
1819 2396 2212 2465 sessionem
2252 2401 2423 2463 acta
2457 2414 2726 2463 causae
2771 2394 3024 2463 claudi
3063 2399 3142 2462 et
3180 2395 3475 2463 iudicis
3513 2397 3593 2461 si·

597 2502 781 2590 gillo
805 2503 1183 2589 obsignari
1209 2503 1501 2584 debent,
1536 2521 1683 2571 non
1712 2503 2136 2587 aperienda,
2168 2504 2314 2571 nisi
2340 2504 2421 2570 in
2448 2504 2783 2588 sequenti
2814 2502 3161 2577 sessione,
3194 2506 3595 2588 postquam

598 2609 820 2679 iudex
846 2611 1174 2697 sigillum
1202 2610 1572 2696 integrum
1606 2616 1683 2681 et
1708 2612 2073 2680 intactum
2103 2610 2626 2695 recognoverit3
2656 2610 2721 2678 si
2753 2610 3078 2695 sigillum
3108 2610 3504 2695 integrum
3532 2620 3602 2678 et

592 2722 959 2789 intactum
986 2738 1132 2787 non
1158 2719 1606 2799 inveniatur,
1635 2719 1855 2788 iudex
1883 2740 2032 2789 rem
2063 2720 2350 2789 deterat
2380 2720 2473 2787 ad
2505 2719 2808 2787 Sacram
2835 2719 3518 2805 congregationem
3544 2718 3594 2788 ⁸.

1132 2982 1295 3047 Aur.
1343 2982 1394 3046 1.
1445 3016 1518 3029 -
1565 2985 1662 3047 Dc
1690 2985 2178 3065 perquisitione
2215 2985 2627 3065 scriptorum
2670 2983 2867 3048 Servo·
2908 2985 3050 3047 Dei.

1868 3152 2048 3221 ΟΔΝ.
2095 3152 2291 3220 m42.

780 3291 1092 3361 Nomine
1127 3293 1570 3379 scriptorum
1611 3296 1924 3363 veniunt
1968 3313 2113 3363 non
2150 3295 2369 3365 modo
2402 3313 2625 3380 opera
2672 3295 2955 3363 inedita
2997 3295 3207 3363 Servi
3261 3296 3443 3371 Dei.
3483 3297 3599 3364 sed

601 3398 827 3467 etiam
860 3417 1047 3485 quae
1085 3400 1233 3470 iam
1267 3402 1470 3488 typis
1497 3402 1783 3472 fuerint
1817 3403 2197 3488 impressa;
2232 3404 2410 3472 item
2439 3404 2855 3486 conciones,
2890 3403 3279 3488 epistolae,
3324 3405 3595 3477 diaria.

603 3506 1285 3682 autobiogimpbiae,
1331 3509 1688 3595 quidquid
1752 3510 2067 3595 denique
2125 3511 2243 3579 vel
2303 3510 2463 3596 ipse
2524 3528 2658 3596 per
2706 3529 2807 3592 se,
2861 3511 2978 3580 vel
3046 3510 3298 3578 aliena
3376 3530 3593 3580 manu

604 3630 916 3682 exarave
986 3619 1044 3684 t.

1872 3743 2052 3811 CAN.
2101 3742 2297 3811 2043.

785 3878 820 3962 5
866 3880 933 3945 1.
983 3879 1429 3950 ordinarius
1474 3900 1607 3967 per
1644 3882 2021 3966 publicum
2058 3872 2379 3952 edictum
2417 3885 2496 3950 in
2545 3883 2861 3968 singulis
2899 3882 3293 3967 paroeciis,
3334 3885 3410 3951 si
3451 3884 3595 3952 aeri

604 3990 875 4072 potest,
904 3988 1358 4071 vulgandum
1389 3990 1504 4057 vel
1527 3990 1679 4059 alio
1704 3992 2235 4074 opportuniore
2266 3990 2482 4060 modo
2510 3991 2797 4075 scripta
2827 3990 3040 4059 Servi
3070 3990 3211 4059 Dei
3240 3991 3340 4057 ab
3377 3993 3591 4058 omni·

605 4093 744 4159 bus
801 4110 1024 4177 penes
1094 4112 1276 4179 quos
1345 4100 1637 4165 exstent
1716 4097 1813 4167 ad
1882 4098 2216 4167 tribunal
2281 4097 2560 4167 deferri
2639 4099 2916 4180 iubeat,
2988 4101 3067 4166 et
3132 4101 3592 4184 praescripta

604 4216 769 4267 can.
805 4199 1182 4269 2023·2025
1211 4204 1292 4270 in
1334 4205 1760 4273 memoriam
1796 4209 2085 4274 revocet
2120 4210 2343 4291 atque
2379 4210 2666 4290 urgeat.

787 4306 821 4389 5
867 4305 935 4373 2.
987 4307 1069 4376 Si
1103 4327 1278 4378 vero
1314 4317 1583 4395 agatur
1627 4312 1720 4380 de
1763 4331 1990 4381 causa
2032 4313 2240 4382 Servi
2277 4315 2418 4382 Dei
2463 4313 2560 4382 ad
2599 4312 3025 4398 religionem
3068 4313 3407 4397 aliquam
3450 4334 3591 4399 per

610 4414 948 4498 tinentia,
987 4417 1279 4502 vulgari
1320 4425 1702 4503 praeterea
1740 4422 1956 4490 debet
1994 4422 2315 4490 edictum
2363 4423 2441 4489 in
2485 4422 2802 4508 singulis
2849 4420 3174 4490 eiusdem
3217 4421 3597 4508 religionis

608 4521 969 4607 domibus3
1000 4528 1075 4593 et
1106 4526 1542 4611 Superiores
1578 4529 1790 4614 gravi
1818 4529 2268 4616 obligatione
2298 4533 2648 4599 tenentur
2676 4529 2993 4598 curandi
3033 4532 3121 4598 ut
3150 4529 3335 4597 haec
3366 4530 3595 4615 publi·

608 4629 811 4699 catio
854 4630 1013 4713 flat,
1055 4632 1312 4703 habita·
1356 4654 1703 4720 expressa
1740 4638 2111 4706 mentione
2147 4637 2592 4723 praescripti
2630 4657 2796 4707 can.
2837 4637 3037 4719 2025,
3082 4637 3118 4719 5
3156 4636 3226 4718 2,
3279 4637 3599 4724 itemque

612 4743 699 4806 ut
733 4755 984 4807 omnes
1019 4740 1299 4809 subditi
1338 4742 1466 4827 qui
1502 4744 1845 4826 babeant,
1887 4745 2170 4829 scripta
2211 4745 2619 4813 remittant.

782 4845 817 4926 5
863 4846 930 4914 3.
981 4847 1256 4915 Munus
1286 4855 1399 4918 est
1433 4852 1880 4935 promotoris
1917 4852 2088 4921 fidei
2120 4854 2403 4921 instare
2434 4859 2522 4921 ut
2557 4853 2878 4922 edictum
2921 4851 3349 4937 publicetur
3377 4854 3600 4922 etiam

613 4951 690 5019 in
724 4953 896 5020 aliis
935 4954 1278 5130 1ἶοὶἰὲῗί
1310 4976 1477 5043 spes
1516 4960 1616 5028 sit
1646 4961 1808 5030 sore
1840 4966 1927 5030 ut
1959 4961 2231 5047 aliquis
2264 4961 2690 5030 inveniatur
2732 4960 2860 5047 qui
2894 4961 3255 5045 scriptum
3302 4960 3598 5047 aliquod

614 5077 836 5143 penes
871 5080 947 5129 se
1031 5081 1076 5128 a
1254 5112 1272 5130 .

801 5287 821 5324 ¹
862 5286 922 5339 S.
954 5287 1023 5338 B.
1056 5288 1144 5349 O..
1183 5288 1299 5342 litt.
1333 5292 1553 5353 encycl.
1599 5290 1666 5343 12
1697 5295 1873 5344 mart.
1910 5293 2057 5345 1631.

788 5384 815 5420 ²
849 5378 994 5430 Pius
1023 5378 1088 5437 X,
1126 5383 1287 5432 motu
1322 5390 1515 5442 propr.
1559 5396 1590 5432 ι
1622 5381 1791 5432 Inter
1829 5382 2184 5442 multiplices
2217 5397 2267 5444 r,
2300 5382 2365 5435 21
2406 5384 2557 5436 febr.
2592 5384 2741 5446 19115.
2774 5397 2834 5436 n.
2869 5384 2953 5446 z,
2984 5384 3068 5444 m,
3099 5384 3186 5446 40.
3214 5385 3304 5440 71.

793 5466 1325 5527 ⁸S.B.O..decr.
1361 5471 1892 5534 lboctlmfil,
1933 5475 2097 5526 n.8⁰.
