3753 5871
1224 320 1401 372 Liber
1445 321 1706 382 Quartus
1743 346 1762 358 ·
1797 322 1887 373 De
1923 322 2302 373 Proventu·
3154 322 3265 380 569

445 509 480 592 ᾗ
526 509 595 577 2.
646 510 955 579 Servum
1011 511 1175 593 Dei,
1228 511 1444 578 cuius
1490 529 1722 579 causa
1767 511 2205 581 introducta
2265 515 2561 591 tantum
2613 517 2751 596 est,
2808 514 3252 579 venerabilis

265 616 492 685 titulo
520 617 857 687 decorari
886 617 1342 703 prohibitum
1366 625 1501 703 est3
1530 624 1606 688 et
1628 623 1941 688 caveant
1974 618 2473 704 postulatores
2502 639 2592 687 ne
2620 620 3000 692 occasione
3025 621 3252 689 intro·

262 724 638 792 ductionis
682 742 950 794 causae
997 726 1396 810 quidquam
1454 725 1589 793 fiat
1633 727 1711 794 in
1759 728 2105 794 honorem
2159 727 2368 796 Servi
2420 728 2584 811 Dei,
2636 728 2829 812 quod
2879 727 3256 812 publicum

255 834 541 902 cultum
571 834 900 903 redoleat
928 833 978 901 ¹.
3065 856 3068 860 ·

700 1046 870 1111 An‘r.
918 1047 1036 1110 111.
1083 1080 1154 1094 -
1202 1048 1299 1109 De
1338 1046 1757 1110 discussione
1792 1065 2150 1126 processus
2187 1066 2393 1127 super
2430 1067 2572 1110 non
2613 1050 2819 1110 cultu.

1537 1215 1715 1282 CAN.
1766 1215 1964 1283 2085.

444 1356 758 1443 Signata
790 1355 1302 1423 commissione
1329 1356 1908 1424 introductionis
1943 1374 2238 1437 causae,
2272 1375 2320 1423 a
2350 1356 2705 1425 Patribus
2735 1357 3264 1425 Cardinalibus

262 1464 345 1530 in
377 1464 700 1532 comitiis
735 1463 1137 1531 ordinariis
1174 1464 1757 1547 particularibus
1793 1464 2340 1531 discutiendum
2382 1470 2496 1532 est
2531 1464 2838 1532 dubium
2879 1481 3055 1531 num
3089 1481 3254 1532 con·

265 1569 629 1639 firmanda
668 1572 771 1639 sit
817 1571 1185 1640 sententia
1233 1571 1326 1639 de
1374 1589 1520 1638 non
1567 1572 1777 1639 cultu
1820 1572 1915 1639 ab
1957 1572 2362 1639 Ordinario
2398 1572 2716 1655 prolata.
2764 1572 2847 1639 Si
2887 1573 3261 1640 sententia

265 1679 575 1746 Patrum
621 1678 1136 1746 Oardinalium
1180 1679 1465 1747 cultum
1511 1672 1971 1763 praestitum
1998 1678 2233 1747 fuisse
2288 1679 2628 1761 edixerit,
2676 1677 3070 1747 eorundem
3119 1678 3254 1745 Par·

266 1789 466 1853 trum
535 1785 876 1867 arbitrio,
950 1785 1289 1853 omnibus
1358 1786 1947 1854 circumstantiis
2020 1787 2358 1865 attentis,
2442 1804 2670 1853 causa
2757 1785 3259 1870 suspendatur

265 1909 642 1979 quousque
679 1893 926 1959 omnia
964 1893 1178 1978 signa
1206 1894 1421 1961 vetiti
1450 1894 1701 1961 cultus
1733 1898 2014 1962 remota
2045 1894 2354 1977 fuerint,
2391 1898 2468 1962 et
2498 1894 2676 1984 haec
2713 1892 3128 1961 obedientia
3162 1894 3258 1961 ad

261 2002 546 2067 certum
587 2004 903 2084 tempus,
945 2001 1040 2068 ab
1073 2000 1258 2085 ipsis
1291 2000 1646 2069 Patribus
1678 2001 2182 2084 statuendum,
2217 2002 2451 2069 fuerit
2484 2001 2871 2085 praestita.

1527 2195 1734 2287 om.-
1766 2194 1964 2261 2086.

444 2334 478 2417 ξ
525 2337 592 2402 1.
644 2336 728 2404 Si
784 2335 1231 2403 ordinarius
1278 2353 1698 2421 processum
1750 2353 1974 2419 super
2021 2353 2167 2402 non
2223 2330 2435 2402 cultu
2485 2336 2810 2402 nondum
2856 2334 3261 2402 contecerit

262 2446 439 2511 ante
479 2460 750 2511 causae.
779 2442 1431 2527 introductionem,
1469 2443 1564 2511 ad
1602 2443 1913 2511 eundem
1951 2460 2370 2527 processum
2417 2442 2948 2509 deveniendum
2985 2446 3100 2510 est
3133 2460 3257 2508 au·

260 2547 614 2619 ctoritate
649 2549 1084 2635 apostolica.

441 2656 476 2740 ἦ
521 2657 590 2724 2.
637 2658 757 2725 Ad
809 2658 1005 2726 hunc
1049 2656 1266 2727 finem
1308 2657 1480 2727 fidei
1523 2658 1916 2726 Promotor
1965 2658 2334 2743 generalis
2376 2658 2958 2742 interrogatoria
3007 2662 3261 2726 exaret

265 2782 453 2849 quae
496 2783 647 2832 una
695 2784 863 2833 cum
909 2765 1186 2834 litteris
1230 2765 1875 2849 remissorialibus,
1922 2766 2015 2834 de
2069 2766 2336 2851 quibus
2387 2766 2467 2833 in
2510 2784 2676 2833 can.
2722 2766 2897 2833 2087
2940 2784 3168 2850 seqq„
3214 2784 3263 2832 a

266 2870 498 2941 Sacra
545 2872 1134 2958 Oongregatione
1172 2872 1670 2958 expediuntur
1706 2875 1803 2942 ad
1842 2874 2125 2943 iudices
2164 2875 2259 2943 ab
2298 2874 2465 2960 ipsa
2501 2872 2951 2959 designatos.

442 2978 477 3062 ξ
522 2979 590 3047 3.
639 2979 958 3060 Quando
980 2981 1233 3065 agitur
1259 2981 1352 3049 de
1377 2982 1856 3068 martyribus,
1890 2983 1969 3049 in
2007 3000 2318 3067 quorum
2345 3000 2576 3050 causa
2602 2981 3051 3050 ordinarius
3085 2981 3259 3049 omi·

263 3088 448 3156 serit
486 3106 907 3172 processum
949 3107 1173 3174 super
1213 3108 1360 3156 non
1395 3089 1608 3157 cultu
1658 3090 2031 3158 instruere
2073 3095 2249 3158 ante
2287 3108 2556 3158 causae
2606 3089 3259 3168 introductionem,

263 3193 543 3263 litteris
606 3196 1227 3264 remissorialibus
1276 3197 1373 3264 ad
1420 3196 1955 3266 conficiendum
2021 3215 2443 3281 processum
2496 3216 2719 3282 super
2768 3196 3133 3283 martyrio
3185 3203 3263 3264 et

259 3319 489 3370 causa
521 3304 866 3390 martyrii
907 3304 1231 3372 addatur
1263 3305 1682 3373 commissio
1717 3307 1813 3373 ad
1853 3305 2311 3391 colligendas
2343 3304 2819 3389 probationes
2855 3323 3079 3389 super
3116 3322 3261 3370 non

260 3410 474 3479 cultu
519 3430 671 3480 una
711 3422 876 3480 cum
934 3414 1434 3498 peculiaribus
1488 3414 2088 3498 interrogatoriis
2135 3432 2183 3480 a
2226 3412 2399 3481 fidei
2445 3411 2879 3480 Promotore
2933 3412 3260 3497 generali

262 3516 690 3602 propositis.
717 3575 732 3591 .

1518 3735 1777 3803 Garm-
1827 3735 1978 3802 111.

1195 3875 1305 3943 De
1348 3876 1816 3962 processibus
1854 3875 2308 3961 apostolicis.

885 4091 1053 4154 Am.
1103 4090 1154 4153 Ι.
1201 4124 1280 4136 -
1323 4091 1421 4152 De
1453 4109 1777 4170 process-u
1818 4089 2182 4170 apostolico
2222 4089 2643 4152 mirando.

1546 4256 1724 4323 om.
1773 4255 1970 4322 2087.

444 4398 479 4482 ἦ
525 4399 592 4467 1.
642 4397 870 4468 Edito
902 4399 1197 4467 decreto
1238 4398 1330 4466 de
1366 4417 1514 4465 non
1549 4398 1786 4480 cultu,
1834 4398 2329 4481 impetrentur
2363 4413 2402 4462 a
2448 4396 2752 4463 Summo
2789 4390 3148 4460 Pontiflce
3192 4395 3269 4457 et

269 4505 760 4592 expediantur
786 4526 832 4575 a
858 4505 1247 4574 cardinali
1278 4504 1668 4574 Praefecto
1696 4505 1995 4573 litterae
2027 4503 2582 4583 remissoriales‚
2626 4519 2809 4586 quas
2836 4502 3129 4580 voca-nt,
3170 4497 3267 4564 ad

269 4613 787 4684 instruendum
828 4631 1251 4699 processum
1291 4613 1779 4698 apostolicum
1820 4618 1981 4680 tum
2033 4630 2255 4696 super
2297 4611 2499 4678 fama
2541 4606 2994 4689 sanctitatis,
3047 4606 3263 4672 mira·

267 4722 604 4790 culorum
647 4727 783 4791 aut
835 4722 1204 4808 martyrii,
1251 4726 1410 4790 tum
1467 4740 1690 4806 super
1732 4720 2141 4790 virtutibus
2184 4723 2260 4787 et
2305 4716 2687 4784 miraculis
2732 4716 2808 4781 in
2856 4714 3097 4798 specie
3150 4713 3268 4781 vel

275 4847 501 4914 super
533 4830 895 4916 martyrio
933 4829 1401 4914 eiusdemque
1442 4848 1671 4898 causa
1714 4828 1765 4891 ².

451 4937 485 5020 ξ
532 4937 599 5003 2.
649 4938 755 5004 Hi
797 4938 948 5005 duo
991 4955 1377 5021 processus
1418 4938 1772 5005 distincte
1816 4937 2025 5019 fiant3
2081 4934 2205 5002 sed
2251 4934 2538 5018 primus
2591 4931 2840 4999 omitti
2885 4933 3154 5014 potest,
3206 4931 3271 4996 si

269 5045 659 5113 cardinali
696 5045 1087 5113 Praefecto
1120 5050 1197 5114 et
1233 5046 1653 5114 Promotori
1690 5044 1861 5112 fidei
1898 5042 2226 5126 generali
2266 5060 2396 5109 nec
2440 5038 2930 5108 necessarium
2974 5056 3108 5107 nec
3146 5057 3267 5123 op·

271 5157 674 5236 portunum
710 5153 1056 5221 videatur
1092 5154 1183 5221 de
1215 5154 1775 5222 continuatione
1805 5152 2051 5219 famae
2082 5152 2352 5218 iterum
2393 5148 2792 5232 inquirere.

455 5381 477 5416 ¹
517 5381 575 5433 8.
608 5380 680 5432 R.
711 5381 800 5442 0.,
833 5380 987 5433 decr.
1024 5378 1090 5433 28
1117 5392 1252 5442 aug.
1286 5381 1435 5433 1018.

451 5477 475 5510 ²
518 5471 873 5523 Benedictus
904 5472 1057 5546 xlv,
1086 5474 1270 5523 const.
1305 5488 1334 5521 α
1373 5472 1463 5522 Ad
1495 5471 1806 5521 universae
1844 5485 1894 5530 ιι,
1925 5468 1957 5521 3
1988 5470 2135 5528 sept.
2169 5467 2316 5519 1746.
