3753 5871
1518 335 1885 397 Domana
3091 323 3206 383 665

472 529 540 604 9)
571 525 1030 589 Nominentur
1064 522 1451 602 singulares
1481 520 1772 584 duorum
1803 518 1910 582 vel
1944 518 2161 581 trium
2196 514 2674 579 cardinalium
2703 517 2963 591 coetus,
2996 510 3197 590 vulgo

209 632 773 694 commissiones:
824 638 889 711 α)
943 648 1069 711 pro
1106 629 1569 708 inquisitione.
1592 629 1676 692 de
1708 625 2170 706 qualitatibus
2204 620 2798 687 conclavistarum
2837 634 3204 696 eorumque

205 742 707 821 approbatione
728 743 779 820 ²,
798 742 1099 819 itemque
1118 754 1246 818 pro
1266 754 1502 800 eorum
1522 733 2021 814 designatione,
2035 732 2153 811 qui
2176 729 2502 793 Conclavi
2524 728 2857 791 inservire
2886 726 3199 802 debeant3

211 850 273 937 β)
313 865 440 928 pro
470 848 982 911 constructione
1006 851 1079 911 et
1110 844 1438 910 clausura
1464 842 1851 922 conclavis,
1884 859 1968 905 ae
1996 856 2123 920 pro
2147 838 2478 902 cellarum
2505 835 2958 914 dispositione
2995 836 3046 895 ⁸.

460 956 531 1035 h)
574 957 1064 1034 Proponantur
1099 958 1309 1031 atque
1354 952 1826 1031 approbentur
1862 964 2201 1026 expensae
2237 943 2621 1008 Conclavis.

468 1063 519 1142 i)
576 1063 933 1143 Epistulae
959 1063 1489 1140 Imperatorum,
1516 1059 1776 1137 Regum
1801 1055 2230 1134 aliorumque
2259 1053 2623 1116 civitatum
2658 1044 3195 1126 Modera-torum,

202 1174 373 1237 item
406 1171 822 1235 Nuntiorum
854 1168 1249 1245 relationes,
1287 1167 1651 1245 omniaque
1678 1165 1846 1246 alia,
1881 1180 2056 1244 quae
2091 1163 2163 1225 S.
2202 1160 2493 1239 collegii
2524 1159 2859 1223 interesse
2899 1156 3195 1236 possint,

202 1296 358 1342 cum
397 1278 550 1358 ipso
589 1276 1196 1342 communicentur.

468 1385 537 1465 k)
565 1385 1046 1465 Perlegantur‚
1075 1384 1136 1446 si
1160 1400 1334 1463 quae
1358 1383 1526 1461 sint,
1557 1381 1968 1446 documenta
1989 1396 2036 1442 a
2059 1377 2390 1441 defuncto
2413 1374 2751 1438 Pontifice
2785 1373 2999 1435 Sacro
3029 1369 3191 1433 car·

200 1493 541 1557 dinalium
575 1492 881 1571 collegio
911 1491 1177 1555 relicta.

468 1600 517 1681 1)
567 1601 1017 1680 Franguntur
1058 1596 1383 1661 Annulus
1429 1594 1809 1659 Piscatoris
1853 1598 1927 1658 et
1970 1592 2333 1656 Plumbum
2382 1587 2855 1654 cancellariae
2901 1588 3191 1665 Aposto-

201 1711 399 1774 licae.
436 1708 944 1772 Pro-DatarIus
979 1710 1211 1769 autem
1252 1704 1359 1769 vel
1402 1702 1935 1781 Sub-Datarius,
1979 1704 2052 1765 et
2086 1698 2516 1763 SecretarIus
2549 1695 2870 1760 Brevium
2905 1694 3009 1757 vel
3047 1693 3197 1757 eius

204 1817 649 1880 substitutus
695 1814 1237 1894 supplicationes
1299 1811 1710 1891 gratiarum,
1757 1825 1932 1888 quae
1980 1825 2185 1887 penes
2249 1806 2439 1884 ipsos
2506 1807 2694 1882 sunt,
2766 1802 2893 1864 sub
2963 1799 3197 1879 sigillo

193 1924 476 1987 clausas
504 1924 719 2025 Sacro
747 1922 1051 2001 collegio
1089 1921 1399 1984 tradant.

439 2033 532 2105 m)
573 2029 805 2093 cellae
835 2027 1198 2091 Conclavis
1229 2026 1721 2090 Cardinalibus
1751 2027 1938 2087 sorte
1980 2021 2497 2085 distribuantur
2532 2022 2581 2080 ³.

1491 2314 1729 2379 cArm·
1753 2315 1899 2378 111.

558 2458 664 2521 De
695 2458 1050 2520 nonnullis
1079 2457 1543 2537 peculiaribus
1579 2455 1846 2536 officiis,
1885 2456 2060 2519 Sede
2088 2455 2492 2534 ,apostolica
2522 2458 2828 2517 vacante.

384 2668 488 2730 12.
531 2668 602 2731 S.
645 2669 729 2731 R.
769 2670 852 2731 Ε.
892 2667 1272 2731 camerarii
1310 2671 1382 2731 et
1419 2666 1951 2731 Poenitentiarii
1991 2665 2278 2729 Maioris
2316 2665 2540 2729 officia
2572 2683 2711 2728 non
2748 2670 3027 2729 cessant
3072 2681 3195 2744 per

191 2775 465 2838 obitum
490 2775 853 2838 Pontificis
879 2778 931 2838 ⁴.

382 2884 486 2947 13.
536 2883 612 2948 Si
654 2887 885 2947 autem
935 2883 1297 2963 contingat
1334 2882 1628 2948 alterius
1668 2883 1772 2948 vel
1816 2882 2029 2948 etiam
2071 2882 2433 2961 utriusque
2474 2882 2677 2945 officii
2719 2882 2995 2946 vacatio
3030 2884 3196 2945 ante

188 2994 357 3055 novi
410 2992 772 3055 Pontificis
819 2991 1244 3070 electionem,
1296 2995 1467 3054 tunc
1508 2990 1970 3070 congregan
2019 2991 2361 3070 generalis
2402 2991 2640 3054 triduo
2683 2994 2844 3069 post
2887 2993 3191 3053 secutam

190 3099 626 3163 vacationem
671 3099 1087 3162 alterutrius
1130 3117 1213 3162 ex
1263 3097 1602 3177 praetatis
1648 3098 1889 3162 officiis
1934 3100 2295 3176 habeatur,
2345 3115 2429 3160 ac
2479 3102 2641 3160 vota
2690 3115 2809 3160 seu
2858 3097 3194 3177 suffragia

188 3207 676 3270 cardinalium
715 3205 922 3269 simul
966 3210 1535 3286 congrega-torum
1573 3224 1701 3286 pro
1746 3206 2194 3284 deputatione
2239 3207 2457 3284 illius,
2509 3209 2625 3285 qui
2665 3204 3046 3268 camerarii
3088 3205 3192 3267 vel

191 3313 731 3378 Poenitentiarii
769 3314 1057 3377 Maioris
1089 3315 1271 3378 vices
1304 3314 1626 3393 suppleat
1657 3331 1873 3392 usque
1908 3315 2000 3377 ad
2032 3313 2431 3379 electionem
2466 3314 2625 3376 novi
2663 3312 3049 3390 Pontificis,
3085 3329 3194 3375 ex·

188 3422 594 3500 quil-antur,
663 3421 1046 3500 denturque
1111 3439 1235 3502 per
1301 3421 1664 3485 schedulas
1721 3426 2045 3500 secretas,
2095 3438 2138 3485 a
2178 3421 2538 3500 Magistris
2595 3419 3195 3484 Caeremoniarum

188 3531 411 3594 etiam
452 3531 539 3592 ab
576 3530 874 3592 infirmis
910 3529 1401 3593 cardinalibus
1440 3529 1886 3610 colligendas,
1926 3546 2012 3593 ae
2046 3546 2273 3592 coram
2317 3528 2548 3592 tribus
2586 3526 3077 3591 Cardine-libus
3115 3544 3198 3590 eo

190 3642 507 3716 tempore
542 3637 619 3699 in
658 3637 902 3700 ordine
939 3636 1323 3715 Prioribus,
1369 3637 1849 3724 praesentibus
1898 3636 2153 3700 eisdem
2195 3634 2796 3699 Caeremoniarum
2839 3634 3199 3714 Magistris

189 3749 413 3825 atque
453 3744 523 3809 Β.
569 3744 860 3824 collegii
901 3743 1312 3825 Secretario,
1352 3745 1782 3824 aperiendas
1822 3745 2021 3823 isque
2058 3744 2436 3823 deputatus
2475 3744 2837 3821 habeatur,
2880 3742 2956 3804 in
2998 3758 3197 3821 quem

188 3871 370 3933 pars
408 3851 692 3916 relative
731 3852 954 3915 maior
992 3847 1305 3915 votorum
1338 3870 1458 3916 seu
1499 3851 1985 3931 suffragiorum
2020 3852 2492 3931 praefatorum
2526 3850 2942 3929 convenerit,
2980 3866 3061 3913 ac
3099 3851 3198 3913 sic

188 3963 538 4040 deputato
576 3960 952 4023 facultates
995 3977 1252 4039 omnes,
1296 3977 1469 4039 quas
1507 3960 1659 4039 ipse
1700 3959 2144 4023 Camerarius
2185 3960 2289 4022 vel
2336 3957 2929 4022 Poenitentiarius
2972 3957 3201 4019 Maior

188 4084 514 4132 exercere
541 4071 840 4146 poterat,
877 4068 1203 4146 quamdiu
1234 4068 1442 4131 Sedes
1468 4067 1838 4146 vacaverit,
1867 4067 2320 4131 attribuimus
2350 4068 2399 4128 ⁸.
2434 4066 2632 4142 Quod
2668 4066 2729 4129 si
2765 4065 3005 4128 forsan
3036 4066 3197 4127 vota

191 4175 404 4257 paria
431 4176 719 4252 fuerint,
746 4175 869 4240 ille
889 4177 1264 4254 deputatus
1289 4175 1649 4253 habeatur,
1678 4175 1796 4253 qui
1819 4174 2039 4238 fuerit
2062 4175 2302 4237 ordine
2325 4173 2621 4252 dignior,
2652 4171 2781 4249 vel,
2813 4173 2872 4235 si
2900 4172 3200 4235 eiusdem

188 4283 492 4362 ordinis,
525 4283 774 4346 senior.

386 4392 488 4455 14.
518 4390 877 4454 cardinali
902 4390 1324 4467 camerario,
1353 4393 1640 4453 vacante
1666 4389 1839 4454 Sede
1863 4388 2290 4468 Apostolica,
2318 4387 2659 4451 incumbit
2680 4404 2852 4450 cura
2878 4389 2952 4451 et
2983 4386 3195 4450 admi·

186 4498 536 4562 nisti-atio
569 4499 900 4561 bonorum
939 4515 1020 4560 ac
1047 4496 1306 4560 iurium
1337 4496 1820 4576 temporalium
1858 4495 2085 4576 ipsius
2116 4496 2186 4559 Β.
2235 4495 2456 4575 Sedis,
2492 4492 2995 4558 adsistentibus
3024 4495 3087 4558 ei
3122 4495 3198 4556 in

186 4625 326 4673 suo
349 4605 571 4670 officio
590 4606 1080 4669 cardinalibus
1103 4624 1185 4669 eo
1204 4610 1510 4685 tempore
1534 4606 1607 4667 in
1635 4606 1876 4668 ordine
1899 4605 2264 4668 Prioribus
2289 4621 2407 4668 seu
2440 4603 2808 4682 Capitibus
2831 4601 3194 4680 Ordinum,

186 4720 265 4780 et
315 4714 746 4793 praehabitis
784 4712 990 4777 semel
1028 4730 1153 4792 pro
1199 4712 1595 4793 levioribus,
1644 4731 1726 4777 ac
1766 4690 2032 4792 semper
2080 4728 2205 4791 pro
2244 4708 2677 4790 gravioriBus
2716 4708 3016 4788 negotiis
3055 4708 3193 4770 sut·

389 4930 404 4959 ¹
439 4924 524 4978 Pii
553 4923 628 4976 1v
660 4924 850 4977 const.
890 4945 916 4971 ι
939 4924 1014 4976 In
1044 4924 1334 4991 eliaendis
1356 4944 1405 4987 ι,
1442 4925 1474 4993 6
1509 4923 1586 4977 17.

381 5024 403 5054 ’
437 5020 522 5075 Pii
552 5021 625 5074 1v
655 5021 846 5075 Coust.
885 5043 911 5068 α
934 5021 1010 5074 In
1040 5021 1328 5088 aliundis
1349 5042 1399 5084 ι,
1433 5022 1467 5090 6
1502 5022 1588 5083 15;
1624 5021 1794 5075 clem.
1840 5018 1944 5072 ΧΠ
1985 5018 2176 5072 coust.
2217 5038 2242 5065 c
2266 5018 2643 5086 Apostolatus
2686 5017 2946 5082 officium
2970 5037 3015 5077 ι,
3050 5015 3084 5083 6
3119 5016 3203 5068 10.

382 5122 404 5150 ⁸
436 5118 520 5171 Pii
553 5117 624 5171 IV
660 5118 849 5172 const.
889 5138 915 5165 e
938 5119 1014 5171 In
1046 5119 1337 5185 θῖἰθοπάίδ
1358 5139 1408 5180 2,
1443 5118 1477 5186 fi
1512 5116 1589 5170 13.

379 5219 403 5248 ⁸
438 5216 610 5270 clem.
639 5216 689 5270 V
720 5229 841 5282 cap.
875 5216 910 5267 Ξ
934 5236 960 5262 «
981 5216 1070 5269 Ne
1092 5216 1349 5269 Roma-m·
1369 5237 1419 5278 ι,
1453 5214 1485 5283 6
1518 5216 1640 5269 1010
1671 5216 1828 5269 elect.
1853 5214 1898 5276 1,
1919 5214 1952 5266 3
1974 5214 2035 5267 in
2058 5213 2250 5275 Clem.;
2272 5211 2357 5266 Pii
2378 5211 2453 5265 1v
2475 5211 2668 5266 Coust.
2696 5232 2722 5258 α
2743 5211 2820 5264 In
2840 5211 3130 5278 dicendis
3150 5231 3200 5274 »,

183 5319 218 5386 5
248 5319 306 5383 ῦς
343 5316 519 5370 mem.
553 5314 654 5367 XII
685 5312 878 5367 Const.
917 5333 943 5360 ι
964 5313 1341 5381 Apostolum-9
1373 5314 1630 5380 officium
1651 5333 1700 5376 ι,
1736 5313 1768 5381 6
1803 5314 1879 5365 15.

383 5415 406 5445 ⁸
438 5412 610 5466 Clem.
645 5412 693 5464 V
725 5426 846 5479 cap.
881 5412 914 5463 Ξ
947 5433 970 5457 e
996 5411 1086 5465 Ne
1118 5412 1446 5475 Romani»,
1481 5412 1513 5480 6
1549 5414 1573 5464 1
1607 5412 1680 5464 de
1710 5412 1865 5465 elect.
1902 5411 1946 5473 l,
1979 5410 2012 5461 3
2042 5411 2106 5464 in
2139 5410 2330 5475 Clem.;
2355 5407 2524 5463 Clem.
2559 5408 2659 5461 XII
2692 5408 2882 5461 Coust.
2921 5428 2947 5454 α
2969 5408 3206 5476 Aposto-

183 5516 357 5572 laeus
390 5512 648 5578 officium
669 5531 719 5573 ι,
754 5509 787 5578 6
822 5511 907 5573 1δ;
942 5509 1162 5580 Βοηθᾴ,
1188 5509 1314 5563 XIV
1347 5510 1539 5578 const.
1582 5531 1607 5558 ι
1627 5509 1704 5563 In
1735 5508 2101 5578 Apostolicae
2121 5530 2170 5570 ι,
2204 5507 2396 5563 Idibus
2425 5508 2560 5575 Apr.
2598 5506 2737 5569 1744,
2773 5506 2805 5574 5
2835 5509 2887 5560 4.
