3753 5871
522 273 591 334 18
1659 279 1854 330 Codex
1893 279 2055 331 Iuris
2104 280 2383 331 canonici

1398 790 1787 886 [ΙΒΕΚ
1893 788 2628 888 SECUNDUS

1577 999 1742 1111 DE
1818 998 2445 1111 PERSONJS

1840 1483 2018 1549 CAN.
2058 1484 2167 1549 87.

695 1611 1159 1694 Baptismate
1188 1609 1402 1676 homo
1428 1608 1918 1675 constituitur
1947 1608 2025 1673 in
2060 1608 2394 1676 Ecclesia
2422 1608 2707 1677 Christi
2738 1628 3054 1694 persona
3080 1630 3250 1679 cum
3281 1614 3511 1681 omni-

524 1719 656 1786 bus
696 1717 1272 1785 christianorum
1318 1715 1608 1782 iuribus
1649 1722 1723 1783 et
1774 1715 2055 1803 officiis,
2110 1716 2281 1797 nisi,
2324 1717 2421 1783 ad
2463 1718 2633 1784 iura
2675 1719 2869 1802 quod
2910 1721 3211 1803 attinet,
3267 1723 3511 1791 obstet

521 1826 727 1908 obeX,
775 1824 1315 1892 ecclesiasticae
1360 1823 1898 1889 communionis
1952 1823 2328 1891 vinculum
2375 1825 2804 1909 impediens,
2857 1827 2972 1894 vel
3029 1827 3187 1895 lata
3233 1830 3328 1897 ab
3375 1830 3509 1897 Dc·

519 1934 745 2001 clesia
777 1949 1088 1999 censura
1135 1931 1184 1997 ¹.

1837 2055 2015 2122 CAN.
2055 2056 2166 2121 88.

696 2178 729 2261 §
781 2182 842 2244 1.
894 2180 1221 2247 Persona
1250 2197 1435 2264 quae
1461 2180 1887 2247 vicesimum
1922 2180 2244 2264 primum
2281 2181 2554 2248 aetatis
2581 2199 2859 2248 annum
2891 2182 3240 2266 explevit,
3272 2184 3511 2252 maior

517 2291 652 2371 est3
681 2286 885 2353 infra
911 2287 1101 2355 hanc
1138 2290 1482 2370 aetatem,
1515 2287 1781 2354 minor.

695 2394 729 2477 ξ
776 2394 841 2460 2.
896 2395 1165 2477 Minor,
1205 2396 1267 2462 si
1302 2396 1699 2478 masculus,
1744 2399 2087 2463 censetur
2130 2397 2359 2480 pubes
2394 2415 2443 2463 a
2477 2397 3053 2482 decimoquarto,
3094 2401 3160 2466 si
3201 2399 3505 2481 femina,

518 2522 563 2568 a
595 2503 1027 2570 duodecimo
1059 2521 1255 2569 anno
1285 2504 1649 2587 completo
1684 2502 1737 2570 ².

698 2611 730 2692 ξ
776 2611 845 2679 3.
896 2611 1267 2695 Impubes,
1307 2617 1481 2679 ante
1519 2612 1817 2696 plenum
1859 2612 2351 2696 septennium,
2400 2612 2680 2679 dicitur
2713 2611 2968 2679 infans
3004 2632 3132 2681 seu
3171 2633 3359 2699 puer
3392 2615 3510 2683 vel

521 2718 875 2801 parvulus
921 2723 997 2787 et
1052 2723 1396 2787 censetur
1446 2738 1590 2785 non
1651 2721 1770 2787 sui
1815 2737 2134 2803 compos3
2184 2718 2477 2803 expleto
2522 2724 2770 2787 autem
2821 2722 3229 2805 septennio.
3294 2740 3507 2790 usum

520 2826 833 2894 rationis
866 2826 1133 2894 habere
1168 2827 1692 2911 praesumitur.
1731 2828 2026 2895 Infanti
2057 2827 2573 2895 assimilantur
2615 2832 2976 2913 quotquot
3014 2848 3153 2897 usu
3193 2831 3511 2899 rationis

518 2938 696 3002 sunt
727 2932 985 3002 habitu
1026 2934 1372 3003 destituti
1411 2934 1462 3003 ³.

1842 3059 2019 3126 CAN.
2060 3059 2170 3125 89.

692 3183 1021 3251 Persona
1063 3184 1301 3251 maior
1355 3184 1651 3267 plenum
1696 3181 1919 3249 habet
1961 3199 2261 3248 suorum
2308 3180 2584 3248 iurium
2640 3182 3095 3265 exercitium3
3137 3181 3382 3250 minor
3426 3183 3507 3249 in

516 3292 867 3359 exercitio
897 3309 1196 3358 suorum
1229 3291 1504 3358 iux-ium
1543 3290 1900 3375 potestati
1938 3294 2330 3373 parentum
2360 3291 2478 3358 vel
2513 3295 2846 3358 tutorum
2879 3289 3196 3357 obnoxia
3226 3299 3503 3372 manet,

518 3401 610 3467 iis
640 3400 965 3485 exceptis
1003 3400 1082 3467 in
1115 3399 1382 3484 quibus
1412 3401 1532 3470 ius
1560 3399 1883 3468 minores
1921 3416 1967 3465 a
2000 3397 2250 3491 patria
2282 3403 2650 3483 potestate
2681 3402 3057 3483 exemptos
3092 3397 3312 3465 habet
3350 3400 3404 3465 ⁴.

687 3633 707 3667 ²
745 3631 808 3682 C.
836 3633 918 3690 31,
946 3632 1009 3682 C.
1040 3631 1238 3691 XXIV,
1266 3643 1319 3691 q.
1346 3634 1396 3691 1,
1424 3642 1473 3681 c.
1499 3631 1583 3688 51,
1619 3631 1690 3680 D.
1726 3629 1775 3690 Ι,
1807 3631 1879 3681 de
1901 3629 2140 3690 poenit:
2161 3640 2211 3680 c.
2246 3629 2296 3689 2,
2324 3630 2407 3689 15,
2436 3630 2506 3680 de
2535 3627 2867 3688 haereticis,
2895 3629 2964 3688 V,
2995 3629 3045 3689 2,
3079 3630 3142 3679 in
3170 3629 3298 3692 ΥΡ,
3324 3629 3500 3680 conc.

517 3720 803 3779 Trident„
840 3731 982 3770 sess.
1031 3719 1165 3778 vn,
1205 3719 1276 3768 de
1315 3719 1623 3778 baptismo.
1656 3730 1784 3769 can.
1831 3717 1883 3779 7,
1923 3718 1973 3780 8,
2011 3718 2095 3779 13,
2134 3719 2216 3779 14,
2250 3730 2392 3769 sess.
2432 3718 2582 3778 XIV,
2620 3719 2691 3768 de
2727 3716 3110 3776 poenitentia,
3153 3728 3204 3767 c.
3236 3716 3287 3778 2,
3316 3717 3503 3777 Euge·

518 3808 653 3859 nius
679 3810 759 3860 1v
795 3808 881 3865 (ln
913 3808 1086 3859 Cone.
1119 3809 1486 3868 Florentia),
1516 3811 1700 3858 const.
1736 3822 1767 3857 ι
1795 3807 2079 3857 Εωαῑωίσ
2108 3807 2230 3858 Deo
2266 3822 2315 3866 ιι,
2344 3807 2409 3857 22
2435 3819 2566 3858 nov.
2602 3808 2752 3867 1439,
2793 3807 2820 3868 Ι
2849 3809 2933 3868 10,
2961 3806 3319 3858 Benedictus
3342 3805 3500 3863 XIV.

518 3900 701 3948 const.
743 3913 772 3944 α
808 3897 942 3946 Etsi
978 3898 1296 3958 pastoralis
1336 3913 1384 3956 ι),
1432 3897 1497 3949 26
1541 3898 1684 3948 mail
1721 3897 1868 3958 1742,
1910 3898 1936 3958 ἦ
1986 3899 2119 3958 vn,
2160 3911 2217 3949 ιι.
2260 3899 2359 3959 XI?
2397 3908 2488 3957 ep.
2527 3898 2747 3957 encycl.
2789 3912 2820 3947 ι
2865 3895 3037 3947 Inter
3070 3897 3410 3954 omnivenas
3446 3910 3500 3954 ι,

518 3990 549 4037 2
579 3990 726 4039 febr.
760 3988 905 4045 1744,
941 3989 967 4048 ἦ
998 3990 1077 4050 16,
1105 4002 1194 4050 ep.
1229 4005 1259 4038 s
1292 3988 1591 4038 Postremo
1616 3998 1811 4037 mense
1843 4003 1891 4048 n,
1923 3990 1989 4041 28
2016 3990 2162 4041 febr.
2188 3988 2335 4050 1747,
2364 4000 2422 4038 ιι.
2447 3986 2528 4048 52,
2546 3999 2637 4047 ep.
2662 4001 2693 4035 α
2714 3986 3018 4048 Sinonlari
3040 4000 3090 4045 ιι,
3113 3986 3148 4037 9
3171 3984 3319 4037 tebr.
3351 3982 3502 4042 1749.

521 4078 546 4136 5
574 4077 624 4136 2,
655 4077 822 4137 12-16,
852 4077 993 4128 Pius
1023 4079 1119 4139 lx,
1159 4081 1274 4130 ntt.
1314 4090 1408 4137 ap.
1443 4092 1473 4125 s
1500 4075 1860 4135 Multiplices
1897 4079 2054 4129 inter
2082 4094 2132 4138 n,
2165 4080 2230 4130 10
2263 4080 2383 4130 iun.
2418 4076 2564 4137 1851;
2595 4076 2872 4137 syllabus
2906 4086 3193 4134 errorum,
3225 4084 3387 4134 prop.
3417 4072 3506 4133 54⁵·

519 4169 633 4217 Leo
671 4166 835 4224 XIII,
869 4169 983 4220 ntt.
1017 4171 1234 4230 encycl.
1272 4184 1303 4219 ι
1336 4165 1677 4226 Sapientiae
1709 4181 1759 4227 ι,
1799 4168 1865 4219 10
1895 4168 2012 4220 lan.
2047 4169 2192 4230 1890,
2232 4170 2290 4222 S.
2333 4169 2397 4220 O.
2437 4168 2495 4220 S.
2531 4166 2669 4228 off..
2704 4168 2875 4220 instr.
2917 4165 3020 4225 (ad
3052 4165 3320 4225 Archlep.
3354 4162 3504 4225 Que—

518 4259 759 4319 becen.),
790 4261 853 4311 16
880 4249 1024 4320 sept.
1056 4262 1204 4321 1824,
1233 4261 1311 4312 ad
1338 4260 1481 4318 2:19
1517 4269 1642 4317 apr.
1681 4258 1827 4320 1337,
1857 4259 2028 4311 mstr.
2058 4261 2123 4311 22
2159 4262 2280 4312 iun.
2313 4260 2459 4320 18593
2490 4258 2522 4310 7
2555 4271 2680 4320 apr.
2715 4257 2862 4320 187&
2898 4257 3256 4316 (meumst),
3295 4256 3329 4308 s
3357 4255 3503 4305 man

519 4348 662 4411 1889;
699 4351 866 4402 instr.
914 4352 1017 4412 (ad
1049 4352 1174 4403 Vic.
1223 4353 1328 4410 Ap.
1367 4349 1671 4409 Nankin.),
1708 4349 1774 4401 26
1813 4362 1947 4411 ang.
1993 4351 2138 4413 1891,
2176 4352 2234 4404 S.
2272 4352 2337 4405 C.
2374 4352 2448 4403 de
2482 4352 2652 4412 Prop.
2691 4351 2837 4404 Fide
2880 4351 2969 4410 (C.
3008 4349 3075 4402 G.
3116 4376 3136 4387 -
3165 4347 3502 4407 Albaniae),

517 4442 579 4492 18
607 4454 733 4502 apr.
767 4443 913 4503 1757,
947 4445 1024 4496 ad
1052 4445 1102 4504 5,
1140 4444 1228 4502 (G.
1264 4444 1380 4503 G.),
1413 4440 1478 4493 19
1501 4453 1632 4500 aug.
1664 4441 1808 4503 1776,
1835 4443 2005 4492 instr.
2049 4442 2151 4502 (ad
2177 4443 2373 4495 Praet.
2410 4445 2514 4504 Ap.
2552 4443 2814 4494 Mission.
2848 4442 3059 4502 Epiri),
3090 4441 3155 4493 25
3179 4441 3326 4492 febr.
3355 4438 3507 4498 1837,

519 4531 634 4582 utt.
673 4534 889 4592 encycl.
945 4532 1047 4592 (ad
1086 4533 1191 4592 Ep.
1230 4531 1504 4590 Indum),
1549 4530 1613 4580 25
1646 4540 1771 4589 apr.
1811 4531 1955 4581 1902.

680 4624 706 4660 ²
736 4624 798 4674 C.
833 4625 882 4683 3,
914 4625 964 4684 6,
998 4626 1080 4684 10,
1112 4626 1195 4684 11,
1229 4625 1310 4684 14,
1343 4623 1409 4681 X,
1443 4624 1513 4672 de
1545 4621 1994 4679 desponsatione
2023 4621 2415 4682 impuberum,
2441 4624 2541 4683 lv,
2575 4623 2623 4684 23
2651 4634 2700 4674 c.
2735 4624 2786 4682 1,
2826 4624 2893 4683 Χ,
2935 4625 3006 4673 de
3039 4620 3272 4672 delictis
3301 4631 3504 4680 puero-

515 4724 666 4770 rum,
702 4715 770 4775 V,
802 4715 882 4777 23,
911 4715 968 4767 8.
1002 4715 1068 4768 O.
1105 4716 1163 4766 S.
1198 4714 1312 4767 off.
1354 4712 1790 4774 (Pondichery),
1822 4712 1889 4763 28
1920 4713 2039 4764 lun.
2072 4713 2218 4773 1865,
2249 4714 2326 4765 ad
2361 4714 2410 4775 2,
2444 4715 2756 4774 (Africae),
2787 4713 2854 4765 18
2882 4715 3055 4765 mart.
3089 4712 3237 4771 1903,
3270 4711 3347 4762 ad
3384 4712 3435 4761 2.

531 4845 534 4848 .
679 4806 702 4839 ³
745 4805 807 4855 C.
837 4807 886 4862 4,
914 4807 964 4864 5,
992 4807 1056 4867 X,
1093 4807 1165 4856 de
1191 4804 1640 4863 desponsatione
1673 4802 2058 4862 impuberum,
2091 4803 2190 4863 IV,
2220 4804 2268 4863 2,
2293 4814 2343 4855 c.
2371 4804 2453 4863 32,
2483 4806 2554 4856 de
2583 4805 2863 4856 electione
2896 4807 2957 4854 et
2984 4802 3157 4854 electi
3190 4804 3505 4862 potestate,

518 4894 565 4952 1,
597 4893 648 4953 6,
683 4893 744 4942 in
776 4892 900 4954 V103
940 4893 1294 4946 Benedictus
1329 4893 1477 4953 xlv,
1517 4895 1684 4945 instr.
1731 4908 1761 4942 α
1797 4891 1881 4942 Eo
1915 4893 2182 4950 quamvis
2219 4894 2474 4951 tempore
2516 4908 2563 4954 n,
2608 4896 2640 4944 4
2673 4892 2816 4944 mali
2849 4894 2996 4954 1745,
3035 4893 3062 4954 5
3096 4894 3177 4954 19,
3206 4904 3297 4953 ep.
3336 4908 3367 4943 ι
3402 4892 3503 4943 Ρο-

516 4985 733 5032 atr-emo
765 4995 959 5034 mense
991 5001 1040 5043 ι,
1072 4986 1137 5037 28
1174 4986 1323 5037 febr.
1358 4985 1503 5045 1747,
1545 4998 1601 5035 ιι.
1638 4984 1720 5041 32,
1754 4984 1834 5039 3⁴:
1864 4995 1955 5043 ep.
1992 4998 2023 5033 ι
2053 4981 2276 5034 Beatus
2308 4984 2574 5033 Andreas
2603 4999 2653 5044 ι,
2686 4985 2750 5034 22
2776 4985 2930 5036 febr.
2973 4985 3121 5045 1755,
3159 4983 3186 5044 1
3227 4985 3310 5045 14,
3343 4982 3402 5035 S.
3438 4983 3501 5034 C.

517 5072 574 5123 S.
623 5072 762 5132 Off..
806 5073 972 5125 instr.
1023 5075 1125 5134 (ad
1171 5075 1441 5135 Archiep.
1489 5076 1702 5125 Portus
1739 5074 2075 5134 Principis),
2115 5072 2148 5123 5
2193 5076 2341 5131 sept.
2390 5072 2537 5133 1877,
2578 5072 2635 5124 S.
2669 5072 2734 5124 C.
2774 5072 2848 5125 de
2888 5072 3306 5133 Sacramentis,
3346 5072 3498 5124 decr.

512 5165 545 5216 8
571 5176 704 5225 aug.
737 5164 884 5223 1910,
914 5177 972 5215 ιι.
1004 5167 1052 5227 Ι,
1081 5166 1140 5216 S.
1172 5166 1236 5217 O.
1267 5167 1341 5218 de
1371 5167 1540 5226 Prop.
1576 5165 1739 5224 Fide,
1777 5165 1810 5217 3
1844 5168 2020 5216 mart.
2053 5163 2201 5225 1703,
2229 5164 2399 5214 instr.
2437 5162 2501 5213 17
2538 5174 2664 5223 apr.
2698 5161 2845 5224 1777,
2880 5165 3049 5215 instr.
3100 5162 3200 5223 (ad
3234 5163 3499 5215 Mission.

513 5255 854 5316 Gammae),
885 5257 919 5308 8
949 5258 1094 5307 mail
1123 5257 1268 5318 1779,
1299 5257 1540 5310 Ritnale
1579 5257 1767 5316 Rom„
1803 5257 1897 5309 tit.
1934 5257 2016 5314 11,
2052 5269 2101 5307 c.
2144 5257 2195 5316 3,
2239 5258 2309 5305 de
2345 5252 2633 5313 baptismo
2674 5253 3031 5311 adultorum,
3064 5266 3122 5304 n.
3156 5255 3241 5304 11.

676 5349 704 5385 ⁴
740 5347 804 5398 C.
838 5346 887 5404 3,
926 5346 996 5395 de
1031 5346 1286 5403 iudiciis,
1333 5348 1414 5405 11,
1450 5350 1500 5408 1,
1546 5348 1605 5398 in
1645 5348 1770 5399 V10·
1804 5347 2160 5399 Benedictus
2192 5346 2342 5405 XIV,
2381 5357 2470 5405 ep.
2511 5360 2542 5395 ι
2579 5343 2881 5394 Postremo
2924 5354 3121 5394 mense
3157 5357 3206 5404 n,
3252 5342 3318 5394 28
3353 5344 3498 5396 febr.

511 5435 656 5495 174⁷,
690 5447 746 5486 n.
785 5435 835 5497 6,
866 5435 922 5486 S.
955 5435 1018 5488 Ο.
1055 5434 1128 5487 de
1166 5435 1334 5495 Prop.
1372 5436 1535 5496 Fide,
1567 5437 1600 5488 3
1636 5385 1810 5500 ma&
1844 5437 1991 5488 1703.
