3753 5871
551 308 748 357 xxxiv
1691 305 1888 356 ooaeo
1932 302 2095 356 lon-u
2133 304 2415 356 σακοιιίοί

553 492 841 572 vocant,
902 507 1094 578 quae
1162 493 1313 559 tam
1385 488 1805 581 diligentem
1869 491 2432 582 studiosamque
2496 492 2571 564 in
2634 514 2959 566 canones
3018 497 3551 586 expendendos

551 635 867 720 apteque
936 629 1379 722 redigendos
1433 633 1926 705 'contulerunt
2010 654 2334 724 operam,
2397 641 2481 706 ut
2549 638 3173 726 exspectationem
3248 661 3545 711 omnem

549 772 1019 861 expleverint.
1072 773 1153 843 Id
1220 779 1463 845 tamen
1527 775 1731 846 nullo
1795 781 2013 864 pacto
2076 776 2385 864 obstitit,
2450 778 2872 867 quominus,
2934 781 3548 872 quotiescumque

550 933 720 1002 pars
765 912 1015 1002 aliqua
1065 913 1357 986 Codicis
1403 916 1786 1004 potissima
1833 917 1930 987 ad
1977 916 2196 987 finem
2248 919 2809 1007 perducebatur,
2856 920 3018 992 eius
3065 921 3403 1010 exempla
3448 924 3547 992 ad

547 1076 808 1126 omnes
858 1075 1090 1145 aeque
1141 1055 1621 1128 Consultores
1669 1055 2157 1142 mitterentur,
2188 1064 2270 1129 ut
2320 1057 2382 1129 si
2415 1058 2584 1149 quis
2615 1080 2869 1131 eorum
2905 1060 3185 1151 aliquid
3217 1062 3550 1133 animad-

547 1198 885 1268 versione
917 1197 1219 1288 dignum
1262 1198 1674 1287 reperisset,
1707 1199 1783 1270 id
1815 1199 2092 1290 scripto
2135 1200 2601 1291 significaret.
2637 1201 3002 1288 Ceterum,
3035 1210 3325 1292 praeter
3357 1204 3546 1275 Con-

546 1341 885 1425 sultoreS,
949 1341 1477 1411 confectionem
1547 1341 1792 1430 operis
1854 1344 2275 1431 complures
2338 1349 2495 1414 tum
2557 1344 2711 1415 itali
2772 1350 2933 1416 tum
2995 1347 3279 1417 externi
3326 1368 3545 1418 cano·

543 1484 784 1554 nistae
843 1505 930 1554 ac
999 1484 1346 1575 theologi,
1406 1485 1622 1555 titulo
1682 1485 2261 1571 collaboratores,
2325 1488 2460 1559 etsi
2533 1493 2743 1559 extra
2803 1489 3076 1560 Urbem
3148 1491 3542 1582 degebant,

545 1624 829 1714 egregie
876 1626 1338 1696 adiuvarunt.

725 1769 1230 1840 Peculiaribus
1255 1769 1607 1841 Coetibus
1630 1789 1762 1841 seu
1790 1770 2419 1842 Comissionibus
2442 1771 2544 1842 ita
2567 1772 3010 1858 constitutis,
3024 1773 3143 1843 lex
3169 1776 3542 1863 quaedam

542 1910 840 2001 propria
885 1911 1182 1984 condita
1228 1917 1342 1984 est
1385 1918 1460 1984 et
1491 1933 1538 1983 a
1568 1913 1875 1985 Summo
1911 1913 2267 1985 Pontifice
2300 1913 2416 1984 die
2453 1915 2528 1984 11
2584 1914 2859 1986 mensis
2906 1915 3156 2005 aprilis
3202 1916 3538 1990 eiusdem

544 2053 717 2123 anni
749 2054 1179 2142 adprobata,
1210 2074 1359 2143 qua
1391 2053 1818 2142 praefinitae
1853 2060 2029 2125 sunt
2060 2075 2387 2141 normae,
2419 2056 2514 2125 ad
2544 2076 2735 2145 quas
2764 2056 3284 2147 gravissimum
3315 2061 3543 2148 expli-

541 2203 834 2269 caretur
875 2217 1066 2286 opus
1112 2197 1480 2287 iidemque
1515 2197 1788 2270 Coetus
1843 2219 2141 2286 operam
2194 2218 2407 2269 suam
2454 2197 2871 2288 dirigerent.
2904 2200 3011 2270 Ea
3043 2220 3340 2290 quoque
3372 2201 3539 2293 lege

540 2339 959 2424 cavebatur,
1021 2344 1102 2410 ut
1165 2338 1513 2410 Instituta
1573 2338 2069 2410 ecclesiastica
2130 2339 2247 2411 vel
2308 2338 2818 2430 religiosorum
2885 2339 3207 2411 virorum
3274 2362 3315 2412 e
3374 2344 3539 2414 suis

541 2481 1002 2554 bibliothecis
1048 2486 1122 2552 et
1165 2480 1570 2578 tabularii-0„
1617 2481 1679 2552 si
1723 2481 1850 2571 qui
1900 2486 2324 2570 peterentur
2369 2482 2558 2567 libri,
2606 2503 2735 2553 eos
2781 2483 2942 2554 sine
3006 2504 3211 2554 mora
3265 2505 3541 2574 suppe-

538 2622 879 2709 ditarent,
924 2624 1313 2715 quibusvis
1376 2623 1783 2695 interdictis
1843 2628 1976 2694 aut
2037 2622 2393 2706 censuriS,
2457 2623 2834 2695 Pontificis
2889 2625 3345 2711 auctoritate,
3379 2648 3541 2697 una

539 2767 762 2840 huius
808 2765 1080 2858 negotii
1145 2788 1374 2839 causa
1433 2767 1786 2852 sublatis}
1854 2765 2177 2857 itemque
2250 2772 2336 2838 ut
2396 2764 2903 2853 Consultores,
2964 2766 3262 2838 servitio
3324 2767 3533 2840 chori

538 2910 834 2998 addicti,
882 2930 974 2982 ne
1036 2910 1360 3000 spatium
1406 2908 1548 2981 sibi
1609 2909 1704 2982 ad
1760 2908 2081 2982 officium
2145 2908 2606 2998 implendum
2670 2907 2963 2981 deesset
3021 2929 3207 2981 neve
3269 2932 3309 2981 e
3372 2932 3537 2984 mu-

537 3055 737 3127 neris
813 3054 928 3126 sui
999 3053 1507 3143 perfunctione
1574 3054 1973 3144 quicquam
2038 3051 2457 3123 detrimenti
2537 3058 2903 3141 caperent,
2979 3052 3252 3141 quibus
3327 3055 3537 3127 horis

538 3201 945 3269 conventus
1021 3199 1431 3285 agerentur,
1502 3196 1728 3266 choro
1789 3194 2162 3279 abessent,
2234 3199 2305 3264 et
2367 3199 2614 3265 tamen
2678 3193 3238 3267 distributiones
3306 3197 3536 3286 ipsas,

538 3360 727 3429 quas
786 3342 979 3409 inter
1023 3341 1440 3424 praesentes
1500 3341 1789 3423 vocant,
1835 3336 2316 3409 lucrarentur.

717 3483 903 3555 Cum
950 3480 1221 3553 sensim
1271 3483 1683 3551 desiderata
1728 3480 2286 3571 Episcoporum,
2337 3479 2717 3551 Pontificis
2761 3481 3124 3553 voluntati
3171 3482 3276 3553 ita
3322 3484 3539 3554 obse-

535 3624 941 3717 quentium,
975 3625 1072 3695 ad
1118 3622 1615 3712 Apostolicam
1665 3622 1928 3694 Sedem
1965 3623 2482 3711 perferrentur,
2513 3643 2747 3712 eaque
2780 3623 3167 3714 diligenter
3197 3646 3541 3713 excussa,

538 3770 611 3841 in
661 3757 1186 3840 Consultorum
1220 3768 1711 3851 commodum,
1744 3766 1818 3836 in
1850 3787 2084 3837 unum
2118 3771 2577 3857 cogerentur,
2610 3764 3100 3854 disceptatum
3143 3771 3278 3853 est,
3310 3789 3541 3858 quae-

536 3932 704 3983 nam
754 3909 984 3982 totius
1034 3908 1379 3980 materiae
1426 3907 1692 3979 divisio
1740 3906 2078 3979 facienda
2132 3909 2351 3992 esset,
2398 3907 2923 3998 decretumque
2978 3927 3141 3978 eam
3196 3908 3538 3980 adhiberi

537 4053 995 4138 divisionem,
1058 4073 1270 4143 quae,
1330 4051 1731 4141 generatim
1792 4051 2146 4140 inspecta,
2208 4049 2351 4121 dici
2416 4050 2677 4122 merito
2738 4055 2981 4140 potest
3040 4050 3402 4123 tralaticia
3456 4053 3541 4124 in

538 4197 694 4268 iure
742 4194 1120 4280 canonico,
1167 4193 1307 4265 hac
1352 4197 1602 4264 tamen
1649 4192 1830 4283 lege,
1874 4198 1960 4264 ut
2005 4191 2303 4282 partitio
2351 4192 2714 4264 eiusmodi
2764 4189 2857 4263 ad
2904 4197 3200 4283 tempus
3238 4200 3543 4284 recepta

538 4339 953 4423 haberetur,
999 4336 1109 4408 uti
1155 4335 1518 4426 quaedam
1567 4334 1813 4424 operis
1858 4332 2349 4419 adumbratio,
2380 4334 2776 4424 liceretque
2823 4356 3009 4420 eam,
3056 4337 3542 4426 quemadmo-

537 4484 713 4555 dum
761 4480 1167 4553 necessitas
1196 4479 1669 4570 postulasset,
1701 4482 1859 4550 tum
1892 4475 2291 4563 emendari,
2324 4499 2516 4566 cum,
2547 4478 2890 4551 absoluto
2925 4478 3214 4564 Codice,
3263 4479 3544 4552 clarius

537 4631 924 4717 appareret
968 4647 1118 4716 quo
1165 4626 1464 4697 demum
1511 4622 1768 4695 ordine
1812 4645 1932 4695 res
1979 4623 2482 4714 disponendae
2529 4622 2788 4694 forent.

715 4769 934 4841 Nulla
979 4789 1189 4840 mora
1232 4766 1689 4856 interposita,
1735 4787 1776 4839 e
1825 4766 2393 4839 Consultoribus
2441 4770 2514 4836 et
2546 4764 3225 4837 Collaboratoribus
3273 4767 3540 4839 delecti

537 4903 713 4986 sunt
757 4913 884 5003 qui
930 4912 1261 5003 singulas
1308 4910 1837 4981 meditarentur
1884 4914 1958 4982 et
2003 4914 2446 4999 appararent
2494 4907 2786 4980 Codicis
2831 4915 3101 4998 partes,
3130 4910 3221 4981 de
3259 4908 3544 4999 quibus

537 5057 802 5129 deinde
861 5056 938 5127 in
1000 5053 1495 5145 peculiaribus
1544 5052 1895 5125 Coetibus
1944 5056 2141 5123 esset
2201 5052 2754 5141 disputandum.
2806 5052 2890 5122 In
2952 5073 3142 5142 quos
3205 5052 3541 5126 delectus

536 5200 819 5287 cecidit,
866 5200 938 5287 ii,
985 5201 1186 5291 quod
1234 5198 1353 5271 hic
1415 5196 1840 5269 meminisse
1896 5197 2329 5287 gaudemus,
2378 5194 2865 5267 libentissimo
2927 5197 3541 5285 obtemperarunt

535 5343 804 5413 anim0.
857 5342 1190 5429 Quodvis
1233 5344 1614 5413 schematis
1659 5344 1903 5430 caput,
1936 5361 2047 5410 ex.
2081 5341 2326 5431 gr.,'de
2372 5341 2741 5427 baptismo,
2789 5342 2877 5410 de
2921 5343 3299 5426 captatum
3345 5346 3545 5412 eecle-

533 5483 855 5571 siastica',
903 5490 1063 5572 etc.,
1110 5483 1304 5555 binis
1358 5484 1834 5556 commissum
1884 5489 1997 5555 est
2060 5481 2625 5555 Consultoribus
2671 5482 2786 5554 vel
2851 5482 3542 5556 Collaboratoribus
