3753 5871
499 309 677 354 xxxu
1634 293 1831 344 Uolo·
1875 292 2038 344 Im
2076 291 2357 344 Oenomai

497 506 661 553 nm
710 487 1020 569 propius
1076 486 1352 568 aptatis
1383 510 1444 551 ».
1497 481 1714 567 Quod
1775 486 1860 550 ut
1913 485 2107 552 recte
2166 481 2263 551 ad
2324 480 2664 552 effectum
2724 480 3231 565 deduceretur,
3277 486 3485 550 motu

495 626 815 714 proprio,
862 630 1061 695 certa
1103 624 1416 696 scientia
1461 629 1535 695 et
1592 629 1884 693 matura
1945 620 2496 708 deliberatione,
2540 622 2726 694 haec
2771 622 3093 694 decrevit
3137 626 3327 711 qu‘ae
3373 642 3486 691 se·

499 773 858 858 quuntur:

682 938 718 972 «
744 912 799 979 1.
852 912 1276 995 Consilium,
1334 913 1503 993 sive,
1565 912 1646 978 ut
1703 912 1941 994 aiunt,
2009 908 2586 979 &mmmmm
2630 909 3084 995 Pontificiam
3131 911 3488 978 constitui-

496 1073 679 1137 mus,
739 1074 965 1139 quam
1027 1054 1446 1139 peruaserat
1517 1054 1732 1120 totius
1801 1052 3489 1138 neqotiimoaeratioetoura‚oaqueoonotoe

499 1197 597 1265 bit
661 1219 751 1267 eoe
819 1198 1199 1267 nonnullis
1275 1195 1345 1265 S.
1407 1197 1486 1264 R.
1544 1197 1625 1265 Ε.
1687 1195 2230 1279 Cardinalibus,
2290 1215 2342 1262 a
2411 1195 2754 1280 Pantilius,
2814 1197 3247 1264 nominatim
3310 1194 3489 1263 desi-

495 1339 841 1422 ouandi-s.

692 1507 721 1547 α
766 1470 861 1552 ῘΙ.
890 1481 1084 1548 Huic
1118 1480 1437 1550 Consilio
1482 1479 1977 1564 ipsePontifeoe
2053 1479 2371 1561 pram-it
2414 1481 2498 1562 et,
2555 1479 2890 1565 Pantilius
2955 1479 3256 1562 absente,
3322 1476 3490 1547 Gar-

497 1624 779 1691 dinalis
822 1623 1143 1690 decanus
1184 1623 1376 1690 inter
1420 1623 1810 1691 adstantes.

678 1791 714 1825 «
735 1761 868 1834 ΙΙΙ.
893 1764 1130 1831 Erum
1150 1764 1533 1848 praeterea
1554 1765 1746 1833 iusto
1775 1783 2073 1831 numero
2092 1762 2560 1846 Consultone,
2576 1784 2753 1849 quos
2775 1764 3028 1834 Patres
3056 1763 3489 1833 Cardinales

498 1928 536 1973 e
564 1909 748 1974 vario
776 1868 1122 1974 'canonici
1166 1907 1358 1973 ium
1387 1924 1476 1972 ao
1506 1905 1892 1990 ιιιωιορεαο
1925 1906 2397 1989 mammis
2440 1905 2713 1992 elevent,
2748 1906 3085 1992 Pontem
3119 1907 3487 1991 probante.

680 2078 717 2113 «
752 2051 793 2118 1
803 2051 877 2119 V.
926 2051 1265 2119 Volumus
1309 2053 1551 2118 autem
1601 2052 2026 2118 universum
2069 2051 2604 2135 Episcopatum‚
2648 2052 2867 2120 iuxta
2908 2070 3206 2120 normas
3247 2071 3492 2137 oppor-

501 2197 672 2261 tune
717 2194 1134 2277 tradendae,
1170 2196 1255 2261 in
1285 2194 1808 2280 pravissimum
1853 2193 1979 2261 hoc
2019 2212 2203 2278 opus
2244 2194 2661 2277 conspirare
2688 2195 2902 2279 atque
2941 2214 3375 2263 corteno-mre.

678 2363 714 2397 «
771 2337 835 2404 V.
895 2337 1022 2406 Ubi
1066 2339 1293 2423 tuerit
1336 2338 1723 2405 constituta
1766 2337 1961 2404 ratio
2004 2337 2088 2402 in
2138 2335 2554 2404 huiusmodi
2607 2337 2850 2406 studio
2904 2337 3270 2420 sedanda,
3321 2335 3489 2405 Gon-

498 2478 804 2548 suuom
846 2456 1232 2546 materiam
1274 2478 1646 2562 parabunt
1688 2496 2044 2563 suamque
2086 2479 2173 2545 aa
2214 2479 2387 2563 apsa
2427 2479 2854 2546 antennam
2895 2480 2981 2545 in
3038 2479 3489 2547 conventibus
3559 2460 3572 2472 ‘

500 2623 722 2703 edent,
761 2621 1104 2705 praeside
1144 2621 1297 2703 illo,
1342 2623 1462 2688 oui
1511 2619 1847 2705 Pontifeoe
1892 2620 2350 2688 mandaverit
2410 2617 2715 2688 Consilii
2773 2619 3286 2689 Cardinalim
3341 2640 3489 2689 ease

501 2763 593 2832 ab
637 2762 839 2831 actis.
867 2763 957 2830 In
1000 2783 1245 2831 eorum
1272 2764 1530 2830 deinde
1575 2763 1823 2832 studia
1856 2765 1922 2829 et
1949 2764 2344 2831 sordentia-s
2375 2761 2514 2830 PP.
2542 2760 2970 2833 Gau-dimus
2998 2767 3294 2831 matura
3320 2764 3491 2832 deli·

468 2866 858 2974 ¹beratione
909 2906 1301 2991 inquirent.
1373 2906 1636 2974 Omnia
1696 2906 2002 2992 deniqne
2062 2905 2164 2973 ad
2208 2903 2617 2991 Pmttifioem
2675 2905 3119 2991 deferantur,
3174 2906 3488 2992 lectuna

499 3047 1009 3132 approbatione
1051 3047 1454 3126 munienda
1488 3073 1547 3115 ».

682 3187 989 3271 Interea,
1037 3193 1120 3258 ut
1182 3186 1524 3277 Episcopi
1573 3187 1919 3273 universi,
1964 3189 2583 3278 quemadmodum
2648 3188 2928 3273 litteris,
2974 3209 3164 3277 quas
3217 3207 3489 3258 memo-

499 3327 847 3414 ravimus,
894 3333 1276 3416 statuerat,
1322 3330 1419 3400 ad
1463 3335 1619 3401 tam
1666 3332 1944 3422 grande
1997 3336 2297 3420 tamque
2358 3331 2674 3403 arduum
2732 3352 2925 3421 opus
2986 3330 3491 3420 conspirarent

498 3472 702 3562 quod
748 3472 824 3541 in
871 3470 1100 3542 totius
1146 3471 1517 3545 Ecclesiae
1565 3475 1843 3545 bonum
1890 3474 2409 3564 apparabatur,
2441 3473 2754 3562 primum
2787 3472 3118 3544 omnium
3152 3472 3488 3544 Pontifex

499 3614 570 3684 id
620 3612 924 3698 curavit,
969 3620 1052 3684 ut
1103 3613 1516 3685 cardinalis
1547 3637 1592 3686 a
1642 3614 1961 3705 publicis
1993 3615 2363 3687 Ecclesiae
2407 3614 2744 3706 negotiis,
2777 3614 2970 3686 datis
3000 3616 3091 3686 ad
3127 3636 3386 3685 omnes
3415 3620 3490 3686 et

498 3756 833 3846 singulos
861 3756 1203 3828 catholici
1237 3756 1438 3828 orbis
1463 3757 2076 3847 Archiepiscopos
2106 3757 2367 3828 litteris
2398 3758 2516 3828 die
2537 3758 2630 3828 25
2660 3756 2899 3827 martii
2929 3758 3257 3830 eiusdem
3290 3759 3489 3846 anni,

498 3899 756 3969 iisdem
810 3900 1215 3983 mandaret,
1262 3905 1365 3984 ut,
1417 3898 1689 3970 auditis
1744 3899 2246 3990 suffraganeis
2306 3900 2463 3972 suis
2522 3900 2858 3990 aliisque,
2903 3900 2966 3971 si
3028 3901 3154 3990 qui
3218 3907 3488 3987 essent,

501 4041 913 4114 Ordinariis
958 4044 1085 4134 qui
1125 4045 1422 4131 Synodo
1455 4043 1882 4133 provinciali
1930 4044 2282 4115 interesse
2314 4045 2685 4129 deberent,
2709 4044 3274 4135 quamprimum,
3300 4044 3491 4115 idest

499 4206 649 4256 non
695 4186 889 4257 ultra
917 4192 1236 4275 quatuor
1285 4208 1577 4258 menses
1625 4209 1671 4258 a
1716 4186 2031 4275 receptis
2068 4186 2351 4273 litteris,
2399 4186 2714 4258 Sanctae
2759 4187 2932 4258 Sedi
2985 4189 3242 4276 paucis
3272 4189 3491 4259 refer-

497 4335 662 4399 rent
708 4349 799 4399 an
850 4335 924 4400 et
968 4351 1334 4420 quaenam
1385 4331 1460 4400 in
1510 4330 1781 4420 vigenti
1830 4329 1992 4402 iure
2039 4329 2418 4416 canonico,
2464 4350 2602 4400 sua
2646 4349 3050 4420 eorumque
3102 4331 3490 4416 sententia,

497 4472 1009 4544 immutatione
1054 4474 1167 4542 vel
1214 4472 1730 4544 emendatione
1779 4473 2029 4563 aliqua
2073 4494 2249 4562 prae
2303 4471 2565 4544 ceteris
2626 4472 3056 4564 indigerent.
3104 4474 3490 4545 Praeterea
3529 4473 3534 4476 ’

497 4613 957 4704 singularum
1006 4614 1392 4685 nationum
1444 4614 1830 4705 Episcopis
1892 4615 2010 4685 ius
2072 4615 2536 4687 tribuebatur
2581 4621 2667 4685 ut
2710 4636 2941 4686 unum
3002 4615 3117 4687 vel
3177 4616 3489 4686 alterum

496 4756 754 4841 virum,
788 4777 1165 4829 sacrorum
1217 4777 1585 4829 canonum
1633 4779 1720 4829 ac
1765 4758 2182 4848 theologiae
2229 4758 2537 4830 scientia
2566 4763 3086 4848 praestantem,
3118 4759 3488 4829 communi

497 4920 867 4970 consensu
929 4900 1267 4986 electum,
1344 4907 1568 4991 atque
1633 4902 1965 4990 ipsorum
2028 4901 2560 4992 Episcoporum
2632 4885 3050 4990 sumptibus
3118 4901 3491 4986 alendum,

496 5042 808 5112 Romam
884 5043 1291 5132 mitterent,
1362 5043 1490 5134 qui
1564 5044 2090 5116 Consultorum
2167 5044 2408 5116 coetui
2485 5045 3044 5117 adscriberetur.
3123 5044 3337 5129 Quod
3425 5044 3488 5115 si

501 5184 831 5269 mallent,
880 5192 1185 5273 possent
1254 5185 1425 5258 item
1501 5187 1846 5277 Episcopi
1917 5210 2152 5259 unum
2219 5209 2308 5260 ex
2378 5186 2524 5258 illis
2586 5186 2992 5277 designare,
3046 5185 3176 5273 qui
3236 5184 3380 5254 iam
3446 5206 3489 5255 a

504 5326 848 5397 Patribus
931 5325 1446 5399 Cardinalibus
1524 5327 1715 5400 inter
1793 5328 2272 5400 Consultores
2360 5326 2822 5399 adnumerati
2912 5329 3191 5410 essent,
3275 5324 3491 5413 eique

503 5489 642 5538 sua
687 5472 944 5558 optata
1002 5470 1499 5541 transmittere
1570 5491 1734 5541 cum
1802 5471 2327 5542 Consultorum
2387 5474 2603 5541 coetu
2663 5466 3310 5552 communicanda3
3372 5470 3492 5540 vel
