3753 5871
434 383 549 445 5oe
1579 386 1776 437 ooaoe
1813 386 1976 438 lam
2026 384 2306 438 cosmed

1729 613 1909 681 ΟΑΝ.
1946 611 2143 680 1797.

618 742 652 825 5
700 745 765 811 1.
815 744 1055 813 Periti
1120 745 1647 814 demandatum
1709 763 1980 813 munus
2047 745 2420 830 suscipere
2476 748 2877 815 censentur
2933 745 3462 831 praestatione

439 849 931 920 iurisiurandi
971 851 1063 921 de
1104 872 1408 921 munere
1448 853 1772 922 fideliter
1813 854 2189 938 implendo
2234 851 2284 917 ².

609 960 643 1043 5
690 960 757 1027 2.
809 960 1074 1029 Partes
1120 981 1268 1030 non
1313 961 1552 1031 solum
1606 963 1965 1031 interesse
2012 967 2325 1048 possunt
2369 961 2863 1030 iurisiurandi
2908 960 3446 1047 praestationi,

433 1069 561 1137 sed
593 1070 831 1137 etiam.
851 1071 1305 1139 exsecutioni
1333 1071 1663 1139 muneris
1694 1071 1939 1156 perito
1970 1070 2425 1153 demandati,
2463 1069 2610 1138 nisi
2637 1069 2847 1139 aliud
2875 1069 2984 1138 rei
3013 1072 3287 1137 natura
3317 1069 3448 1136 vel

436 1178 784 1247 honestas
809 1179 1059 1263 exigat
1086 1184 1219 1247 aut
1250 1179 1368 1248 lex
1400 1180 1516 1248 vel
1542 1179 1763 1248 iudex
1793 1184 2085 1248 statuat
2125 1176 2176 1240 ².

1706 1356 1885 1424 CAN.
1945 1356 2141 1424 1798.

614 1497 802 1568 Post
852 1498 1372 1566 iusiurandum
1425 1500 1895 1584 praestitum,
1948 1498 2014 1567 si
2076 1499 2301 1584 periti
2351 1498 2558 1568 intra
2607 1495 3083 1584 praefinitum
3147 1497 3465 1578 tempus

440 1604 794 1675 mandato
844 1624 991 1673 non
1055 1606 1445 1691 paruerint
1491 1611 1629 1675 aut
1676 1608 1836 1675 sine
1885 1607 2086 1675 iusta
2136 1623 2365 1675 causa
2426 1603 2969 1676 exsecutionem
3020 1603 3458 1688 defugiant,

438 1715 791 1781 tenentur
828 1713 1292 1781 damnorum.

1732 1824 1910 1893 CAN.
1947 1823 2143 1891 1799.

614 1964 648 2046 5
696 1966 761 2030 1.
813 1964 1073 2062 Iudex,
1113 1965 1428 2034 attentis
1463 1966 1561 2033 iis
1599 1985 1784 2052 quae
1820 1986 1869 2033 a
1905 1966 2379 2051 litigantibus
2416 1965 2615 2034 forte
2649 1963 3141 2044 deducantur,
3191 1959 3461 2028 omnia

437 2077 515 2141 et
562 2072 859 2214 singula
910 2075 1163 2159 capita
1208 2074 1505 2143 decreto
1548 2093 1685 2142 suo
1736 2073 2046 2143 definiat
2099 2074 2297 2142 circa
2357 2090 2544 2158 quae
2598 2071 2826 2157 periti
2878 2087 3107 2155 opera
3147 2067 3452 2135 versari

434 2180 759 2373 debegtz
778 2228 1129 2376 'Tempus
1160 2291 1366 2360 intra
1401 2291 1595 2376 quod
1623 2308 1927 2360 examen
1956 2289 2486 2375 perficiendum
2519 2291 2634 2357 est
2662 2292 2738 2356 et
2768 2290 3024 2355 votum
3059 2283 3449 2370 proferen-

432 2399 636 2483 dum,
670 2401 735 2468 si
759 2400 1253 2469 necessarium
1277 2401 1393 2468 vel
1419 2405 1920 2486 opportunum
1946 2400 2178 2469 iudici
2202 2398 2574 2481 videatur,
2600 2399 2848 2482 potest
2872 2394 2967 2463 ab
2996 2394 3164 2478 ipso
3192 2391 3457 2460 iudice

439 2506 825 2592 praefiniri
867 2511 944 2576 et
983 2507 1233 2591 etiam,
1276 2507 1560 2577 auditis
1602 2508 1970 2593 partibus,
2017 2506 2430 2593 prorogari.

1724 2685 1905 2755 om.
1937 2684 2134 2753 1800.

610 2823 644 2906 5
691 2825 759 2890 1.
812 2823 894 2892 Si
939 2825 1325 2894 dubitetur
1380 2827 1547 2912 quis
1600 2828 1962 2913 scriptum
2018 2826 2321 2912 aliquod
2375 2827 2821 2911 exaraverit,
2869 2828 3092 2897 iudex
3136 2831 3454 2912 praeter

430 2931 882 3018 scripturam
915 2934 1329 3020 quaestioni
1356 2935 1748 3005 obnoxiam
1773 2937 2104 3020 assignet
2134 2935 2424 3022 peritis,
2452 2935 3039 3022 proponentibus
3063 2934 3450 3022 partibus,

434 3042 850 3126 scripturas
876 3061 1045 3110 cum
1076 3043 1343 3129 quibus
1372 3044 1506 3111 illa
1533 3044 1953 3129 comparari
1984 3050 2059 3113 et
2091 3045 2420 3113 conferri
2454 3044 2719 3114 debeat
2762 3041 2817 3108 ⁴.

612 3149 646 3232 5
693 3149 759 3217 2.
813 3150 895 3219 Si
925 3150 1017 3220 de
1054 3152 1476 3237 scripturis,
1512 3172 1699 3237 quae
1731 3154 1885 3221 sint
1921 3154 2120 3222 inter
2150 3173 2228 3222 se
2256 3154 2826 3239 comparandae,
2868 3157 3121 3237 partes
3157 3151 3451 3220 dissen-

431 3259 664 3342 tiant,
695 3260 918 3329 iudex
955 3261 1247 3345 seligat,
1278 3262 1860 3347 comparationis
1890 3263 2163 3345 gratia,
2196 3281 2348 3346 eas,
2384 3280 2569 3346 quas
2600 3280 2777 3347 pars
2812 3261 2980 3347 ipsa
3014 3260 3207 3328 alias
3238 3276 3446 3327 reco-

433 3368 716 3455 gnovit,
744 3375 881 3439 aut
911 3385 1095 3454 quas
1124 3371 1252 3455 qui
1275 3374 1674 3439 accusatur
1703 3375 1968 3440 auctor
1993 3371 2412 3456 scripturae
2435 3375 2979 3452 controversae,
3014 3368 3318 3453 scripsit
3349 3373 3457 3437 ut

436 3496 753 3563 persona
792 3478 1093 3564 publica
1131 3484 1208 3547 et
1247 3479 1328 3546 in
1367 3479 1692 3547 archivis
1730 3483 1867 3548 aut
1914 3480 2066 3547 alio
2116 3480 2414 3565 publico
2463 3478 2840 3549 tabulario
2884 3477 3456 3562 custodiuntur3

431 3592 567 3656 aut
595 3587 756 3656 eius
785 3587 1368 3672 subscriptiones
1405 3607 1589 3674 quas
1617 3607 1705 3656 ex
1737 3587 1881 3657 fide
1917 3588 2195 3657 notarii
2222 3588 2340 3656 vel
2375 3605 2732 3672 personae
2768 3585 3110 3671 publicae
3143 3589 3454 3654 constet

430 3714 680 3764 coram
716 3696 904 3782 ipsis
930 3696 1165 3765 fuisse
1193 3702 1564 3765 exaratas.

615 3805 650 3888 5
695 3804 763 3873 3.
813 3805 1027 3886 Quod
1060 3805 1125 3873 si
1153 3805 1571 3890 scripturae
1596 3823 1643 3872 a
1669 3805 2012 3889 partibus
2040 3810 2116 3874 et
2146 3825 2194 3874 a
2221 3803 2464 3873 iudice
2496 3821 2634 3888 pro
2663 3802 3217 3887 comparatione
3248 3800 3446 3869 desi·

439 3916 736 4001 gnatae.
766 3911 1175 3996 peritorum
1200 3911 1502 3993 iudicio,
1531 3911 2090 3996 investigationi
2116 3930 2262 3978 non
2295 3910 2690 3993 sufficiant,
2719 3915 2796 3979 et
2825 3912 2892 3978 is
2916 3911 3041 3978 cui
3066 3911 3451 3994 scriptura

289 4090 293 4094 ⁴
431 4028 910 4092 controversa
942 4021 1331 4103 tribuitur,
1373 4021 1452 4087 in
1488 4021 1677 4088 vivis
1711 4020 1836 4104 sit,
1874 4021 2095 4089 iudex
2130 4020 2227 4089 ad
2267 4019 2708 4089 instantiam
2751 4018 2992 4104 partis
3032 4022 3168 4086 aut
3207 4016 3444 4085 etiam

432 4151 522 4200 ex
559 4130 796 4200 officio
824 4147 990 4198 eum
1020 4128 1228 4211 citet,
1263 4134 1349 4198 ut
1376 4147 1602 4197 manu
1634 4130 1939 4226 prop-ria
1976 4147 2225 4197 coram
2262 4128 2506 4197 iudice
2542 4128 2659 4196 vel
2694 4127 2855 4195 eius
2885 4126 3227 4212 delegato
3256 4125 3441 4192 scri-

436 4238 566 4307 bat
603 4237 962 4322 quidquid
978 4236 1247 4320 -periti,
1283 4237 1505 4304 iudex
1547 4237 1731 4322 ipse,
1766 4238 2015 4306 eiusve
2047 4237 2432 4322 delegatus
2473 4235 2834 4305 dictaturi
2869 4236 3046 4302 sint.

614 4348 647 4431 5
695 4349 762 4414 4.
812 4346 1214 4414 Recusatio
1258 4346 1653 4430 scribendi,
1702 4366 1851 4415 non
1899 4346 2213 4432 probata
2257 4345 2594 4429 legitima
2638 4342 3130 4412 recusationis
3182 4358 3445 4423 causa,

432 4457 749 4526 babetur
805 4459 892 4524 ut
941 4454 1312 4523 confessio
1363 4455 1855 4541 genuinitatis
1911 4456 2328 4540 scripturae
2371 4459 2891 4522 controversae
2935 4450 3016 4517 in
3062 4450 3437 4534 praeiudi·

431 4567 629 4635 cium
661 4564 1123 4658 recusantis:

1736 4674 1915 4741 Gan.
1952 4674 2149 4742 1801.

610 4815 648 4898 5
692 4818 758 4883 1.
810 4816 1045 4884 Periti
1076 4822 1329 4884 votum
1360 4835 1573 4883 suum
1605 4817 1721 4885 vel
1751 4818 1830 4883 in
1861 4818 2166 4902 scriptis
2201 4818 2536 4901 proferre
2566 4822 2903 4904 possunt,
2937 4818 3055 4886 vel
3091 4823 3445 4888 oretenus

434 4941 687 4991 coram
731 4923 995 5006 iudice;
1032 4925 1158 4991 sed
1194 4926 1256 4991 si
1292 4944 1417 4992 ore
1453 4926 1908 5010 proferatur,
1947 4925 2204 4993 statim
2240 4926 2319 4993 in
2359 4928 2662 5011 scriptis
2706 4927 2940 5013 redigi
2974 4927 3190 4997 debet
3232 4946 3282 4995 a
3317 4946 3444 4995 no-

437 5030 639 5099 tario
673 5034 752 5099 et
779 5048 826 5097 a
857 5030 1120 5113 peritis
1151 5031 1538 5099 subscribi.

626 5263 644 5296 ¹
683 5260 945 5324 Regulae
977 5261 1303 5313 servandae
1332 5262 1394 5312 in
1424 5261 1662 5313 iudiciis
1691 5261 1849 5322 apud
1881 5261 1937 5314 S.
1971 5262 2040 5313 R.
2082 5262 2271 5316 Rotae
2300 5264 2607 5325 Tribunul,
2640 5266 2670 5315 4
2707 5276 2842 5327 aug.
2874 5265 3024 5324 1910,
3062 5264 3088 5325 5
3118 5263 3230 5315 129.

617 5361 641 5393 2
687 5353 948 5414 Regulae
983 5352 1310 5404 servandae
1341 5354 1403 5403 ln
1437 5352 1675 5404 iudiciis
1703 5353 1860 5413 apud
1892 5352 1950 5405 S.
1984 5353 2054 5404 R.
2089 5354 2278 5407 Rotae
2304 5355 2610 5415 Tribuual,
2641 5356 2675 5405 4
2701 5367 2834 5417 aug.
2872 5355 3020 5412 1910,
3061 5355 3088 5414 5
3119 5352 3229 5405 120.

618 5448 643 5485 ³
686 5443 947 5506 Regulae
978 5443 1304 5495 servandae
1334 5444 1397 5494 in
1431 5443 1671 5495 iudiciis
1701 5445 1860 5504 apud
1895 5444 1954 5498 S.
1997 5444 2068 5496 Β.
2107 5445 2297 5497 Rotae
2328 5446 2633 5504 Tribunal‚
2668 5446 2701 5496 4
2730 5457 2865 5506 aug.
2902 5443 3052 5503 1910,
3090 5442 3118 5503 5
3150 5441 3263 5494 124.

623 5540 646 5576 ⁴
685 5534 946 5597 Reculae
974 5534 1299 5586 servandae
1335 5535 1398 5586 ln
1428 5534 1666 5587 iudiciis
1701 5535 1860 5595 apud
1891 5534 1949 5587 S.
1984 5535 2052 5586 R.
2089 5534 2279 5598 Rotae
2304 5533 2611 5592 Tribuuah
2642 5534 2676 5583 4
2702 5545 2835 5594 aug.
2872 5534 3020 5594 1910,
3062 5533 3089 5595 5
3119 5533 3233 5587 132.
