<?xml version="1.0" encoding="UTF-8"?>
<!DOCTYPE html PUBLIC "-//W3C//DTD XHTML 1.0 Transitional//EN"
    "http://www.w3.org/TR/xhtml1/DTD/xhtml1-transitional.dtd">
<html xmlns="http://www.w3.org/1999/xhtml" xml:lang="en" lang="en">
 <head>
  <title>
</title>
<meta http-equiv="Content-Type" content="text/html;charset=utf-8" />
  <meta name='ocr-system' content='tesseract 3.04.00' />
  <meta name='ocr-capabilities' content='ocr_page ocr_carea ocr_par ocr_line ocrx_word'/>
</head>
<body>
  <div class='ocr_page' id='page_1' title='image "./codexiuriscanon00xgoog_0096.png"; bbox 0 0 3753 5871; ppageno 0'>
   <div class='ocr_carea' id='block_1_1' title="bbox 485 193 2476 279">
    <p class='ocr_par' dir='ltr' id='par_1_1' title="bbox 485 193 2476 279">
     <span class='ocr_line' id='line_1_1' title="bbox 485 193 2476 279; baseline -0.007 8"><span class='ocrx_word' id='word_1_1' title='bbox 485 223 559 279; x_wconf 78' lang='grc'><strong>44</strong></span> <span class='ocrx_word' id='word_1_2' title='bbox 1625 227 1822 279; x_wconf 73' lang='lat' dir='ltr'><strong>com</strong></span> <span class='ocrx_word' id='word_1_3' title='bbox 1866 225 2030 278; x_wconf 69' lang='lat' dir='ltr'><strong>tum</strong></span> <span class='ocrx_word' id='word_1_4' title='bbox 2070 225 2351 278; x_wconf 59' lang='lat' dir='ltr'><strong>canonica</strong></span> <span class='ocrx_word' id='word_1_5' title='bbox 2468 193 2476 203; x_wconf 79' lang='grc'><strong>”</strong></span> 
     </span>
    </p>
   </div>
   <div class='ocr_carea' id='block_1_2' title="bbox 489 414 3488 936">
    <p class='ocr_par' dir='ltr' id='par_1_2' title="bbox 490 414 3488 610">
     <span class='ocr_line' id='line_1_2' title="bbox 670 414 3488 501; baseline 0.001 -20"><span class='ocrx_word' id='word_1_6' title='bbox 670 415 704 498; x_wconf 69' lang='grc' dir='ltr'>ξ</span> <span class='ocrx_word' id='word_1_7' title='bbox 751 415 819 482; x_wconf 86' lang='grc'><strong>2.</strong></span> <span class='ocrx_word' id='word_1_8' title='bbox 867 415 1397 501; x_wconf 83' lang='lat' dir='ltr'><strong>Acceptatione</strong></span> <span class='ocrx_word' id='word_1_9' title='bbox 1428 416 1810 483; x_wconf 80' lang='lat' dir='ltr'><strong>electionis</strong></span> <span class='ocrx_word' id='word_1_10' title='bbox 1848 414 2152 500; x_wconf 90' lang='lat' dir='ltr'><strong>electus,</strong></span> <span class='ocrx_word' id='word_1_11' title='bbox 2188 416 2257 482; x_wconf 92' lang='lat' dir='ltr'><strong>si</strong></span> <span class='ocrx_word' id='word_1_12' title='bbox 2287 414 2848 483; x_wconf 82' lang='lat' dir='ltr'><strong>confirmatione</strong></span> <span class='ocrx_word' id='word_1_13' title='bbox 2879 433 3026 484; x_wconf 91' lang='lat' dir='ltr'><strong>non</strong></span> <span class='ocrx_word' id='word_1_14' title='bbox 3060 419 3295 501; x_wconf 79' lang='lat' dir='ltr'><strong>egeat,</strong></span> <span class='ocrx_word' id='word_1_15' title='bbox 3332 417 3488 501; x_wconf 88' lang='lat' dir='ltr'><strong>ple-</strong></span> 
     </span>
     <span class='ocr_line' id='line_1_3' title="bbox 490 523 2935 610; baseline 0 -20"><span class='ocrx_word' id='word_1_16' title='bbox 490 543 666 591; x_wconf 90' lang='lat' dir='ltr'><strong>num</strong></span> <span class='ocrx_word' id='word_1_17' title='bbox 698 524 817 592; x_wconf 91' lang='lat' dir='ltr'><strong>ius</strong></span> <span class='ocrx_word' id='word_1_18' title='bbox 854 525 1111 592; x_wconf 87' lang='lat' dir='ltr'><strong>statim</strong></span> <span class='ocrx_word' id='word_1_19' title='bbox 1143 524 1448 608; x_wconf 84' lang='lat' dir='ltr'><strong>obtinet3</strong></span> <span class='ocrx_word' id='word_1_20' title='bbox 1479 541 1714 605; x_wconf 89' lang='lat' dir='ltr'><strong>secus,</strong></span> <span class='ocrx_word' id='word_1_21' title='bbox 1757 543 1903 592; x_wconf 90' lang='lat' dir='ltr'><strong>non</strong></span> <span class='ocrx_word' id='word_1_22' title='bbox 1936 524 2262 610; x_wconf 83' lang='lat' dir='ltr'><strong>acquirit</strong></span> <span class='ocrx_word' id='word_1_23' title='bbox 2300 524 2446 590; x_wconf 90' lang='lat' dir='ltr'><strong>nisi</strong></span> <span class='ocrx_word' id='word_1_24' title='bbox 2478 525 2596 591; x_wconf 93' lang='lat' dir='ltr'><strong>ius</strong></span> <span class='ocrx_word' id='word_1_25' title='bbox 2627 523 2722 590; x_wconf 88' lang='lat' dir='ltr'><strong>ad</strong></span> <span class='ocrx_word' id='word_1_26' title='bbox 2757 542 2935 591; x_wconf 91' lang='lat' dir='ltr'><strong>rem.</strong></span> 
     </span>
    </p>

    <p class='ocr_par' dir='ltr' id='par_1_3' title="bbox 489 631 3486 936">
     <span class='ocr_line' id='line_1_4' title="bbox 681 631 3478 718; baseline -0.001 -16"><span class='ocrx_word' id='word_1_27' title='bbox 681 635 715 717; x_wconf 66' lang='grc' dir='ltr'><strong>ξ</strong></span> <span class='ocrx_word' id='word_1_28' title='bbox 761 635 828 702; x_wconf 87' lang='grc'><strong>3.</strong></span> <span class='ocrx_word' id='word_1_29' title='bbox 877 636 1076 702; x_wconf 84' lang='lat' dir='ltr'><strong>Ante</strong></span> <span class='ocrx_word' id='word_1_30' title='bbox 1137 639 1514 718; x_wconf 80' lang='lat' dir='ltr'><strong>acceptam</strong></span> <span class='ocrx_word' id='word_1_31' title='bbox 1565 632 2199 701; x_wconf 86' lang='lat' dir='ltr'><strong>confirmationem</strong></span> <span class='ocrx_word' id='word_1_32' title='bbox 2251 633 2399 718; x_wconf 89' lang='lat' dir='ltr'><strong>ipsi</strong></span> <span class='ocrx_word' id='word_1_33' title='bbox 2450 637 2841 717; x_wconf 85' lang='lat' dir='ltr'><strong>praetextu</strong></span> <span class='ocrx_word' id='word_1_34' title='bbox 2891 631 3274 701; x_wconf 75' lang='lat' dir='ltr'><strong>electionis</strong></span> <span class='ocrx_word' id='word_1_35' title='bbox 3323 651 3478 702; x_wconf 89' lang='lat' dir='ltr'><strong>non</strong></span> 
     </span>
     <span class='ocr_line' id='line_1_5' title="bbox 489 739 3486 825; baseline -0 -17"><span class='ocrx_word' id='word_1_36' title='bbox 489 743 667 810; x_wconf 89' lang='lat' dir='ltr'><strong>licet</strong></span> <span class='ocrx_word' id='word_1_37' title='bbox 709 761 863 809; x_wconf 89' lang='lat' dir='ltr'><strong>sese</strong></span> <span class='ocrx_word' id='word_1_38' title='bbox 904 742 1312 808; x_wconf 83' lang='lat' dir='ltr'><strong>immiscere</strong></span> <span class='ocrx_word' id='word_1_39' title='bbox 1364 740 2000 808; x_wconf 82' lang='lat' dir='ltr'><strong>administrationi</strong></span> <span class='ocrx_word' id='word_1_40' title='bbox 2046 739 2263 808; x_wconf 86' lang='lat' dir='ltr'><strong>officii</strong></span> <span class='ocrx_word' id='word_1_41' title='bbox 2317 740 2469 808; x_wconf 92' lang='lat' dir='ltr'><strong>sive</strong></span> <span class='ocrx_word' id='word_1_42' title='bbox 2509 741 2589 806; x_wconf 91' lang='lat' dir='ltr'><strong>in</strong></span> <span class='ocrx_word' id='word_1_43' title='bbox 2633 740 3152 825; x_wconf 86' lang='lat' dir='ltr'><strong>spiritualibus</strong></span> <span class='ocrx_word' id='word_1_44' title='bbox 3204 742 3359 809; x_wconf 89' lang='lat' dir='ltr'><strong>sive</strong></span> <span class='ocrx_word' id='word_1_45' title='bbox 3400 747 3486 807; x_wconf 83' lang='lat' dir='ltr'><strong>in</strong></span> 
     </span>
     <span class='ocr_line' id='line_1_6' title="bbox 495 847 2668 936; baseline -0.003 -15"><span class='ocrx_word' id='word_1_46' title='bbox 495 852 1053 936; x_wconf 84' lang='lat' dir='ltr'><strong>temporalibus,</strong></span> <span class='ocrx_word' id='word_1_47' title='bbox 1092 856 1167 918; x_wconf 92' lang='lat' dir='ltr'><strong>et</strong></span> <span class='ocrx_word' id='word_1_48' title='bbox 1204 854 1420 918; x_wconf 89' lang='lat' dir='ltr'><strong>actus</strong></span> <span class='ocrx_word' id='word_1_49' title='bbox 1457 850 1551 916; x_wconf 88' lang='lat' dir='ltr'><strong>ab</strong></span> <span class='ocrx_word' id='word_1_50' title='bbox 1584 869 1670 918; x_wconf 91' lang='lat' dir='ltr'><strong>eo</strong></span> <span class='ocrx_word' id='word_1_51' title='bbox 1702 850 1900 917; x_wconf 84' lang='lat' dir='ltr'><strong>forte</strong></span> <span class='ocrx_word' id='word_1_52' title='bbox 1932 849 2159 934; x_wconf 89' lang='lat' dir='ltr'><strong>positi</strong></span> <span class='ocrx_word' id='word_1_53' title='bbox 2190 848 2381 915; x_wconf 91' lang='lat' dir='ltr'><strong>nulli</strong></span> <span class='ocrx_word' id='word_1_54' title='bbox 2416 851 2583 916; x_wconf 82' lang='lat' dir='ltr'><strong>sunt</strong></span> <span class='ocrx_word' id='word_1_55' title='bbox 2620 847 2668 913; x_wconf 88' lang='lat'><strong>¹.</strong></span> 
     </span>
    </p>
   </div>
   <div class='ocr_carea' id='block_1_3' title="bbox 1790 1007 2160 1075">
    <p class='ocr_par' dir='ltr' id='par_1_4' title="bbox 1790 1007 2160 1075">
     <span class='ocr_line' id='line_1_7' title="bbox 1790 1007 2160 1075; baseline -0.003 0"><span class='ocrx_word' id='word_1_56' title='bbox 1790 1007 1970 1075; x_wconf 76' lang='lat' dir='ltr'>CAN.</span> <span class='ocrx_word' id='word_1_57' title='bbox 2007 1007 2160 1074; x_wconf 97' lang='grc'><strong>177.</strong></span> 
     </span>
    </p>
   </div>
   <div class='ocr_carea' id='block_1_4' title="bbox 489 1127 3493 2617">
    <p class='ocr_par' dir='ltr' id='par_1_5' title="bbox 490 1127 3491 1542">
     <span class='ocr_line' id='line_1_8' title="bbox 667 1127 3486 1216; baseline -0.002 -18"><span class='ocrx_word' id='word_1_58' title='bbox 667 1133 701 1215; x_wconf 81' lang='lat'><strong>§</strong></span> <span class='ocrx_word' id='word_1_59' title='bbox 746 1135 815 1198; x_wconf 87' lang='lat'><strong>1.</strong></span> <span class='ocrx_word' id='word_1_60' title='bbox 865 1132 1194 1216; x_wconf 89' lang='lat' dir='ltr'><strong>Electus,</strong></span> <span class='ocrx_word' id='word_1_61' title='bbox 1223 1133 1289 1200; x_wconf 92' lang='lat' dir='ltr'><strong>si</strong></span> <span class='ocrx_word' id='word_1_62' title='bbox 1313 1132 1576 1201; x_wconf 87' lang='lat' dir='ltr'><strong>electio</strong></span> <span class='ocrx_word' id='word_1_63' title='bbox 1603 1130 2164 1199; x_wconf 85' lang='lat' dir='ltr'><strong>confirmatione</strong></span> <span class='ocrx_word' id='word_1_64' title='bbox 2187 1130 2544 1215; x_wconf 78' lang='lat' dir='ltr'><strong>indigeat,</strong></span> <span class='ocrx_word' id='word_1_65' title='bbox 2581 1129 2843 1197; x_wconf 89' lang='lat' dir='ltr'><strong>saltem</strong></span> <span class='ocrx_word' id='word_1_66' title='bbox 2871 1129 3077 1197; x_wconf 86' lang='lat' dir='ltr'><strong>intra</strong></span> <span class='ocrx_word' id='word_1_67' title='bbox 3102 1127 3486 1202; x_wconf 83' lang='lat' dir='ltr'><strong>octiduum</strong></span> 
     </span>
     <span class='ocr_line' id='line_1_9' title="bbox 490 1236 3487 1325; baseline -0.002 -17"><span class='ocrx_word' id='word_1_68' title='bbox 490 1261 537 1308; x_wconf 85' lang='lat' dir='ltr'><strong>a</strong></span> <span class='ocrx_word' id='word_1_69' title='bbox 566 1241 688 1309; x_wconf 91' lang='lat' dir='ltr'><strong>die</strong></span> <span class='ocrx_word' id='word_1_70' title='bbox 709 1246 1138 1325; x_wconf 87' lang='lat' dir='ltr'><strong>acceptatae</strong></span> <span class='ocrx_word' id='word_1_71' title='bbox 1163 1240 1546 1309; x_wconf 88' lang='lat' dir='ltr'><strong>electionis</strong></span> <span class='ocrx_word' id='word_1_72' title='bbox 1569 1239 2204 1308; x_wconf 87' lang='lat' dir='ltr'><strong>confirmationem</strong></span> <span class='ocrx_word' id='word_1_73' title='bbox 2232 1257 2277 1304; x_wconf 89' lang='lat' dir='ltr'><strong>a</strong></span> <span class='ocrx_word' id='word_1_74' title='bbox 2310 1241 2769 1323; x_wconf 88' lang='lat' dir='ltr'><strong>competente</strong></span> <span class='ocrx_word' id='word_1_75' title='bbox 2804 1236 3199 1321; x_wconf 82' lang='lat' dir='ltr'><strong>Superiore</strong></span> <span class='ocrx_word' id='word_1_76' title='bbox 3234 1240 3487 1320; x_wconf 89' lang='lat' dir='ltr'><strong>petere</strong></span> 
     </span>
     <span class='ocr_line' id='line_1_10' title="bbox 493 1344 3491 1435; baseline -0.002 -20"><span class='ocrx_word' id='word_1_77' title='bbox 493 1368 624 1433; x_wconf 90' lang='lat' dir='ltr'><strong>per</strong></span> <span class='ocrx_word' id='word_1_78' title='bbox 659 1369 738 1417; x_wconf 91' lang='lat' dir='ltr'><strong>se</strong></span> <span class='ocrx_word' id='word_1_79' title='bbox 769 1350 885 1417; x_wconf 93' lang='lat' dir='ltr'><strong>vel</strong></span> <span class='ocrx_word' id='word_1_80' title='bbox 926 1368 1058 1435; x_wconf 93' lang='lat' dir='ltr'><strong>per</strong></span> <span class='ocrx_word' id='word_1_81' title='bbox 1094 1350 1323 1415; x_wconf 88' lang='lat' dir='ltr'><strong>alium</strong></span> <span class='ocrx_word' id='word_1_82' title='bbox 1361 1349 1600 1432; x_wconf 81' lang='lat' dir='ltr'><strong>debet3</strong></span> <span class='ocrx_word' id='word_1_83' title='bbox 1647 1365 1858 1416; x_wconf 91' lang='lat' dir='ltr'><strong>secus</strong></span> <span class='ocrx_word' id='word_1_84' title='bbox 1897 1347 2096 1415; x_wconf 91' lang='lat' dir='ltr'><strong>omni</strong></span> <span class='ocrx_word' id='word_1_85' title='bbox 2134 1347 2296 1415; x_wconf 90' lang='lat' dir='ltr'><strong>iure</strong></span> <span class='ocrx_word' id='word_1_86' title='bbox 2336 1347 2702 1432; x_wconf 86' lang='lat' dir='ltr'><strong>privatur,</strong></span> <span class='ocrx_word' id='word_1_87' title='bbox 2749 1345 2896 1412; x_wconf 88' lang='lat' dir='ltr'><strong>nisi</strong></span> <span class='ocrx_word' id='word_1_88' title='bbox 2944 1344 3369 1430; x_wconf 88' lang='lat' dir='ltr'><strong>probaverit</strong></span> <span class='ocrx_word' id='word_1_89' title='bbox 3406 1361 3491 1410; x_wconf 87' lang='lat' dir='ltr'><strong>se</strong></span> 
     </span>
     <span class='ocr_line' id='line_1_11' title="bbox 490 1450 3027 1542; baseline -0.002 -19"><span class='ocrx_word' id='word_1_90' title='bbox 490 1476 535 1523; x_wconf 89' lang='lat' dir='ltr'><strong>a</strong></span> <span class='ocrx_word' id='word_1_91' title='bbox 566 1458 882 1542; x_wconf 88' lang='lat' dir='ltr'><strong>petenda</strong></span> <span class='ocrx_word' id='word_1_92' title='bbox 911 1456 1471 1524; x_wconf 87' lang='lat' dir='ltr'><strong>confirmatione</strong></span> <span class='ocrx_word' id='word_1_93' title='bbox 1509 1457 1710 1523; x_wconf 89' lang='lat' dir='ltr'><strong>iusto</strong></span> <span class='ocrx_word' id='word_1_94' title='bbox 1742 1455 2268 1539; x_wconf 88' lang='lat' dir='ltr'><strong>impedimento</strong></span> <span class='ocrx_word' id='word_1_95' title='bbox 2296 1455 2530 1521; x_wconf 79' lang='lat' dir='ltr'><strong>fuisse</strong></span> <span class='ocrx_word' id='word_1_96' title='bbox 2567 1455 2944 1522; x_wconf 88' lang='lat' dir='ltr'><strong>detentum</strong></span> <span class='ocrx_word' id='word_1_97' title='bbox 2975 1450 3027 1519; x_wconf 86' lang='lat'><strong>².</strong></span> 
     </span>
    </p>

    <p class='ocr_par' dir='ltr' id='par_1_6' title="bbox 491 1559 3490 1757">
     <span class='ocr_line' id='line_1_12' title="bbox 669 1559 3490 1650; baseline -0.002 -20"><span class='ocrx_word' id='word_1_98' title='bbox 669 1564 703 1646; x_wconf 66' lang='grc' dir='ltr'><strong>ξ</strong></span> <span class='ocrx_word' id='word_1_99' title='bbox 750 1564 816 1630; x_wconf 89' lang='grc'><strong>2.</strong></span> <span class='ocrx_word' id='word_1_100' title='bbox 870 1565 1250 1650; x_wconf 80' lang='lat' dir='ltr'><strong>Superior,</strong></span> <span class='ocrx_word' id='word_1_101' title='bbox 1295 1565 1361 1631; x_wconf 89' lang='lat' dir='ltr'><strong>si</strong></span> <span class='ocrx_word' id='word_1_102' title='bbox 1400 1563 1713 1633; x_wconf 89' lang='lat' dir='ltr'><strong>electum</strong></span> <span class='ocrx_word' id='word_1_103' title='bbox 1761 1564 2121 1648; x_wconf 85' lang='lat' dir='ltr'><strong>repererit</strong></span> <span class='ocrx_word' id='word_1_104' title='bbox 2160 1563 2529 1643; x_wconf 89' lang='lat' dir='ltr'><strong>idoneum,</strong></span> <span class='ocrx_word' id='word_1_105' title='bbox 2582 1573 2657 1630; x_wconf 85' lang='lat' dir='ltr'><strong>et</strong></span> <span class='ocrx_word' id='word_1_106' title='bbox 2699 1560 2962 1628; x_wconf 88' lang='lat' dir='ltr'><strong>electio</strong></span> <span class='ocrx_word' id='word_1_107' title='bbox 3000 1559 3096 1626; x_wconf 89' lang='lat' dir='ltr'><strong>ad</strong></span> <span class='ocrx_word' id='word_1_108' title='bbox 3150 1574 3490 1626; x_wconf 84' lang='lat' dir='ltr'><strong>normam</strong></span> 
     </span>
     <span class='ocr_line' id='line_1_13' title="bbox 491 1667 2774 1757; baseline -0.002 -19"><span class='ocrx_word' id='word_1_109' title='bbox 491 1671 681 1740; x_wconf 91' lang='lat' dir='ltr'><strong>iuris</strong></span> <span class='ocrx_word' id='word_1_110' title='bbox 717 1673 951 1740; x_wconf 84' lang='lat' dir='ltr'><strong>fuerit</strong></span> <span class='ocrx_word' id='word_1_111' title='bbox 993 1676 1321 1757; x_wconf 87' lang='lat' dir='ltr'><strong>peracta,</strong></span> <span class='ocrx_word' id='word_1_112' title='bbox 1361 1672 1618 1756; x_wconf 82' lang='lat' dir='ltr'><strong>nequit</strong></span> <span class='ocrx_word' id='word_1_113' title='bbox 1652 1671 2284 1738; x_wconf 88' lang='lat' dir='ltr'><strong>confirmationem</strong></span> <span class='ocrx_word' id='word_1_114' title='bbox 2331 1670 2691 1754; x_wconf 87' lang='lat' dir='ltr'><strong>denegare</strong></span> <span class='ocrx_word' id='word_1_115' title='bbox 2721 1667 2774 1734; x_wconf 80' lang='lat'><strong>³.</strong></span> 
     </span>
    </p>

    <p class='ocr_par' dir='ltr' id='par_1_7' title="bbox 670 1779 2327 1863">
     <span class='ocr_line' id='line_1_14' title="bbox 670 1779 2327 1863; baseline -0.001 -17"><span class='ocrx_word' id='word_1_116' title='bbox 670 1779 703 1861; x_wconf 68' lang='grc' dir='ltr'>ἓ</span> <span class='ocrx_word' id='word_1_117' title='bbox 750 1780 817 1846; x_wconf 88' lang='grc'><strong>3.</strong></span> <span class='ocrx_word' id='word_1_118' title='bbox 867 1779 1354 1847; x_wconf 84' lang='lat' dir='ltr'><strong>Confirmatio</strong></span> <span class='ocrx_word' id='word_1_119' title='bbox 1384 1780 1462 1845; x_wconf 92' lang='lat' dir='ltr'><strong>in</strong></span> <span class='ocrx_word' id='word_1_120' title='bbox 1498 1779 1799 1863; x_wconf 90' lang='lat' dir='ltr'><strong>scriptis</strong></span> <span class='ocrx_word' id='word_1_121' title='bbox 1837 1780 2005 1846; x_wconf 84' lang='lat' dir='ltr'><strong>dari</strong></span> <span class='ocrx_word' id='word_1_122' title='bbox 2035 1779 2240 1846; x_wconf 80' lang='lat' dir='ltr'><strong>debet</strong></span> <span class='ocrx_word' id='word_1_123' title='bbox 2272 1779 2327 1844; x_wconf 79' lang='lat'><strong>⁴.</strong></span> 
     </span>
    </p>

    <p class='ocr_par' dir='ltr' id='par_1_8' title="bbox 489 1876 3493 2063">
     <span class='ocr_line' id='line_1_15' title="bbox 669 1876 3493 1971; baseline -0.004 -19"><span class='ocrx_word' id='word_1_124' title='bbox 669 1887 702 1969; x_wconf 83' lang='lat'>§</span> <span class='ocrx_word' id='word_1_125' title='bbox 750 1888 816 1952; x_wconf 87' lang='lat'><strong>4.</strong></span> <span class='ocrx_word' id='word_1_126' title='bbox 867 1886 1189 1971; x_wconf 87' lang='lat' dir='ltr'><strong>Recepta</strong></span> <span class='ocrx_word' id='word_1_127' title='bbox 1213 1886 1797 1968; x_wconf 84' lang='lat' dir='ltr'><strong>confirmatione,</strong></span> <span class='ocrx_word' id='word_1_128' title='bbox 1835 1888 2114 1955; x_wconf 88' lang='lat' dir='ltr'><strong>electus</strong></span> <span class='ocrx_word' id='word_1_129' title='bbox 2142 1885 2426 1953; x_wconf 86' lang='lat' dir='ltr'><strong>obtinet</strong></span> <span class='ocrx_word' id='word_1_130' title='bbox 2454 1883 2749 1968; x_wconf 90' lang='lat' dir='ltr'><strong>plenum</strong></span> <span class='ocrx_word' id='word_1_131' title='bbox 2786 1882 2905 1948; x_wconf 92' lang='lat' dir='ltr'><strong>ius</strong></span> <span class='ocrx_word' id='word_1_132' title='bbox 2933 1881 3012 1947; x_wconf 92' lang='lat' dir='ltr'><strong>in</strong></span> <span class='ocrx_word' id='word_1_133' title='bbox 3039 1878 3298 1960; x_wconf 85' lang='lat' dir='ltr'><strong>officio,</strong></span> <span class='ocrx_word' id='word_1_134' title='bbox 3338 1876 3493 1943; x_wconf 87' lang='lat' dir='ltr'><strong>nisi</strong></span> 
     </span>
     <span class='ocr_line' id='line_1_16' title="bbox 489 1994 1487 2063; baseline 0.001 -2"><span class='ocrx_word' id='word_1_135' title='bbox 489 1994 695 2062; x_wconf 88' lang='lat' dir='ltr'><strong>aliud</strong></span> <span class='ocrx_word' id='word_1_136' title='bbox 732 1995 812 2062; x_wconf 92' lang='lat' dir='ltr'><strong>in</strong></span> <span class='ocrx_word' id='word_1_137' title='bbox 856 1996 1019 2062; x_wconf 88' lang='lat' dir='ltr'><strong>iure</strong></span> <span class='ocrx_word' id='word_1_138' title='bbox 1051 1999 1403 2063; x_wconf 86' lang='lat' dir='ltr'><strong>caveatur</strong></span> <span class='ocrx_word' id='word_1_139' title='bbox 1435 1995 1487 2062; x_wconf 84' lang='lat'><strong>⁸.</strong></span> 
     </span>
    </p>

    <p class='ocr_par' dir='ltr' id='par_1_9' title="bbox 1787 2101 2155 2169">
     <span class='ocr_line' id='line_1_17' title="bbox 1787 2101 2155 2169; baseline -0.005 0"><span class='ocrx_word' id='word_1_140' title='bbox 1787 2102 1966 2169; x_wconf 72' lang='lat' dir='ltr'><strong>cm.</strong></span> <span class='ocrx_word' id='word_1_141' title='bbox 2005 2101 2155 2168; x_wconf 82' lang='grc'><strong>178.</strong></span> 
     </span>
    </p>

    <p class='ocr_par' dir='ltr' id='par_1_10' title="bbox 489 2204 3490 2617">
     <span class='ocr_line' id='line_1_18' title="bbox 670 2204 3490 2293; baseline -0.002 -16"><span class='ocrx_word' id='word_1_142' title='bbox 670 2210 752 2277; x_wconf 83' lang='lat' dir='ltr'><strong>Si</strong></span> <span class='ocrx_word' id='word_1_143' title='bbox 790 2209 1053 2278; x_wconf 86' lang='lat' dir='ltr'><strong>electio</strong></span> <span class='ocrx_word' id='word_1_144' title='bbox 1091 2210 1294 2278; x_wconf 80' lang='lat' dir='ltr'><strong>intra</strong></span> <span class='ocrx_word' id='word_1_145' title='bbox 1335 2209 1875 2293; x_wconf 88' lang='lat' dir='ltr'><strong>praescriptum</strong></span> <span class='ocrx_word' id='word_1_146' title='bbox 1917 2215 2208 2293; x_wconf 88' lang='lat' dir='ltr'><strong>tempus</strong></span> <span class='ocrx_word' id='word_1_147' title='bbox 2256 2212 2556 2293; x_wconf 84' lang='lat' dir='ltr'><strong>peracta</strong></span> <span class='ocrx_word' id='word_1_148' title='bbox 2602 2225 2746 2274; x_wconf 90' lang='lat' dir='ltr'><strong>non</strong></span> <span class='ocrx_word' id='word_1_149' title='bbox 2786 2204 3065 2288; x_wconf 80' lang='lat' dir='ltr'><strong>fuerit,-</strong></span> <span class='ocrx_word' id='word_1_150' title='bbox 3097 2208 3234 2273; x_wconf 88' lang='lat' dir='ltr'><strong>aut</strong></span> <span class='ocrx_word' id='word_1_151' title='bbox 3268 2205 3490 2272; x_wconf 88' lang='lat' dir='ltr'><strong>colle·</strong></span> 
     </span>
     <span class='ocr_line' id='line_1_19' title="bbox 489 2311 3489 2402; baseline -0.002 -19"><span class='ocrx_word' id='word_1_152' title='bbox 489 2318 691 2401; x_wconf 85' lang='lat' dir='ltr'><strong>gium</strong></span> <span class='ocrx_word' id='word_1_153' title='bbox 727 2318 889 2386; x_wconf 89' lang='lat' dir='ltr'><strong>iure</strong></span> <span class='ocrx_word' id='word_1_154' title='bbox 916 2317 1236 2401; x_wconf 84' lang='lat' dir='ltr'><strong>eligendi</strong></span> <span class='ocrx_word' id='word_1_155' title='bbox 1275 2318 1611 2402; x_wconf 80' lang='lat' dir='ltr'><strong>privetur</strong></span> <span class='ocrx_word' id='word_1_156' title='bbox 1642 2319 1720 2385; x_wconf 92' lang='lat' dir='ltr'><strong>in</strong></span> <span class='ocrx_word' id='word_1_157' title='bbox 1754 2335 2089 2402; x_wconf 87' lang='lat' dir='ltr'><strong>poenam,</strong></span> <span class='ocrx_word' id='word_1_158' title='bbox 2132 2317 2365 2384; x_wconf 89' lang='lat' dir='ltr'><strong>libera</strong></span> <span class='ocrx_word' id='word_1_159' title='bbox 2398 2315 2614 2383; x_wconf 86' lang='lat' dir='ltr'><strong>officii</strong></span> <span class='ocrx_word' id='word_1_160' title='bbox 2654 2313 2981 2399; x_wconf 82' lang='lat' dir='ltr'><strong>provisio</strong></span> <span class='ocrx_word' id='word_1_161' title='bbox 3010 2313 3106 2381; x_wconf 90' lang='lat' dir='ltr'><strong>ad</strong></span> <span class='ocrx_word' id='word_1_162' title='bbox 3139 2330 3306 2384; x_wconf 87' lang='lat' dir='ltr'><strong>eum</strong></span> <span class='ocrx_word' id='word_1_163' title='bbox 3352 2311 3489 2379; x_wconf 85' lang='lat' dir='ltr'><strong>Su-</strong></span> 
     </span>
     <span class='ocr_line' id='line_1_20' title="bbox 493 2420 3490 2510; baseline -0.002 -18"><span class='ocrx_word' id='word_1_164' title='bbox 493 2426 853 2510; x_wconf 86' lang='lat' dir='ltr'><strong>periorem</strong></span> <span class='ocrx_word' id='word_1_165' title='bbox 893 2425 1334 2504; x_wconf 89' lang='lat' dir='ltr'><strong>devolvitur,</strong></span> <span class='ocrx_word' id='word_1_166' title='bbox 1382 2444 1427 2492; x_wconf 86' lang='lat' dir='ltr'><strong>a</strong></span> <span class='ocrx_word' id='word_1_167' title='bbox 1470 2444 1615 2510; x_wconf 82' lang='lat' dir='ltr'><strong>quo</strong></span> <span class='ocrx_word' id='word_1_168' title='bbox 1652 2424 2161 2494; x_wconf 83' lang='lat' dir='ltr'><strong>confirmanda</strong></span> <span class='ocrx_word' id='word_1_169' title='bbox 2208 2428 2401 2492; x_wconf 87' lang='lat' dir='ltr'><strong>esset</strong></span> <span class='ocrx_word' id='word_1_170' title='bbox 2442 2421 2703 2490; x_wconf 83' lang='lat' dir='ltr'><strong>electio</strong></span> <span class='ocrx_word' id='word_1_171' title='bbox 2744 2421 2859 2489; x_wconf 90' lang='lat' dir='ltr'><strong>vel</strong></span> <span class='ocrx_word' id='word_1_172' title='bbox 2909 2421 3034 2489; x_wconf 91' lang='lat' dir='ltr'><strong>cui</strong></span> <span class='ocrx_word' id='word_1_173' title='bbox 3074 2421 3193 2487; x_wconf 91' lang='lat' dir='ltr'><strong>ius</strong></span> <span class='ocrx_word' id='word_1_174' title='bbox 3244 2420 3490 2504; x_wconf 88' lang='lat' dir='ltr'><strong>provi-</strong></span> 
     </span>
     <span class='ocr_line' id='line_1_21' title="bbox 489 2532 1603 2617; baseline 0.004 -19"><span class='ocrx_word' id='word_1_175' title='bbox 489 2532 714 2600; x_wconf 88' lang='lat' dir='ltr'><strong>dendi</strong></span> <span class='ocrx_word' id='word_1_176' title='bbox 739 2532 1145 2600; x_wconf 85' lang='lat' dir='ltr'><strong>successive</strong></span> <span class='ocrx_word' id='word_1_177' title='bbox 1169 2534 1523 2617; x_wconf 88' lang='lat' dir='ltr'><strong>competit</strong></span> <span class='ocrx_word' id='word_1_178' title='bbox 1553 2534 1603 2601; x_wconf 83' lang='lat'><strong>⁸.</strong></span> 
     </span>
    </p>
   </div>
   <div class='ocr_carea' id='block_1_5' title="bbox 1423 2760 2532 2844">
    <p class='ocr_par' dir='ltr' id='par_1_11' title="bbox 1423 2760 2532 2844">
     <span class='ocr_line' id='line_1_22' title="bbox 1423 2760 2532 2844; baseline 0.004 -20"><span class='ocrx_word' id='word_1_179' title='bbox 1423 2760 1590 2825; x_wconf 72' lang='grc' dir='ltr'><strong>ΛΒΤ.</strong></span> <span class='ocrx_word' id='word_1_180' title='bbox 1636 2763 1756 2826; x_wconf 89' lang='grc' dir='ltr'><strong>ΙΙΙ.</strong></span> <span class='ocrx_word' id='word_1_181' title='bbox 1803 2798 1883 2807; x_wconf 90' lang='grc'>-</span> <span class='ocrx_word' id='word_1_182' title='bbox 1927 2765 2023 2826; x_wconf 92' lang='lat' dir='ltr'><strong>De</strong></span> <span class='ocrx_word' id='word_1_183' title='bbox 2055 2765 2532 2844; x_wconf 70' lang='lat' dir='ltr'><strong>postulatione.</strong></span> 
     </span>
    </p>
   </div>
   <div class='ocr_carea' id='block_1_6' title="bbox 492 2935 3491 3350">
    <p class='ocr_par' dir='ltr' id='par_1_12' title="bbox 492 2935 3491 3350">
     <span class='ocr_line' id='line_1_23' title="bbox 1848 2947 2154 3003; baseline 0.013 -4"><span class='ocrx_word' id='word_1_184' title='bbox 1848 2947 1964 2999; x_wconf 75' lang='lat' dir='ltr'><strong>AN.</strong></span> <span class='ocrx_word' id='word_1_185' title='bbox 2137 2986 2154 3003; x_wconf 90' lang='lat'><strong>.</strong></span> 
     </span>
     <span class='ocr_line' id='line_1_24' title="bbox 670 2935 3489 3132; baseline 0.003 -25"><span class='ocrx_word' id='word_1_186' title='bbox 670 3042 703 3123; x_wconf 70' lang='grc' dir='ltr'><strong>ξ</strong></span> <span class='ocrx_word' id='word_1_187' title='bbox 752 3044 817 3107; x_wconf 92' lang='grc'><strong>1.</strong></span> <span class='ocrx_word' id='word_1_188' title='bbox 871 3041 951 3109; x_wconf 82' lang='lat' dir='ltr'><strong>Si</strong></span> <span class='ocrx_word' id='word_1_189' title='bbox 980 3042 1322 3110; x_wconf 89' lang='lat' dir='ltr'><strong>electioni</strong></span> <span class='ocrx_word' id='word_1_190' title='bbox 1350 3042 1556 3109; x_wconf 71' lang='lat' dir='ltr'><strong>illius</strong></span> <span class='ocrx_word' id='word_1_191' title='bbox 1592 2935 2184 3128; x_wconf 46' lang='lat' dir='ltr'><strong>quemoelectffizs</strong></span> <span class='ocrx_word' id='word_1_192' title='bbox 2212 3047 2572 3130; x_wconf 86' lang='lat' dir='ltr'><strong>aptiorem</strong></span> <span class='ocrx_word' id='word_1_193' title='bbox 2610 3051 2877 3131; x_wconf 89' lang='lat' dir='ltr'><strong>putent</strong></span> <span class='ocrx_word' id='word_1_194' title='bbox 2902 3065 2991 3114; x_wconf 80' lang='lat' dir='ltr'><strong>ac</strong></span> <span class='ocrx_word' id='word_1_195' title='bbox 3026 3045 3489 3132; x_wconf 76' lang='lat' dir='ltr'><strong>praeferant,</strong></span> 
     </span>
     <span class='ocr_line' id='line_1_25' title="bbox 492 3149 3489 3243; baseline 0.004 -28"><span class='ocrx_word' id='word_1_196' title='bbox 492 3149 1094 3232; x_wconf 89' lang='lat' dir='ltr'><strong>impedimentum</strong></span> <span class='ocrx_word' id='word_1_197' title='bbox 1127 3150 1357 3233; x_wconf 85' lang='lat' dir='ltr'><strong>obest,</strong></span> <span class='ocrx_word' id='word_1_198' title='bbox 1393 3169 1615 3234; x_wconf 89' lang='lat' dir='ltr'><strong>super</strong></span> <span class='ocrx_word' id='word_1_199' title='bbox 1645 3170 1788 3236; x_wconf 87' lang='lat' dir='ltr'><strong>quo</strong></span> <span class='ocrx_word' id='word_1_200' title='bbox 1819 3152 2237 3237; x_wconf 88' lang='lat' dir='ltr'><strong>dispensari</strong></span> <span class='ocrx_word' id='word_1_201' title='bbox 2268 3156 2504 3240; x_wconf 88' lang='lat' dir='ltr'><strong>possit</strong></span> <span class='ocrx_word' id='word_1_202' title='bbox 2534 3174 2621 3223; x_wconf 89' lang='lat' dir='ltr'><strong>ac</strong></span> <span class='ocrx_word' id='word_1_203' title='bbox 2660 3156 2919 3240; x_wconf 90' lang='lat' dir='ltr'><strong>soleat,</strong></span> <span class='ocrx_word' id='word_1_204' title='bbox 2962 3158 3118 3225; x_wconf 92' lang='lat' dir='ltr'><strong>suis</strong></span> <span class='ocrx_word' id='word_1_205' title='bbox 3147 3158 3294 3243; x_wconf 92' lang='lat' dir='ltr'><strong>ipsi</strong></span> <span class='ocrx_word' id='word_1_206' title='bbox 3334 3162 3489 3226; x_wconf 78' lang='lat' dir='ltr'><strong>suf·</strong></span> 
     </span>
     <span class='ocr_line' id='line_1_26' title="bbox 492 3259 3491 3350; baseline 0.003 -25"><span class='ocrx_word' id='word_1_207' title='bbox 492 3260 758 3345; x_wconf 78' lang='lat' dir='ltr'><strong>fragiis</strong></span> <span class='ocrx_word' id='word_1_208' title='bbox 800 3280 963 3328; x_wconf 91' lang='lat' dir='ltr'><strong>eum</strong></span> <span class='ocrx_word' id='word_1_209' title='bbox 1019 3264 1356 3344; x_wconf 90' lang='lat' dir='ltr'><strong>possunt,</strong></span> <span class='ocrx_word' id='word_1_210' title='bbox 1405 3259 1552 3327; x_wconf 90' lang='lat' dir='ltr'><strong>nisi</strong></span> <span class='ocrx_word' id='word_1_211' title='bbox 1594 3261 1802 3329; x_wconf 86' lang='lat' dir='ltr'><strong>aliud</strong></span> <span class='ocrx_word' id='word_1_212' title='bbox 1847 3261 2013 3330; x_wconf 91' lang='lat' dir='ltr'><strong>iure</strong></span> <span class='ocrx_word' id='word_1_213' title='bbox 2053 3267 2432 3345; x_wconf 87' lang='lat' dir='ltr'><strong>caveatur,</strong></span> <span class='ocrx_word' id='word_1_214' title='bbox 2480 3282 2526 3331; x_wconf 85' lang='lat' dir='ltr'><strong>a</strong></span> <span class='ocrx_word' id='word_1_215' title='bbox 2568 3268 3028 3349; x_wconf 88' lang='lat' dir='ltr'><strong>competente</strong></span> <span class='ocrx_word' id='word_1_216' title='bbox 3084 3264 3491 3350; x_wconf 85' lang='lat' dir='ltr'><strong>Superiore</strong></span> 
     </span>
    </p>
   </div>
   <div class='ocr_carea' id='block_1_7' title="bbox 494 3369 3495 3560">
    <p class='ocr_par' dir='ltr' id='par_1_13' title="bbox 494 3369 3495 3560">
     <span class='ocr_line' id='line_1_27' title="bbox 499 3369 3495 3463; baseline 0.002 -29"><span class='ocrx_word' id='word_1_217' title='bbox 499 3369 899 3452; x_wconf 88' lang='lat' dir='ltr'><strong>postulare,</strong></span> <span class='ocrx_word' id='word_1_218' title='bbox 967 3369 1110 3437; x_wconf 91' lang='lat' dir='ltr'><strong>etsi</strong></span> <span class='ocrx_word' id='word_1_219' title='bbox 1183 3373 1455 3455; x_wconf 84' lang='lat' dir='ltr'><strong>agatur</strong></span> <span class='ocrx_word' id='word_1_220' title='bbox 1495 3369 1587 3437; x_wconf 88' lang='lat' dir='ltr'><strong>de</strong></span> <span class='ocrx_word' id='word_1_221' title='bbox 1632 3369 1891 3452; x_wconf 86' lang='lat' dir='ltr'><strong>officio,</strong></span> <span class='ocrx_word' id='word_1_222' title='bbox 1946 3388 2087 3459; x_wconf 91' lang='lat' dir='ltr'><strong>pro</strong></span> <span class='ocrx_word' id='word_1_223' title='bbox 2148 3389 2330 3463; x_wconf 33' lang='lat' dir='ltr'><strong>quo,</strong></span> <span class='ocrx_word' id='word_1_224' title='bbox 2365 3372 2644 3440; x_wconf 90' lang='lat' dir='ltr'><strong>electus</strong></span> <span class='ocrx_word' id='word_1_225' title='bbox 2703 3371 3264 3442; x_wconf 87' lang='lat' dir='ltr'><strong>confirmatione</strong></span> <span class='ocrx_word' id='word_1_226' title='bbox 3340 3392 3495 3443; x_wconf 89' lang='lat' dir='ltr'><strong>non</strong></span> 
     </span>
     <span class='ocr_line' id='line_1_28' title="bbox 494 3474 808 3560; baseline 0 -18"><span class='ocrx_word' id='word_1_227' title='bbox 494 3481 702 3560; x_wconf 85' lang='lat' dir='ltr'><strong>egeat</strong></span> <span class='ocrx_word' id='word_1_228' title='bbox 757 3474 808 3542; x_wconf 74' lang='lat'><strong>&#39;.</strong></span> 
     </span>
    </p>
   </div>
   <div class='ocr_carea' id='block_1_8' title="bbox 494 3684 3494 5458">
    <p class='ocr_par' dir='ltr' id='par_1_14' title="bbox 496 3684 3489 3930">
     <span class='ocr_line' id='line_1_29' title="bbox 662 3684 3487 3755; baseline 0.004 -20"><span class='ocrx_word' id='word_1_229' title='bbox 662 3685 684 3720; x_wconf 89' lang='lat'>¹</span> <span class='ocrx_word' id='word_1_230' title='bbox 720 3684 784 3736; x_wconf 85' lang='lat' dir='ltr'><strong>C.</strong></span> <span class='ocrx_word' id='word_1_231' title='bbox 817 3684 868 3744; x_wconf 82' lang='grc'><strong>7,</strong></span> <span class='ocrx_word' id='word_1_232' title='bbox 901 3685 966 3744; x_wconf 84' lang='grc' dir='ltr'><strong>Χ,</strong></span> <span class='ocrx_word' id='word_1_233' title='bbox 1010 3685 1081 3735; x_wconf 78' lang='lat' dir='ltr'><strong>de</strong></span> <span class='ocrx_word' id='word_1_234' title='bbox 1113 3685 1552 3743; x_wconf 76' lang='lat' dir='ltr'><strong>consuetudine,</strong></span> <span class='ocrx_word' id='word_1_235' title='bbox 1588 3685 1638 3746; x_wconf 86' lang='lat'><strong>1,</strong></span> <span class='ocrx_word' id='word_1_236' title='bbox 1668 3686 1720 3748; x_wconf 78' lang='lat'><strong>4:</strong></span> <span class='ocrx_word' id='word_1_237' title='bbox 1756 3697 1808 3738; x_wconf 86' lang='lat' dir='ltr'><strong>c.</strong></span> <span class='ocrx_word' id='word_1_238' title='bbox 1842 3686 1926 3744; x_wconf 85' lang='lat'><strong>18.</strong></span> <span class='ocrx_word' id='word_1_239' title='bbox 1960 3687 2025 3747; x_wconf 84' lang='lat' dir='ltr'><strong>X,</strong></span> <span class='ocrx_word' id='word_1_240' title='bbox 2070 3688 2141 3737; x_wconf 75' lang='lat' dir='ltr'><strong>ae</strong></span> <span class='ocrx_word' id='word_1_241' title='bbox 2174 3687 2524 3746; x_wconf 74' lang='lat' dir='ltr'><strong>praebendis</strong></span> <span class='ocrx_word' id='word_1_242' title='bbox 2557 3693 2618 3740; x_wconf 89' lang='lat' dir='ltr'><strong>et</strong></span> <span class='ocrx_word' id='word_1_243' title='bbox 2652 3687 3062 3750; x_wconf 55' lang='lat' dir='ltr'><strong>affinitatibus,</strong></span> <span class='ocrx_word' id='word_1_244' title='bbox 3099 3690 3215 3752; x_wconf 84' lang='lat'>111.</span> <span class='ocrx_word' id='word_1_245' title='bbox 3251 3692 3303 3754; x_wconf 76' lang='lat'><strong>53</strong></span> <span class='ocrx_word' id='word_1_246' title='bbox 3334 3703 3386 3744; x_wconf 85' lang='lat' dir='ltr'><strong>c.</strong></span> <span class='ocrx_word' id='word_1_247' title='bbox 3432 3694 3487 3755; x_wconf 88' lang='grc'><strong>5,</strong></span> 
     </span>
     <span class='ocr_line' id='line_1_30' title="bbox 496 3772 3489 3843; baseline 0.003 -21"><span class='ocrx_word' id='word_1_248' title='bbox 496 3774 567 3822; x_wconf 78' lang='lat' dir='ltr'><strong>de</strong></span> <span class='ocrx_word' id='word_1_249' title='bbox 605 3772 885 3822; x_wconf 81' lang='lat' dir='ltr'><strong>electione</strong></span> <span class='ocrx_word' id='word_1_250' title='bbox 919 3777 980 3823; x_wconf 83' lang='lat' dir='ltr'><strong>et</strong></span> <span class='ocrx_word' id='word_1_251' title='bbox 1016 3772 1190 3824; x_wconf 84' lang='lat' dir='ltr'><strong>electi</strong></span> <span class='ocrx_word' id='word_1_252' title='bbox 1226 3778 1538 3833; x_wconf 73' lang='lat' dir='ltr'><strong>potestate,</strong></span> <span class='ocrx_word' id='word_1_253' title='bbox 1577 3774 1628 3835; x_wconf 93' lang='lat'><strong>1,</strong></span> <span class='ocrx_word' id='word_1_254' title='bbox 1657 3774 1710 3835; x_wconf 88' lang='grc'><strong>6,</strong></span> <span class='ocrx_word' id='word_1_255' title='bbox 1759 3774 1822 3826; x_wconf 84' lang='lat' dir='ltr'><strong>in</strong></span> <span class='ocrx_word' id='word_1_256' title='bbox 1863 3775 1989 3837; x_wconf 70' lang='lat' dir='ltr'><strong>V1⁰z</strong></span> <span class='ocrx_word' id='word_1_257' title='bbox 2022 3787 2071 3828; x_wconf 87' lang='lat' dir='ltr'><strong>c.</strong></span> <span class='ocrx_word' id='word_1_258' title='bbox 2105 3777 2155 3837; x_wconf 85' lang='lat'><strong>1,</strong></span> <span class='ocrx_word' id='word_1_259' title='bbox 2206 3777 2278 3827; x_wconf 80' lang='lat' dir='ltr'><strong>de</strong></span> <span class='ocrx_word' id='word_1_260' title='bbox 2324 3776 2625 3835; x_wconf 70' lang='lat' dir='ltr'><strong>electione,</strong></span> <span class='ocrx_word' id='word_1_261' title='bbox 2667 3777 2716 3839; x_wconf 87' lang='lat'><strong>1,</strong></span> <span class='ocrx_word' id='word_1_262' title='bbox 2746 3778 2798 3838; x_wconf 94' lang='grc'><strong>3,</strong></span> <span class='ocrx_word' id='word_1_263' title='bbox 2851 3780 2912 3830; x_wconf 83' lang='lat' dir='ltr'><strong>ln</strong></span> <span class='ocrx_word' id='word_1_264' title='bbox 2952 3779 3273 3841; x_wconf 74' lang='lat' dir='ltr'><strong>mxtravag.</strong></span> <span class='ocrx_word' id='word_1_265' title='bbox 3315 3792 3489 3843; x_wconf 83' lang='lat' dir='ltr'><strong>com.;</strong></span> 
     </span>
     <span class='ocr_line' id='line_1_31' title="bbox 499 3862 3158 3930; baseline 0.003 -17"><span class='ocrx_word' id='word_1_266' title='bbox 499 3863 691 3913; x_wconf 85' lang='lat' dir='ltr'><strong>Iullus</strong></span> <span class='ocrx_word' id='word_1_267' title='bbox 721 3862 801 3923; x_wconf 87' lang='lat'><strong>11,</strong></span> <span class='ocrx_word' id='word_1_268' title='bbox 834 3865 1018 3914; x_wconf 88' lang='lat' dir='ltr'><strong>const.</strong></span> <span class='ocrx_word' id='word_1_269' title='bbox 1051 3879 1081 3913; x_wconf 72' lang='grc' dir='ltr'><strong>σι</strong></span> <span class='ocrx_word' id='word_1_270' title='bbox 1113 3863 1365 3913; x_wconf 77' lang='lat' dir='ltr'><strong>Romani</strong></span> <span class='ocrx_word' id='word_1_271' title='bbox 1393 3864 1696 3925; x_wconf 75' lang='lat' dir='ltr'><strong>Pontificis</strong></span> <span class='ocrx_word' id='word_1_272' title='bbox 1728 3880 1776 3925; x_wconf 67' lang='grc' dir='ltr'><strong>ι,</strong></span> <span class='ocrx_word' id='word_1_273' title='bbox 1815 3865 1880 3917; x_wconf 84' lang='grc'><strong>28</strong></span> <span class='ocrx_word' id='word_1_274' title='bbox 1911 3866 2014 3917; x_wconf 84' lang='lat' dir='ltr'><strong>lul.</strong></span> <span class='ocrx_word' id='word_1_275' title='bbox 2054 3866 2202 3918; x_wconf 89' lang='grc'><strong>1505.</strong></span> <span class='ocrx_word' id='word_1_276' title='bbox 2240 3894 2308 3904; x_wconf 91' lang='grc'><strong>-</strong></span> <span class='ocrx_word' id='word_1_277' title='bbox 2335 3867 2483 3919; x_wconf 82' lang='lat' dir='ltr'><strong>Vide</strong></span> <span class='ocrx_word' id='word_1_278' title='bbox 2515 3869 2697 3919; x_wconf 83' lang='lat' dir='ltr'><strong>etlam</strong></span> <span class='ocrx_word' id='word_1_279' title='bbox 2735 3880 2867 3920; x_wconf 82' lang='lat' dir='ltr'><strong>cen.</strong></span> <span class='ocrx_word' id='word_1_280' title='bbox 2897 3869 3013 3929; x_wconf 90' lang='grc'><strong>334,</strong></span> <span class='ocrx_word' id='word_1_281' title='bbox 3048 3869 3076 3930; x_wconf 68' lang='lat' dir='ltr'>fi</span> <span class='ocrx_word' id='word_1_282' title='bbox 3109 3869 3158 3920; x_wconf 96' lang='grc'><strong>2.</strong></span> 
     </span>
    </p>

    <p class='ocr_par' dir='ltr' id='par_1_15' title="bbox 498 3954 3494 4188">
     <span class='ocr_line' id='line_1_32' title="bbox 660 3954 3494 4024; baseline 0.003 -19"><span class='ocrx_word' id='word_1_283' title='bbox 660 3956 686 3991; x_wconf 86' lang='lat'>2</span> <span class='ocrx_word' id='word_1_284' title='bbox 728 3954 791 4005; x_wconf 85' lang='grc' dir='ltr'><strong>Ο.</strong></span> <span class='ocrx_word' id='word_1_285' title='bbox 823 3954 874 4014; x_wconf 96' lang='grc'><strong>6,</strong></span> <span class='ocrx_word' id='word_1_286' title='bbox 910 3955 993 4014; x_wconf 85' lang='grc'><strong>16,</strong></span> <span class='ocrx_word' id='word_1_287' title='bbox 1026 3955 1109 4015; x_wconf 87' lang='grc'><strong>25,</strong></span> <span class='ocrx_word' id='word_1_288' title='bbox 1151 3955 1221 4005; x_wconf 80' lang='lat' dir='ltr'><strong>de</strong></span> <span class='ocrx_word' id='word_1_289' title='bbox 1258 3955 1540 4006; x_wconf 75' lang='lat' dir='ltr'><strong>electione</strong></span> <span class='ocrx_word' id='word_1_290' title='bbox 1587 3959 1646 4007; x_wconf 88' lang='lat' dir='ltr'><strong>et</strong></span> <span class='ocrx_word' id='word_1_291' title='bbox 1686 3956 1858 4007; x_wconf 81' lang='lat' dir='ltr'><strong>electi</strong></span> <span class='ocrx_word' id='word_1_292' title='bbox 1900 3960 2213 4016; x_wconf 73' lang='lat' dir='ltr'><strong>potestate,</strong></span> <span class='ocrx_word' id='word_1_293' title='bbox 2255 3958 2304 4018; x_wconf 94' lang='lat'><strong>1,</strong></span> <span class='ocrx_word' id='word_1_294' title='bbox 2344 3958 2395 4018; x_wconf 84' lang='grc'><strong>6,</strong></span> <span class='ocrx_word' id='word_1_295' title='bbox 2440 3959 2502 4009; x_wconf 85' lang='lat' dir='ltr'><strong>ln</strong></span> <span class='ocrx_word' id='word_1_296' title='bbox 2540 3959 2668 4022; x_wconf 68' lang='lat' dir='ltr'>VIog</span> <span class='ocrx_word' id='word_1_297' title='bbox 2714 3960 2854 4021; x_wconf 77' lang='lat' dir='ltr'><strong>Reg.</strong></span> <span class='ocrx_word' id='word_1_298' title='bbox 2896 3960 2978 4021; x_wconf 58' lang='lat' dir='ltr'><strong>z,</strong></span> <span class='ocrx_word' id='word_1_299' title='bbox 3018 3961 3089 4012; x_wconf 82' lang='lat' dir='ltr'><strong>R.</strong></span> <span class='ocrx_word' id='word_1_300' title='bbox 3140 3961 3221 4022; x_wconf 81' lang='lat' dir='ltr'><strong>J..</strong></span> <span class='ocrx_word' id='word_1_301' title='bbox 3262 3961 3324 4013; x_wconf 84' lang='lat' dir='ltr'><strong>in</strong></span> <span class='ocrx_word' id='word_1_302' title='bbox 3363 3961 3494 4024; x_wconf 76' lang='lat' dir='ltr'><strong>V103</strong></span> 
     </span>
     <span class='ocr_line' id='line_1_33' title="bbox 502 4042 3488 4112; baseline 0.002 -18"><span class='ocrx_word' id='word_1_303' title='bbox 502 4042 559 4094; x_wconf 85' lang='lat' dir='ltr'><strong>S.</strong></span> <span class='ocrx_word' id='word_1_304' title='bbox 593 4044 656 4094; x_wconf 83' lang='lat' dir='ltr'><strong>G.</strong></span> <span class='ocrx_word' id='word_1_305' title='bbox 691 4043 763 4095; x_wconf 89' lang='lat' dir='ltr'><strong>de</strong></span> <span class='ocrx_word' id='word_1_306' title='bbox 804 4044 975 4104; x_wconf 84' lang='lat' dir='ltr'><strong>Prop.</strong></span> <span class='ocrx_word' id='word_1_307' title='bbox 1023 4042 1187 4104; x_wconf 73' lang='lat' dir='ltr'><strong>Fide,</strong></span> <span class='ocrx_word' id='word_1_308' title='bbox 1232 4044 1349 4095; x_wconf 84' lang='lat' dir='ltr'><strong>litt.</strong></span> <span class='ocrx_word' id='word_1_309' title='bbox 1406 4043 1508 4103; x_wconf 84' lang='lat' dir='ltr'><strong>(ad</strong></span> <span class='ocrx_word' id='word_1_310' title='bbox 1550 4046 1672 4096; x_wconf 83' lang='lat' dir='ltr'><strong>Vlc.</strong></span> <span class='ocrx_word' id='word_1_311' title='bbox 1710 4044 1882 4097; x_wconf 81' lang='lat' dir='ltr'><strong>Sedis</strong></span> <span class='ocrx_word' id='word_1_312' title='bbox 1934 4046 2365 4098; x_wconf 75' lang='lat' dir='ltr'><strong>Patriarchaus</strong></span> <span class='ocrx_word' id='word_1_313' title='bbox 2409 4046 2655 4110; x_wconf 66' lang='lat' dir='ltr'><strong>syron),</strong></span> <span class='ocrx_word' id='word_1_314' title='bbox 2710 4048 2776 4099; x_wconf 85' lang='grc'><strong>25</strong></span> <span class='ocrx_word' id='word_1_315' title='bbox 2826 4051 2973 4109; x_wconf 88' lang='lat' dir='ltr'><strong>sept.</strong></span> <span class='ocrx_word' id='word_1_316' title='bbox 3018 4048 3165 4111; x_wconf 74' lang='lat'>1802:</span> <span class='ocrx_word' id='word_1_317' title='bbox 3218 4050 3306 4109; x_wconf 83' lang='lat'><strong>(0.</strong></span> <span class='ocrx_word' id='word_1_318' title='bbox 3366 4049 3488 4112; x_wconf 74' lang='grc'><strong>0.),</strong></span> 
     </span>
     <span class='ocr_line' id='line_1_34' title="bbox 498 4133 856 4188; baseline -0.008 -4"><span class='ocrx_word' id='word_1_319' title='bbox 498 4134 528 4184; x_wconf 90' lang='grc'><strong>1</strong></span> <span class='ocrx_word' id='word_1_320' title='bbox 557 4133 680 4184; x_wconf 88' lang='lat' dir='ltr'><strong>dec.</strong></span> <span class='ocrx_word' id='word_1_321' title='bbox 717 4133 856 4188; x_wconf 90' lang='grc'><strong>1837.</strong></span> 
     </span>
    </p>

    <p class='ocr_par' dir='ltr' id='par_1_16' title="bbox 657 4224 2897 4289">
     <span class='ocr_line' id='line_1_35' title="bbox 657 4224 2897 4289; baseline 0.001 -13"><span class='ocrx_word' id='word_1_322' title='bbox 657 4226 683 4259; x_wconf 84' lang='lat'><strong>³</strong></span> <span class='ocrx_word' id='word_1_323' title='bbox 727 4227 786 4276; x_wconf 89' lang='lat' dir='ltr'><strong>C.</strong></span> <span class='ocrx_word' id='word_1_324' title='bbox 821 4224 872 4285; x_wconf 95' lang='grc'><strong>3,</strong></span> <span class='ocrx_word' id='word_1_325' title='bbox 905 4225 987 4284; x_wconf 89' lang='grc'><strong>12,</strong></span> <span class='ocrx_word' id='word_1_326' title='bbox 1019 4226 1102 4284; x_wconf 86' lang='grc'><strong>21,</strong></span> <span class='ocrx_word' id='word_1_327' title='bbox 1134 4224 1218 4283; x_wconf 85' lang='grc'><strong>22,</strong></span> <span class='ocrx_word' id='word_1_328' title='bbox 1247 4224 1330 4285; x_wconf 88' lang='grc'><strong>33,</strong></span> <span class='ocrx_word' id='word_1_329' title='bbox 1363 4226 1446 4286; x_wconf 81' lang='grc'><strong>40,</strong></span> <span class='ocrx_word' id='word_1_330' title='bbox 1477 4226 1561 4286; x_wconf 87' lang='grc'><strong>44,</strong></span> <span class='ocrx_word' id='word_1_331' title='bbox 1601 4226 1666 4285; x_wconf 90' lang='grc' dir='ltr'><strong>Χ,</strong></span> <span class='ocrx_word' id='word_1_332' title='bbox 1701 4227 1772 4277; x_wconf 80' lang='lat' dir='ltr'><strong>de</strong></span> <span class='ocrx_word' id='word_1_333' title='bbox 1805 4226 2087 4278; x_wconf 83' lang='lat' dir='ltr'><strong>electione</strong></span> <span class='ocrx_word' id='word_1_334' title='bbox 2118 4232 2177 4278; x_wconf 91' lang='lat' dir='ltr'><strong>et</strong></span> <span class='ocrx_word' id='word_1_335' title='bbox 2210 4226 2383 4279; x_wconf 87' lang='lat' dir='ltr'><strong>electi</strong></span> <span class='ocrx_word' id='word_1_336' title='bbox 2409 4230 2723 4288; x_wconf 74' lang='lat' dir='ltr'><strong>potestate,</strong></span> <span class='ocrx_word' id='word_1_337' title='bbox 2758 4229 2808 4289; x_wconf 90' lang='grc' dir='ltr'><strong>Ι,</strong></span> <span class='ocrx_word' id='word_1_338' title='bbox 2847 4228 2897 4281; x_wconf 93' lang='grc'><strong>6.</strong></span> 
     </span>
    </p>

    <p class='ocr_par' dir='ltr' id='par_1_17' title="bbox 661 4314 2117 4378">
     <span class='ocr_line' id='line_1_36' title="bbox 661 4314 2117 4378; baseline 0.002 -13"><span class='ocrx_word' id='word_1_339' title='bbox 661 4318 687 4351; x_wconf 77' lang='lat'><strong>⁴</strong></span> <span class='ocrx_word' id='word_1_340' title='bbox 726 4314 790 4365; x_wconf 87' lang='lat' dir='ltr'><strong>C.</strong></span> <span class='ocrx_word' id='word_1_341' title='bbox 821 4316 871 4374; x_wconf 89' lang='grc'><strong>1,</strong></span> <span class='ocrx_word' id='word_1_342' title='bbox 906 4316 977 4364; x_wconf 81' lang='lat' dir='ltr'><strong>de</strong></span> <span class='ocrx_word' id='word_1_343' title='bbox 1010 4315 1312 4373; x_wconf 70' lang='lat' dir='ltr'><strong>electione,</strong></span> <span class='ocrx_word' id='word_1_344' title='bbox 1354 4315 1404 4372; x_wconf 87' lang='lat'><strong>1.</strong></span> <span class='ocrx_word' id='word_1_345' title='bbox 1435 4315 1486 4375; x_wconf 93' lang='grc'><strong>3,</strong></span> <span class='ocrx_word' id='word_1_346' title='bbox 1522 4315 1584 4366; x_wconf 85' lang='lat' dir='ltr'><strong>in</strong></span> <span class='ocrx_word' id='word_1_347' title='bbox 1615 4315 1937 4378; x_wconf 71' lang='lat' dir='ltr'><strong>Extravsg.</strong></span> <span class='ocrx_word' id='word_1_348' title='bbox 1972 4328 2117 4368; x_wconf 87' lang='lat' dir='ltr'><strong>com.</strong></span> 
     </span>
    </p>

    <p class='ocr_par' dir='ltr' id='par_1_18' title="bbox 498 4405 3493 4559">
     <span class='ocr_line' id='line_1_37' title="bbox 666 4405 3493 4470; baseline 0.001 -13"><span class='ocrx_word' id='word_1_349' title='bbox 666 4408 691 4443; x_wconf 78' lang='lat'>⁵</span> <span class='ocrx_word' id='word_1_350' title='bbox 729 4405 795 4457; x_wconf 83' lang='grc' dir='ltr'><strong>Ο.</strong></span> <span class='ocrx_word' id='word_1_351' title='bbox 825 4406 875 4466; x_wconf 90' lang='grc'><strong>7,</strong></span> <span class='ocrx_word' id='word_1_352' title='bbox 907 4406 989 4465; x_wconf 85' lang='grc'><strong>15,</strong></span> <span class='ocrx_word' id='word_1_353' title='bbox 1023 4406 1088 4466; x_wconf 84' lang='grc' dir='ltr'><strong>Χ,</strong></span> <span class='ocrx_word' id='word_1_354' title='bbox 1128 4407 1199 4457; x_wconf 79' lang='lat' dir='ltr'><strong>de</strong></span> <span class='ocrx_word' id='word_1_355' title='bbox 1233 4406 1516 4458; x_wconf 77' lang='lat' dir='ltr'><strong>electione</strong></span> <span class='ocrx_word' id='word_1_356' title='bbox 1551 4410 1610 4459; x_wconf 86' lang='lat' dir='ltr'><strong>et</strong></span> <span class='ocrx_word' id='word_1_357' title='bbox 1644 4405 1816 4458; x_wconf 80' lang='lat' dir='ltr'><strong>electi</strong></span> <span class='ocrx_word' id='word_1_358' title='bbox 1858 4410 2173 4467; x_wconf 77' lang='lat' dir='ltr'><strong>potestate,</strong></span> <span class='ocrx_word' id='word_1_359' title='bbox 2214 4408 2263 4469; x_wconf 94' lang='lat'><strong>1,</strong></span> <span class='ocrx_word' id='word_1_360' title='bbox 2295 4408 2345 4470; x_wconf 78' lang='grc' dir='ltr'><strong>6ς</strong></span> <span class='ocrx_word' id='word_1_361' title='bbox 2378 4409 2521 4461; x_wconf 82' lang='lat' dir='ltr'><strong>Plus</strong></span> <span class='ocrx_word' id='word_1_362' title='bbox 2556 4410 2654 4470; x_wconf 88' lang='lat' dir='ltr'><strong>IX,</strong></span> <span class='ocrx_word' id='word_1_363' title='bbox 2699 4413 2884 4462; x_wconf 86' lang='lat' dir='ltr'><strong>const.</strong></span> <span class='ocrx_word' id='word_1_364' title='bbox 2933 4426 2965 4460; x_wconf 74' lang='grc' dir='ltr'>ι</span> <span class='ocrx_word' id='word_1_365' title='bbox 2999 4410 3298 4461; x_wconf 66' lang='lat' dir='ltr'><strong>Romanus</strong></span> <span class='ocrx_word' id='word_1_366' title='bbox 3344 4409 3493 4461; x_wconf 80' lang='lat' dir='ltr'><strong>Pon-</strong></span> 
     </span>
     <span class='ocr_line' id='line_1_38' title="bbox 498 4495 2535 4559; baseline 0.003 -14"><span class='ocrx_word' id='word_1_367' title='bbox 498 4496 648 4554; x_wconf 71' lang='lat' dir='ltr'><strong>tiseo</strong></span> <span class='ocrx_word' id='word_1_368' title='bbox 678 4509 726 4555; x_wconf 67' lang='lat' dir='ltr'><strong>n,</strong></span> <span class='ocrx_word' id='word_1_369' title='bbox 760 4495 823 4547; x_wconf 91' lang='grc'><strong>28</strong></span> <span class='ocrx_word' id='word_1_370' title='bbox 859 4507 991 4557; x_wconf 77' lang='lat' dir='ltr'><strong>aug.</strong></span> <span class='ocrx_word' id='word_1_371' title='bbox 1031 4496 1178 4557; x_wconf 83' lang='grc'><strong>1873;</strong></span> <span class='ocrx_word' id='word_1_372' title='bbox 1208 4496 1266 4548; x_wconf 83' lang='lat' dir='ltr'><strong>S.</strong></span> <span class='ocrx_word' id='word_1_373' title='bbox 1300 4498 1364 4548; x_wconf 79' lang='lat' dir='ltr'><strong>O.</strong></span> <span class='ocrx_word' id='word_1_374' title='bbox 1397 4496 1471 4548; x_wconf 88' lang='lat' dir='ltr'><strong>de</strong></span> <span class='ocrx_word' id='word_1_375' title='bbox 1501 4496 1671 4558; x_wconf 79' lang='lat' dir='ltr'><strong>Prop.</strong></span> <span class='ocrx_word' id='word_1_376' title='bbox 1706 4496 1853 4550; x_wconf 73' lang='lat' dir='ltr'><strong>Fide</strong></span> <span class='ocrx_word' id='word_1_377' title='bbox 1892 4496 1982 4557; x_wconf 81' lang='lat' dir='ltr'><strong>(C.</strong></span> <span class='ocrx_word' id='word_1_378' title='bbox 2018 4496 2133 4559; x_wconf 85' lang='lat' dir='ltr'><strong>G.),</strong></span> <span class='ocrx_word' id='word_1_379' title='bbox 2168 4500 2201 4549; x_wconf 92' lang='lat'>1</span> <span class='ocrx_word' id='word_1_380' title='bbox 2231 4496 2354 4549; x_wconf 81' lang='lat' dir='ltr'><strong>dec.</strong></span> <span class='ocrx_word' id='word_1_381' title='bbox 2386 4496 2535 4551; x_wconf 72' lang='lat'>1837.</span> 
     </span>
    </p>

    <p class='ocr_par' dir='ltr' id='par_1_19' title="bbox 494 4568 3489 5092">
     <span class='ocr_line' id='line_1_39' title="bbox 661 4568 3489 4650; baseline 0.002 -15"><span class='ocrx_word' id='word_1_382' title='bbox 661 4587 686 4621; x_wconf 79' lang='lat'><strong>⁶</strong></span> <span class='ocrx_word' id='word_1_383' title='bbox 725 4584 789 4635; x_wconf 86' lang='lat' dir='ltr'><strong>O.</strong></span> <span class='ocrx_word' id='word_1_384' title='bbox 820 4586 869 4644; x_wconf 90' lang='grc'><strong>7,</strong></span> <span class='ocrx_word' id='word_1_385' title='bbox 902 4586 984 4644; x_wconf 86' lang='grc'><strong>41,</strong></span> <span class='ocrx_word' id='word_1_386' title='bbox 1018 4585 1082 4644; x_wconf 93' lang='grc' dir='ltr'><strong>Χ,</strong></span> <span class='ocrx_word' id='word_1_387' title='bbox 1115 4586 1186 4635; x_wconf 80' lang='lat' dir='ltr'><strong>de</strong></span> <span class='ocrx_word' id='word_1_388' title='bbox 1212 4585 1494 4636; x_wconf 71' lang='lat' dir='ltr'><strong>electione</strong></span> <span class='ocrx_word' id='word_1_389' title='bbox 1521 4589 1581 4637; x_wconf 90' lang='lat' dir='ltr'><strong>et</strong></span> <span class='ocrx_word' id='word_1_390' title='bbox 1607 4586 1781 4638; x_wconf 82' lang='lat' dir='ltr'><strong>electi</strong></span> <span class='ocrx_word' id='word_1_391' title='bbox 1814 4590 2128 4647; x_wconf 87' lang='lat' dir='ltr'><strong>potestate,</strong></span> <span class='ocrx_word' id='word_1_392' title='bbox 2162 4568 2211 4648; x_wconf 83' lang='grc' dir='ltr'><strong>Ι,</strong></span> <span class='ocrx_word' id='word_1_393' title='bbox 2243 4588 2293 4650; x_wconf 87' lang='grc'><strong>6;</strong></span> <span class='ocrx_word' id='word_1_394' title='bbox 2316 4600 2367 4640; x_wconf 86' lang='lat' dir='ltr'><strong>c.</strong></span> <span class='ocrx_word' id='word_1_395' title='bbox 2398 4589 2449 4648; x_wconf 89' lang='grc'><strong>3,</strong></span> <span class='ocrx_word' id='word_1_396' title='bbox 2480 4589 2531 4649; x_wconf 83' lang='grc'><strong>5,</strong></span> <span class='ocrx_word' id='word_1_397' title='bbox 2564 4590 2630 4648; x_wconf 87' lang='grc' dir='ltr'><strong>Χ,</strong></span> <span class='ocrx_word' id='word_1_398' title='bbox 2661 4591 2732 4641; x_wconf 78' lang='lat' dir='ltr'><strong>de</strong></span> <span class='ocrx_word' id='word_1_399' title='bbox 2768 4588 3092 4649; x_wconf 73' lang='lat' dir='ltr'><strong>supplenda</strong></span> <span class='ocrx_word' id='word_1_400' title='bbox 3128 4587 3489 4649; x_wconf 76' lang='lat' dir='ltr'><strong>nealipentia</strong></span> 
     </span>
     <span class='ocr_line' id='line_1_40' title="bbox 496 4674 3488 4742; baseline 0.003 -20"><span class='ocrx_word' id='word_1_401' title='bbox 496 4674 913 4734; x_wconf 73' lang='lat' dir='ltr'><strong>praelatorum,</strong></span> <span class='ocrx_word' id='word_1_402' title='bbox 944 4675 993 4735; x_wconf 89' lang='lat'><strong>1,</strong></span> <span class='ocrx_word' id='word_1_403' title='bbox 1028 4675 1110 4736; x_wconf 77' lang='lat'><strong>103</strong></span> <span class='ocrx_word' id='word_1_404' title='bbox 1135 4686 1186 4726; x_wconf 82' lang='lat' dir='ltr'><strong>c.</strong></span> <span class='ocrx_word' id='word_1_405' title='bbox 1219 4674 1269 4736; x_wconf 90' lang='grc'><strong>2,</strong></span> <span class='ocrx_word' id='word_1_406' title='bbox 1300 4675 1383 4735; x_wconf 88' lang='grc'><strong>12,</strong></span> <span class='ocrx_word' id='word_1_407' title='bbox 1415 4677 1481 4736; x_wconf 83' lang='grc' dir='ltr'><strong>Χ,</strong></span> <span class='ocrx_word' id='word_1_408' title='bbox 1514 4678 1586 4727; x_wconf 77' lang='lat' dir='ltr'><strong>de</strong></span> <span class='ocrx_word' id='word_1_409' title='bbox 1613 4676 1983 4727; x_wconf 72' lang='lat' dir='ltr'><strong>concessione</strong></span> <span class='ocrx_word' id='word_1_410' title='bbox 2011 4676 2379 4738; x_wconf 75' lang='lat' dir='ltr'><strong>praebendae</strong></span> <span class='ocrx_word' id='word_1_411' title='bbox 2407 4682 2467 4729; x_wconf 92' lang='lat' dir='ltr'><strong>et</strong></span> <span class='ocrx_word' id='word_1_412' title='bbox 2501 4678 2782 4729; x_wconf 83' lang='lat' dir='ltr'><strong>eeclesiae</strong></span> <span class='ocrx_word' id='word_1_413' title='bbox 2817 4691 2934 4730; x_wconf 86' lang='lat' dir='ltr'><strong>non</strong></span> <span class='ocrx_word' id='word_1_414' title='bbox 2960 4680 3252 4738; x_wconf 80' lang='lat' dir='ltr'><strong>vacantis,</strong></span> <span class='ocrx_word' id='word_1_415' title='bbox 3282 4679 3401 4742; x_wconf 90' lang='lat'><strong>111,</strong></span> <span class='ocrx_word' id='word_1_416' title='bbox 3434 4679 3488 4742; x_wconf 69' lang='grc' dir='ltr'><strong>ὃς</strong></span> 
     </span>
     <span class='ocr_line' id='line_1_41' title="bbox 494 4763 3485 4830; baseline 0.002 -16"><span class='ocrx_word' id='word_1_417' title='bbox 494 4774 544 4814; x_wconf 86' lang='lat' dir='ltr'><strong>c.</strong></span> <span class='ocrx_word' id='word_1_418' title='bbox 578 4763 662 4823; x_wconf 87' lang='lat'><strong>18,</strong></span> <span class='ocrx_word' id='word_1_419' title='bbox 693 4763 776 4823; x_wconf 87' lang='grc'><strong>37,</strong></span> <span class='ocrx_word' id='word_1_420' title='bbox 801 4766 872 4815; x_wconf 80' lang='lat' dir='ltr'><strong>de</strong></span> <span class='ocrx_word' id='word_1_421' title='bbox 903 4764 1185 4815; x_wconf 85' lang='lat' dir='ltr'><strong>electione</strong></span> <span class='ocrx_word' id='word_1_422' title='bbox 1211 4768 1268 4815; x_wconf 89' lang='lat' dir='ltr'><strong>et</strong></span> <span class='ocrx_word' id='word_1_423' title='bbox 1295 4764 1468 4817; x_wconf 81' lang='lat' dir='ltr'><strong>electi</strong></span> <span class='ocrx_word' id='word_1_424' title='bbox 1497 4768 1810 4826; x_wconf 77' lang='lat' dir='ltr'><strong>potestate,</strong></span> <span class='ocrx_word' id='word_1_425' title='bbox 1838 4766 1889 4827; x_wconf 90' lang='lat'><strong>1,</strong></span> <span class='ocrx_word' id='word_1_426' title='bbox 1914 4765 1965 4827; x_wconf 86' lang='grc'><strong>6,</strong></span> <span class='ocrx_word' id='word_1_427' title='bbox 2001 4766 2064 4818; x_wconf 81' lang='lat' dir='ltr'><strong>in</strong></span> <span class='ocrx_word' id='word_1_428' title='bbox 2090 4767 2216 4829; x_wconf 75' lang='lat' dir='ltr'>V103</span> <span class='ocrx_word' id='word_1_429' title='bbox 2244 4768 2385 4829; x_wconf 75' lang='lat' dir='ltr'><strong>Reg.</strong></span> <span class='ocrx_word' id='word_1_430' title='bbox 2413 4767 2497 4828; x_wconf 81' lang='grc'><strong>25,</strong></span> <span class='ocrx_word' id='word_1_431' title='bbox 2526 4767 2599 4819; x_wconf 79' lang='grc' dir='ltr'><strong>Β.</strong></span> <span class='ocrx_word' id='word_1_432' title='bbox 2631 4769 2668 4821; x_wconf 82' lang='lat' dir='ltr'><strong>J</strong></span> <span class='ocrx_word' id='word_1_433' title='bbox 2676 4805 2712 4829; x_wconf 86' lang='lat'><strong>.,</strong></span> <span class='ocrx_word' id='word_1_434' title='bbox 2744 4768 2806 4819; x_wconf 85' lang='lat' dir='ltr'><strong>in</strong></span> <span class='ocrx_word' id='word_1_435' title='bbox 2838 4768 2965 4830; x_wconf 76' lang='lat' dir='ltr'><strong>V103</strong></span> <span class='ocrx_word' id='word_1_436' title='bbox 2988 4768 3163 4821; x_wconf 78' lang='lat' dir='ltr'><strong>conc.</strong></span> <span class='ocrx_word' id='word_1_437' title='bbox 3192 4769 3485 4829; x_wconf 71' lang='lat' dir='ltr'><strong>Trident„</strong></span> 
     </span>
     <span class='ocr_line' id='line_1_42' title="bbox 496 4852 3481 4919; baseline 0.001 -15"><span class='ocrx_word' id='word_1_438' title='bbox 496 4863 639 4904; x_wconf 82' lang='lat' dir='ltr'><strong>sess.</strong></span> <span class='ocrx_word' id='word_1_439' title='bbox 676 4852 871 4913; x_wconf 83' lang='lat' dir='ltr'><strong>XXIV,</strong></span> <span class='ocrx_word' id='word_1_440' title='bbox 908 4854 978 4903; x_wconf 81' lang='lat' dir='ltr'><strong>de</strong></span> <span class='ocrx_word' id='word_1_441' title='bbox 1017 4852 1152 4913; x_wconf 69' lang='lat' dir='ltr'><strong>res„</strong></span> <span class='ocrx_word' id='word_1_442' title='bbox 1186 4865 1237 4904; x_wconf 88' lang='lat' dir='ltr'><strong>c.</strong></span> <span class='ocrx_word' id='word_1_443' title='bbox 1268 4852 1351 4914; x_wconf 74' lang='lat'><strong>163</strong></span> <span class='ocrx_word' id='word_1_444' title='bbox 1384 4854 1526 4906; x_wconf 83' lang='lat' dir='ltr'><strong>Plus</strong></span> <span class='ocrx_word' id='word_1_445' title='bbox 1562 4855 1659 4916; x_wconf 89' lang='lat' dir='ltr'><strong>IX,</strong></span> <span class='ocrx_word' id='word_1_446' title='bbox 1694 4857 1881 4907; x_wconf 84' lang='lat' dir='ltr'><strong>const.</strong></span> <span class='ocrx_word' id='word_1_447' title='bbox 1927 4871 1956 4905; x_wconf 73' lang='lat' dir='ltr'><strong>e</strong></span> <span class='ocrx_word' id='word_1_448' title='bbox 1999 4854 2299 4909; x_wconf 59' lang='lat' dir='ltr'><strong>lamnas</strong></span> <span class='ocrx_word' id='word_1_449' title='bbox 2331 4856 2611 4918; x_wconf 75' lang='lat' dir='ltr'><strong>Pontiseoe</strong></span> <span class='ocrx_word' id='word_1_450' title='bbox 2642 4872 2692 4918; x_wconf 71' lang='grc' dir='ltr'><strong>ι,</strong></span> <span class='ocrx_word' id='word_1_451' title='bbox 2730 4857 2797 4910; x_wconf 90' lang='grc'><strong>28</strong></span> <span class='ocrx_word' id='word_1_452' title='bbox 2828 4869 2964 4919; x_wconf 76' lang='lat' dir='ltr'><strong>aug.</strong></span> <span class='ocrx_word' id='word_1_453' title='bbox 3000 4857 3149 4918; x_wconf 77' lang='lat'>1873:</span> <span class='ocrx_word' id='word_1_454' title='bbox 3179 4856 3237 4909; x_wconf 83' lang='grc'><strong>8.</strong></span> <span class='ocrx_word' id='word_1_455' title='bbox 3270 4857 3337 4910; x_wconf 85' lang='lat'><strong>0.</strong></span> <span class='ocrx_word' id='word_1_456' title='bbox 3372 4858 3481 4919; x_wconf 72' lang='lat' dir='ltr'><strong>Dp.</strong></span> 
     </span>
     <span class='ocr_line' id='line_1_43' title="bbox 497 4941 3484 5010; baseline 0.001 -18"><span class='ocrx_word' id='word_1_457' title='bbox 497 4944 559 4992; x_wconf 91' lang='lat' dir='ltr'><strong>et</strong></span> <span class='ocrx_word' id='word_1_458' title='bbox 601 4941 766 5003; x_wconf 72' lang='lat' dir='ltr'><strong>Reg„</strong></span> <span class='ocrx_word' id='word_1_459' title='bbox 807 4941 1073 4999; x_wconf 56' lang='lat' dir='ltr'><strong>Sati-ina,</strong></span> <span class='ocrx_word' id='word_1_460' title='bbox 1125 4943 1192 4994; x_wconf 92' lang='grc'><strong>10</strong></span> <span class='ocrx_word' id='word_1_461' title='bbox 1231 4943 1350 4995; x_wconf 79' lang='lat' dir='ltr'><strong>lun.</strong></span> <span class='ocrx_word' id='word_1_462' title='bbox 1396 4942 1543 5003; x_wconf 75' lang='lat'><strong>1003:</strong></span> <span class='ocrx_word' id='word_1_463' title='bbox 1588 4942 1645 4996; x_wconf 80' lang='grc'><strong>8.</strong></span> <span class='ocrx_word' id='word_1_464' title='bbox 1689 4943 1753 4996; x_wconf 85' lang='lat' dir='ltr'><strong>O.</strong></span> <span class='ocrx_word' id='word_1_465' title='bbox 1799 4944 1887 5005; x_wconf 78' lang='grc'><strong>0.,</strong></span> <span class='ocrx_word' id='word_1_466' title='bbox 1931 4943 2275 5001; x_wconf 62' lang='lat' dir='ltr'><strong>Matar-len..</strong></span> <span class='ocrx_word' id='word_1_467' title='bbox 2318 4958 2518 4999; x_wconf 84' lang='lat' dir='ltr'><strong>mense</strong></span> <span class='ocrx_word' id='word_1_468' title='bbox 2569 4947 2687 4998; x_wconf 82' lang='lat' dir='ltr'><strong>lan.</strong></span> <span class='ocrx_word' id='word_1_469' title='bbox 2743 4946 2890 5008; x_wconf 86' lang='grc'><strong>1587,</strong></span> <span class='ocrx_word' id='word_1_470' title='bbox 2935 4946 3014 5000; x_wconf 81' lang='lat' dir='ltr'><strong>ad</strong></span> <span class='ocrx_word' id='word_1_471' title='bbox 3042 4949 3092 5010; x_wconf 74' lang='lat'><strong>13</strong></span> <span class='ocrx_word' id='word_1_472' title='bbox 3136 4945 3484 5005; x_wconf 74' lang='lat' dir='ltr'><strong>Tun-itane,</strong></span> 
     </span>
     <span class='ocr_line' id='line_1_44' title="bbox 496 5030 1551 5092; baseline 0.003 -13"><span class='ocrx_word' id='word_1_473' title='bbox 496 5031 560 5079; x_wconf 86' lang='grc'><strong>21</strong></span> <span class='ocrx_word' id='word_1_474' title='bbox 589 5041 721 5080; x_wconf 90' lang='lat' dir='ltr'><strong>nov.</strong></span> <span class='ocrx_word' id='word_1_475' title='bbox 754 5030 898 5091; x_wconf 84' lang='grc'><strong>1722,</strong></span> <span class='ocrx_word' id='word_1_476' title='bbox 942 5031 1007 5083; x_wconf 81' lang='grc'><strong>20</strong></span> <span class='ocrx_word' id='word_1_477' title='bbox 1035 5044 1168 5084; x_wconf 91' lang='lat' dir='ltr'><strong>nov.</strong></span> <span class='ocrx_word' id='word_1_478' title='bbox 1205 5032 1353 5092; x_wconf 87' lang='grc'><strong>1723,</strong></span> <span class='ocrx_word' id='word_1_479' title='bbox 1391 5032 1469 5084; x_wconf 84' lang='lat' dir='ltr'><strong>ad</strong></span> <span class='ocrx_word' id='word_1_480' title='bbox 1502 5031 1551 5083; x_wconf 91' lang='grc'><strong>2.</strong></span> 
     </span>
    </p>

    <p class='ocr_par' dir='ltr' id='par_1_20' title="bbox 497 5120 3487 5458">
     <span class='ocr_line' id='line_1_45' title="bbox 663 5120 3487 5187; baseline 0.003 -16"><span class='ocrx_word' id='word_1_481' title='bbox 663 5121 687 5156; x_wconf 83' lang='lat'>⁷</span> <span class='ocrx_word' id='word_1_482' title='bbox 726 5120 789 5171; x_wconf 85' lang='grc' dir='ltr'><strong>Ο.</strong></span> <span class='ocrx_word' id='word_1_483' title='bbox 819 5122 868 5179; x_wconf 89' lang='grc'><strong>1,</strong></span> <span class='ocrx_word' id='word_1_484' title='bbox 901 5123 951 5181; x_wconf 90' lang='grc'><strong>4,</strong></span> <span class='ocrx_word' id='word_1_485' title='bbox 982 5121 1033 5179; x_wconf 90' lang='grc'><strong>6.</strong></span> <span class='ocrx_word' id='word_1_486' title='bbox 1066 5123 1130 5183; x_wconf 91' lang='grc' dir='ltr'><strong>Χ,</strong></span> <span class='ocrx_word' id='word_1_487' title='bbox 1161 5124 1232 5173; x_wconf 80' lang='lat' dir='ltr'><strong>de</strong></span> <span class='ocrx_word' id='word_1_488' title='bbox 1257 5122 1653 5182; x_wconf 71' lang='lat' dir='ltr'><strong>postulatione</strong></span> <span class='ocrx_word' id='word_1_489' title='bbox 1682 5124 2102 5184; x_wconf 78' lang='lat' dir='ltr'><strong>praelatorum,</strong></span> <span class='ocrx_word' id='word_1_490' title='bbox 2132 5125 2263 5187; x_wconf 78' lang='grc' dir='ltr'><strong>Ι,,5;</strong></span> <span class='ocrx_word' id='word_1_491' title='bbox 2284 5137 2335 5178; x_wconf 86' lang='lat' dir='ltr'><strong>c.</strong></span> <span class='ocrx_word' id='word_1_492' title='bbox 2367 5125 2451 5186; x_wconf 88' lang='grc'><strong>13,</strong></span> <span class='ocrx_word' id='word_1_493' title='bbox 2487 5124 2569 5186; x_wconf 84' lang='grc'><strong>20,</strong></span> <span class='ocrx_word' id='word_1_494' title='bbox 2596 5125 2679 5186; x_wconf 64' lang='lat' dir='ltr'><strong>ae,</strong></span> <span class='ocrx_word' id='word_1_495' title='bbox 2710 5126 2775 5186; x_wconf 86' lang='lat' dir='ltr'><strong>X,</strong></span> <span class='ocrx_word' id='word_1_496' title='bbox 2806 5129 2878 5177; x_wconf 78' lang='lat' dir='ltr'><strong>dc</strong></span> <span class='ocrx_word' id='word_1_497' title='bbox 2903 5124 3185 5177; x_wconf 85' lang='lat' dir='ltr'><strong>electione</strong></span> <span class='ocrx_word' id='word_1_498' title='bbox 3218 5129 3279 5178; x_wconf 89' lang='lat' dir='ltr'><strong>et</strong></span> <span class='ocrx_word' id='word_1_499' title='bbox 3312 5125 3487 5179; x_wconf 83' lang='lat' dir='ltr'><strong>electi</strong></span> 
     </span>
     <span class='ocr_line' id='line_1_46' title="bbox 499 5210 3487 5277; baseline 0.004 -21"><span class='ocrx_word' id='word_1_500' title='bbox 499 5210 811 5268; x_wconf 85' lang='lat' dir='ltr'><strong>potestate,</strong></span> <span class='ocrx_word' id='word_1_501' title='bbox 848 5211 897 5270; x_wconf 89' lang='lat'><strong>1,</strong></span> <span class='ocrx_word' id='word_1_502' title='bbox 928 5211 978 5273; x_wconf 86' lang='grc'><strong>6;</strong></span> <span class='ocrx_word' id='word_1_503' title='bbox 1014 5222 1064 5263; x_wconf 86' lang='lat' dir='ltr'><strong>c.</strong></span> <span class='ocrx_word' id='word_1_504' title='bbox 1097 5211 1147 5271; x_wconf 93' lang='grc'><strong>3,</strong></span> <span class='ocrx_word' id='word_1_505' title='bbox 1180 5212 1230 5273; x_wconf 90' lang='grc'><strong>4,</strong></span> <span class='ocrx_word' id='word_1_506' title='bbox 1262 5212 1328 5272; x_wconf 87' lang='lat' dir='ltr'><strong>X,</strong></span> <span class='ocrx_word' id='word_1_507' title='bbox 1371 5213 1443 5262; x_wconf 78' lang='lat' dir='ltr'><strong>de</strong></span> <span class='ocrx_word' id='word_1_508' title='bbox 1482 5212 1870 5265; x_wconf 83' lang='lat' dir='ltr'><strong>translatione</strong></span> <span class='ocrx_word' id='word_1_509' title='bbox 1919 5213 2195 5275; x_wconf 81' lang='lat' dir='ltr'><strong>episcopi.</strong></span> <span class='ocrx_word' id='word_1_510' title='bbox 2245 5214 2294 5275; x_wconf 90' lang='lat'><strong>1.</strong></span> <span class='ocrx_word' id='word_1_511' title='bbox 2344 5214 2394 5275; x_wconf 78' lang='lat'><strong>⁷:</strong></span> <span class='ocrx_word' id='word_1_512' title='bbox 2428 5226 2479 5267; x_wconf 87' lang='lat' dir='ltr'><strong>c.</strong></span> <span class='ocrx_word' id='word_1_513' title='bbox 2511 5216 2594 5269; x_wconf 87' lang='lat'><strong>11.</strong></span> <span class='ocrx_word' id='word_1_514' title='bbox 2626 5214 2692 5274; x_wconf 85' lang='lat' dir='ltr'><strong>X,</strong></span> <span class='ocrx_word' id='word_1_515' title='bbox 2726 5215 2797 5266; x_wconf 78' lang='lat' dir='ltr'><strong>ele</strong></span> <span class='ocrx_word' id='word_1_516' title='bbox 2836 5212 3299 5275; x_wconf 68' lang='lat' dir='ltr'><strong>renunciatione,</strong></span> <span class='ocrx_word' id='word_1_517' title='bbox 3345 5216 3395 5276; x_wconf 89' lang='lat'><strong>1.</strong></span> <span class='ocrx_word' id='word_1_518' title='bbox 3435 5218 3487 5277; x_wconf 73' lang='grc' dir='ltr'><strong>ος</strong></span> 
     </span>
     <span class='ocr_line' id='line_1_47' title="bbox 497 5282 3487 5366; baseline 0.001 -16"><span class='ocrx_word' id='word_1_519' title='bbox 497 5309 547 5350; x_wconf 87' lang='lat' dir='ltr'><strong>c.</strong></span> <span class='ocrx_word' id='word_1_520' title='bbox 573 5310 696 5359; x_wconf 67' lang='lat' dir='ltr'><strong>un„</strong></span> <span class='ocrx_word' id='word_1_521' title='bbox 723 5301 794 5350; x_wconf 74' lang='lat' dir='ltr'><strong>de</strong></span> <span class='ocrx_word' id='word_1_522' title='bbox 825 5300 1217 5360; x_wconf 71' lang='lat' dir='ltr'><strong>postulatione</strong></span> <span class='ocrx_word' id='word_1_523' title='bbox 1241 5302 1662 5363; x_wconf 75' lang='lat' dir='ltr'><strong>praelatorem,</strong></span> <span class='ocrx_word' id='word_1_524' title='bbox 1692 5304 1741 5363; x_wconf 90' lang='grc' dir='ltr'><strong>Ι,</strong></span> <span class='ocrx_word' id='word_1_525' title='bbox 1767 5282 1821 5364; x_wconf 59' lang='lat' dir='ltr'><strong>h,</strong></span> <span class='ocrx_word' id='word_1_526' title='bbox 1849 5305 1913 5356; x_wconf 84' lang='lat' dir='ltr'><strong>in</strong></span> <span class='ocrx_word' id='word_1_527' title='bbox 1939 5304 2066 5365; x_wconf 73' lang='lat' dir='ltr'>V103</span> <span class='ocrx_word' id='word_1_528' title='bbox 2089 5317 2139 5358; x_wconf 87' lang='lat' dir='ltr'><strong>c.</strong></span> <span class='ocrx_word' id='word_1_529' title='bbox 2173 5305 2224 5366; x_wconf 90' lang='grc'><strong>6,</strong></span> <span class='ocrx_word' id='word_1_530' title='bbox 2249 5304 2333 5366; x_wconf 81' lang='grc'><strong>10,</strong></span> <span class='ocrx_word' id='word_1_531' title='bbox 2359 5304 2443 5366; x_wconf 80' lang='grc'><strong>36,</strong></span> <span class='ocrx_word' id='word_1_532' title='bbox 2478 5305 2549 5355; x_wconf 82' lang='lat' dir='ltr'><strong>de</strong></span> <span class='ocrx_word' id='word_1_533' title='bbox 2573 5303 2855 5355; x_wconf 79' lang='lat' dir='ltr'><strong>electione</strong></span> <span class='ocrx_word' id='word_1_534' title='bbox 2880 5308 2940 5357; x_wconf 89' lang='lat' dir='ltr'><strong>et</strong></span> <span class='ocrx_word' id='word_1_535' title='bbox 2971 5305 3145 5358; x_wconf 81' lang='lat' dir='ltr'><strong>electi</strong></span> <span class='ocrx_word' id='word_1_536' title='bbox 3167 5307 3487 5365; x_wconf 86' lang='lat' dir='ltr'><strong>potestate,</strong></span> 
     </span>
     <span class='ocr_line' id='line_1_48' title="bbox 499 5385 2895 5458; baseline 0.004 -21"><span class='ocrx_word' id='word_1_537' title='bbox 499 5385 548 5449; x_wconf 84' lang='lat'><strong>1,</strong></span> <span class='ocrx_word' id='word_1_538' title='bbox 580 5386 630 5447; x_wconf 84' lang='grc'><strong>6,</strong></span> <span class='ocrx_word' id='word_1_539' title='bbox 662 5387 724 5438; x_wconf 81' lang='lat' dir='ltr'><strong>in</strong></span> <span class='ocrx_word' id='word_1_540' title='bbox 752 5388 874 5452; x_wconf 67' lang='grc' dir='ltr'><strong>νιος</strong></span> <span class='ocrx_word' id='word_1_541' title='bbox 902 5401 952 5441; x_wconf 85' lang='lat' dir='ltr'><strong>c.</strong></span> <span class='ocrx_word' id='word_1_542' title='bbox 982 5402 1105 5451; x_wconf 70' lang='lat' dir='ltr'><strong>un„</strong></span> <span class='ocrx_word' id='word_1_543' title='bbox 1145 5392 1217 5442; x_wconf 78' lang='lat' dir='ltr'><strong>ae</strong></span> <span class='ocrx_word' id='word_1_544' title='bbox 1252 5391 1648 5452; x_wconf 68' lang='lat' dir='ltr'><strong>postulatione</strong></span> <span class='ocrx_word' id='word_1_545' title='bbox 1684 5391 2106 5455; x_wconf 70' lang='lat' dir='ltr'><strong>pmlatorem,</strong></span> <span class='ocrx_word' id='word_1_546' title='bbox 2137 5394 2187 5457; x_wconf 88' lang='lat'><strong>1,</strong></span> <span class='ocrx_word' id='word_1_547' title='bbox 2219 5393 2270 5457; x_wconf 85' lang='grc'><strong>2,</strong></span> <span class='ocrx_word' id='word_1_548' title='bbox 2303 5393 2368 5447; x_wconf 83' lang='lat' dir='ltr'><strong>in</strong></span> <span class='ocrx_word' id='word_1_549' title='bbox 2394 5393 2716 5458; x_wconf 64' lang='lat' dir='ltr'><strong>Exti-sven.</strong></span> <span class='ocrx_word' id='word_1_550' title='bbox 2750 5405 2895 5448; x_wconf 87' lang='lat' dir='ltr'><strong>com.</strong></span> 
     </span>
    </p>
   </div>
  </div>
 </body>
</html>
