<?xml version="1.0" encoding="UTF-8"?>
<!DOCTYPE html PUBLIC "-//W3C//DTD XHTML 1.0 Transitional//EN"
    "http://www.w3.org/TR/xhtml1/DTD/xhtml1-transitional.dtd">
<html xmlns="http://www.w3.org/1999/xhtml" xml:lang="en" lang="en">
 <head>
  <title>
</title>
<meta http-equiv="Content-Type" content="text/html;charset=utf-8" />
  <meta name='ocr-system' content='tesseract 3.04.00' />
  <meta name='ocr-capabilities' content='ocr_page ocr_carea ocr_par ocr_line ocrx_word'/>
</head>
<body>
  <div class='ocr_page' id='page_1' title='image "./codexiuriscanon00xgoog_0597.png"; bbox 0 0 3753 5871; ppageno 0'>
   <div class='ocr_carea' id='block_1_1' title="bbox 1179 298 3223 360">
    <p class='ocr_par' dir='ltr' id='par_1_1' title="bbox 1179 298 3223 360">
     <span class='ocr_line' id='line_1_1' title="bbox 1179 298 3223 360; baseline 0 -12"><span class='ocrx_word' id='word_1_1' title='bbox 1179 298 1355 349; x_wconf 75' lang='lat' dir='ltr'><strong>Liber</strong></span> <span class='ocrx_word' id='word_1_2' title='bbox 1399 299 1659 360; x_wconf 66' lang='lat' dir='ltr'><strong>Quartus</strong></span> <span class='ocrx_word' id='word_1_3' title='bbox 1695 323 1713 333; x_wconf 91' lang='lat'><strong>·</strong></span> <span class='ocrx_word' id='word_1_4' title='bbox 1748 298 1836 349; x_wconf 82' lang='lat' dir='ltr'><strong>De</strong></span> <span class='ocrx_word' id='word_1_5' title='bbox 1880 299 2256 350; x_wconf 64' lang='lat' dir='ltr'><strong>procumbas</strong></span> <span class='ocrx_word' id='word_1_6' title='bbox 2527 321 2530 324; x_wconf 43' lang='lat'><strong>⁴</strong></span> <span class='ocrx_word' id='word_1_7' title='bbox 3110 299 3223 358; x_wconf 64' lang='lat'><strong>545</strong></span> 
     </span>
    </p>
   </div>
   <div class='ocr_carea' id='block_1_2' title="bbox 228 458 3213 679">
    <p class='ocr_par' dir='ltr' id='par_1_2' title="bbox 228 458 3213 679">
     <span class='ocr_line' id='line_1_2' title="bbox 228 458 3213 572; baseline 0.001 -19"><span class='ocrx_word' id='word_1_8' title='bbox 228 485 494 553; x_wconf 84' lang='lat' dir='ltr'><strong>denter</strong></span> <span class='ocrx_word' id='word_1_9' title='bbox 528 490 605 555; x_wconf 90' lang='lat' dir='ltr'><strong>et</strong></span> <span class='ocrx_word' id='word_1_10' title='bbox 631 458 1059 570; x_wconf 76' lang='lat' dir='ltr'><strong>accessorie,</strong></span> <span class='ocrx_word' id='word_1_11' title='bbox 1097 493 1409 572; x_wconf 79' lang='lat' dir='ltr'>possunt</span> <span class='ocrx_word' id='word_1_12' title='bbox 1437 486 1661 555; x_wconf 87' lang='lat' dir='ltr'><strong>etiam</strong></span> <span class='ocrx_word' id='word_1_13' title='bbox 1692 505 1741 553; x_wconf 91' lang='lat' dir='ltr'><strong>a</strong></span> <span class='ocrx_word' id='word_1_14' title='bbox 1768 486 2011 554; x_wconf 89' lang='lat' dir='ltr'><strong>iudice</strong></span> <span class='ocrx_word' id='word_1_15' title='bbox 2040 486 2540 555; x_wconf 89' lang='lat' dir='ltr'><strong>ecclesiastico</strong></span> <span class='ocrx_word' id='word_1_16' title='bbox 2566 504 2653 554; x_wconf 87' lang='lat' dir='ltr'><strong>ex</strong></span> <span class='ocrx_word' id='word_1_17' title='bbox 2686 486 2989 572; x_wconf 87' lang='lat' dir='ltr'><strong>propria</strong></span> <span class='ocrx_word' id='word_1_18' title='bbox 3020 494 3213 572; x_wconf 90' lang='lat' dir='ltr'><strong>pote·</strong></span> 
     </span>
     <span class='ocr_line' id='line_1_3' title="bbox 231 590 1333 679; baseline -0.002 -18"><span class='ocrx_word' id='word_1_19' title='bbox 231 598 430 662; x_wconf 86' lang='lat' dir='ltr'><strong>state</strong></span> <span class='ocrx_word' id='word_1_20' title='bbox 456 594 798 679; x_wconf 77' lang='lat' dir='ltr'><strong>cognosci</strong></span> <span class='ocrx_word' id='word_1_21' title='bbox 828 611 915 662; x_wconf 82' lang='lat' dir='ltr'><strong>ac</strong></span> <span class='ocrx_word' id='word_1_22' title='bbox 940 593 1236 663; x_wconf 87' lang='lat' dir='ltr'><strong>definiri</strong></span> <span class='ocrx_word' id='word_1_23' title='bbox 1284 590 1333 658; x_wconf 84' lang='lat'><strong>¹.</strong></span> 
     </span>
    </p>
   </div>
   <div class='ocr_carea' id='block_1_3' title="bbox 1520 736 1925 806">
    <p class='ocr_par' dir='ltr' id='par_1_3' title="bbox 1520 736 1925 806">
     <span class='ocr_line' id='line_1_4' title="bbox 1520 736 1925 806; baseline -0.007 0"><span class='ocrx_word' id='word_1_24' title='bbox 1520 737 1698 806; x_wconf 75' lang='lat' dir='ltr'>OAN.</span> <span class='ocrx_word' id='word_1_25' title='bbox 1728 736 1925 804; x_wconf 89' lang='grc'><strong>1962.</strong></span> 
     </span>
    </p>
   </div>
   <div class='ocr_carea' id='block_1_4' title="bbox 230 874 3217 1503">
    <p class='ocr_par' dir='ltr' id='par_1_4' title="bbox 230 874 3217 1503">
     <span class='ocr_line' id='line_1_5' title="bbox 414 874 3217 963; baseline -0.003 -16"><span class='ocrx_word' id='word_1_26' title='bbox 414 878 701 947; x_wconf 81' lang='lat' dir='ltr'><strong>Causas</strong></span> <span class='ocrx_word' id='word_1_27' title='bbox 734 877 1317 946; x_wconf 73' lang='lat' dir='ltr'><strong>matrimoniales</strong></span> <span class='ocrx_word' id='word_1_28' title='bbox 1348 877 1444 945; x_wconf 92' lang='lat' dir='ltr'><strong>ad</strong></span> <span class='ocrx_word' id='word_1_29' title='bbox 1481 896 1606 945; x_wconf 89' lang='lat' dir='ltr'><strong>eos</strong></span> <span class='ocrx_word' id='word_1_30' title='bbox 1640 880 2061 961; x_wconf 69' lang='lat' dir='ltr'><strong>spectantes</strong></span> <span class='ocrx_word' id='word_1_31' title='bbox 2091 877 2183 945; x_wconf 92' lang='lat' dir='ltr'><strong>de</strong></span> <span class='ocrx_word' id='word_1_32' title='bbox 2227 877 2493 963; x_wconf 85' lang='lat' dir='ltr'><strong>quibus</strong></span> <span class='ocrx_word' id='word_1_33' title='bbox 2534 878 2615 945; x_wconf 90' lang='lat' dir='ltr'><strong>in</strong></span> <span class='ocrx_word' id='word_1_34' title='bbox 2647 895 2812 945; x_wconf 87' lang='lat' dir='ltr'><strong>can.</strong></span> <span class='ocrx_word' id='word_1_35' title='bbox 2852 874 3039 960; x_wconf 84' lang='grc'><strong>1557,</strong></span> <span class='ocrx_word' id='word_1_36' title='bbox 3082 877 3116 959; x_wconf 68' lang='grc' dir='ltr'>ξ</span> <span class='ocrx_word' id='word_1_37' title='bbox 3154 875 3217 959; x_wconf 85' lang='grc'><strong>1,</strong></span> 
     </span>
     <span class='ocr_line' id='line_1_6' title="bbox 233 984 3217 1072; baseline 0 -20"><span class='ocrx_word' id='word_1_38' title='bbox 233 1005 311 1052; x_wconf 89' lang='grc' dir='ltr'><strong>ιι.</strong></span> <span class='ocrx_word' id='word_1_39' title='bbox 357 988 426 1070; x_wconf 93' lang='grc'><strong>1,</strong></span> <span class='ocrx_word' id='word_1_40' title='bbox 463 986 599 1054; x_wconf 82' lang='lat' dir='ltr'><strong>illa</strong></span> <span class='ocrx_word' id='word_1_41' title='bbox 634 986 864 1054; x_wconf 83' lang='lat' dir='ltr'><strong>Sacra</strong></span> <span class='ocrx_word' id='word_1_42' title='bbox 900 985 1394 1072; x_wconf 74' lang='lat' dir='ltr'><strong>congregatio</strong></span> <span class='ocrx_word' id='word_1_43' title='bbox 1426 987 1542 1053; x_wconf 82' lang='lat' dir='ltr'><strong>vel</strong></span> <span class='ocrx_word' id='word_1_44' title='bbox 1576 984 1768 1053; x_wconf 89' lang='lat' dir='ltr'><strong>illud</strong></span> <span class='ocrx_word' id='word_1_45' title='bbox 1805 986 2163 1054; x_wconf 84' lang='lat' dir='ltr'><strong>Tribunal</strong></span> <span class='ocrx_word' id='word_1_46' title='bbox 2198 991 2333 1054; x_wconf 90' lang='lat' dir='ltr'><strong>aut</strong></span> <span class='ocrx_word' id='word_1_47' title='bbox 2368 985 2710 1071; x_wconf 86' lang='lat' dir='ltr'><strong>specialis</strong></span> <span class='ocrx_word' id='word_1_48' title='bbox 2748 1003 2838 1054; x_wconf 87' lang='lat' dir='ltr'><strong>ea</strong></span> <span class='ocrx_word' id='word_1_49' title='bbox 2871 985 3217 1053; x_wconf 84' lang='lat' dir='ltr'><strong>Commis-</strong></span> 
     </span>
     <span class='ocr_line' id='line_1_7' title="bbox 231 1092 3217 1180; baseline -0 -19"><span class='ocrx_word' id='word_1_50' title='bbox 231 1094 348 1162; x_wconf 85' lang='lat' dir='ltr'><strong>sio</strong></span> <span class='ocrx_word' id='word_1_51' title='bbox 392 1095 759 1163; x_wconf 76' lang='lat' dir='ltr'>exclusive</span> <span class='ocrx_word' id='word_1_52' title='bbox 793 1098 1208 1180; x_wconf 77' lang='lat' dir='ltr'><strong>cognoscet,</strong></span> <span class='ocrx_word' id='word_1_53' title='bbox 1252 1094 1378 1161; x_wconf 89' lang='lat' dir='ltr'><strong>cui</strong></span> <span class='ocrx_word' id='word_1_54' title='bbox 1412 1112 1538 1162; x_wconf 85' lang='lat' dir='ltr'><strong>eas</strong></span> <span class='ocrx_word' id='word_1_55' title='bbox 1577 1094 1801 1162; x_wconf 87' lang='lat' dir='ltr'><strong>toties</strong></span> <span class='ocrx_word' id='word_1_56' title='bbox 1838 1094 2127 1179; x_wconf 87' lang='lat' dir='ltr'><strong>quoties</strong></span> <span class='ocrx_word' id='word_1_57' title='bbox 2165 1094 2512 1173; x_wconf 83' lang='lat' dir='ltr'><strong>Summus</strong></span> <span class='ocrx_word' id='word_1_58' title='bbox 2551 1092 2900 1162; x_wconf 76' lang='lat' dir='ltr'><strong>Pontifex</strong></span> <span class='ocrx_word' id='word_1_59' title='bbox 2937 1093 3217 1179; x_wconf 82' lang='lat' dir='ltr'><strong>delega-</strong></span> 
     </span>
     <span class='ocr_line' id='line_1_8' title="bbox 230 1200 3217 1287; baseline 0.001 -19"><span class='ocrx_word' id='word_1_60' title='bbox 230 1200 449 1286; x_wconf 83' lang='lat' dir='ltr'><strong>verit3</strong></span> <span class='ocrx_word' id='word_1_61' title='bbox 483 1218 750 1269; x_wconf 88' lang='lat' dir='ltr'><strong>causas</strong></span> <span class='ocrx_word' id='word_1_62' title='bbox 785 1201 1364 1287; x_wconf 77' lang='lat' dir='ltr'><strong>dispensationis</strong></span> <span class='ocrx_word' id='word_1_63' title='bbox 1401 1220 1625 1287; x_wconf 86' lang='lat' dir='ltr'><strong>super</strong></span> <span class='ocrx_word' id='word_1_64' title='bbox 1661 1201 2135 1270; x_wconf 90' lang='lat' dir='ltr'><strong>matrimonio</strong></span> <span class='ocrx_word' id='word_1_65' title='bbox 2184 1205 2353 1272; x_wconf 90' lang='lat' dir='ltr'><strong>rato</strong></span> <span class='ocrx_word' id='word_1_66' title='bbox 2386 1205 2465 1271; x_wconf 86' lang='lat' dir='ltr'><strong>et</strong></span> <span class='ocrx_word' id='word_1_67' title='bbox 2503 1219 2650 1269; x_wconf 93' lang='lat' dir='ltr'><strong>non</strong></span> <span class='ocrx_word' id='word_1_68' title='bbox 2684 1206 3217 1284; x_wconf 87' lang='lat' dir='ltr'><strong>consummato,</strong></span> 
     </span>
     <span class='ocr_line' id='line_1_9' title="bbox 233 1307 3217 1396; baseline 0 -21"><span class='ocrx_word' id='word_1_69' title='bbox 233 1307 472 1376; x_wconf 81' lang='lat' dir='ltr'><strong>Sacra</strong></span> <span class='ocrx_word' id='word_1_70' title='bbox 501 1308 995 1394; x_wconf 74' lang='lat' dir='ltr'><strong>congregatio</strong></span> <span class='ocrx_word' id='word_1_71' title='bbox 1031 1309 1123 1378; x_wconf 93' lang='lat' dir='ltr'><strong>de</strong></span> <span class='ocrx_word' id='word_1_72' title='bbox 1153 1308 1551 1394; x_wconf 88' lang='lat' dir='ltr'><strong>disciplina</strong></span> <span class='ocrx_word' id='word_1_73' title='bbox 1596 1309 2265 1395; x_wconf 66' lang='lat' dir='ltr'><strong>sacramentorum</strong></span> <span class='ocrx_word' id='word_1_74' title='bbox 2299 1327 2565 1377; x_wconf 79' lang='lat' dir='ltr'><strong>causas</strong></span> <span class='ocrx_word' id='word_1_75' title='bbox 2606 1328 2784 1378; x_wconf 84' lang='lat' dir='ltr'><strong>vero</strong></span> <span class='ocrx_word' id='word_1_76' title='bbox 2816 1327 3003 1396; x_wconf 85' lang='lat' dir='ltr'><strong>quae</strong></span> <span class='ocrx_word' id='word_1_77' title='bbox 3040 1309 3217 1377; x_wconf 77' lang='lat' dir='ltr'><strong>refe-</strong></span> 
     </span>
     <span class='ocr_line' id='line_1_10' title="bbox 231 1415 2900 1503; baseline 0.001 -22"><span class='ocrx_word' id='word_1_78' title='bbox 231 1420 510 1482; x_wconf 87' lang='lat' dir='ltr'><strong>runtur</strong></span> <span class='ocrx_word' id='word_1_79' title='bbox 541 1416 638 1483; x_wconf 92' lang='lat' dir='ltr'><strong>ad</strong></span> <span class='ocrx_word' id='word_1_80' title='bbox 672 1415 1140 1501; x_wconf 78' lang='lat' dir='ltr'><strong>privilegium</strong></span> <span class='ocrx_word' id='word_1_81' title='bbox 1185 1415 1612 1498; x_wconf 88' lang='lat' dir='ltr'><strong>Paulinum,</strong></span> <span class='ocrx_word' id='word_1_82' title='bbox 1653 1417 1887 1486; x_wconf 80' lang='lat' dir='ltr'><strong>Sacra</strong></span> <span class='ocrx_word' id='word_1_83' title='bbox 1919 1417 2414 1503; x_wconf 82' lang='lat' dir='ltr'><strong>Congregatio</strong></span> <span class='ocrx_word' id='word_1_84' title='bbox 2454 1416 2529 1485; x_wconf 76' lang='lat' dir='ltr'><strong>S.</strong></span> <span class='ocrx_word' id='word_1_85' title='bbox 2573 1416 2808 1487; x_wconf 78' lang='lat' dir='ltr'><strong>offleii</strong></span> <span class='ocrx_word' id='word_1_86' title='bbox 2849 1417 2900 1483; x_wconf 82' lang='lat'><strong>².</strong></span> 
     </span>
    </p>
   </div>
   <div class='ocr_carea' id='block_1_5' title="bbox 1521 1611 1926 1682">
    <p class='ocr_par' dir='ltr' id='par_1_5' title="bbox 1521 1611 1926 1682">
     <span class='ocr_line' id='line_1_11' title="bbox 1521 1611 1926 1682; baseline 0 -2"><span class='ocrx_word' id='word_1_87' title='bbox 1521 1614 1698 1681; x_wconf 70' lang='lat' dir='ltr'><strong>om.</strong></span> <span class='ocrx_word' id='word_1_88' title='bbox 1729 1611 1926 1682; x_wconf 79' lang='lat'><strong>1963.</strong></span> 
     </span>
    </p>
   </div>
   <div class='ocr_carea' id='block_1_6' title="bbox 227 1753 3219 2600">
    <p class='ocr_par' dir='ltr' id='par_1_6' title="bbox 227 1753 3212 2043">
     <span class='ocr_line' id='line_1_12' title="bbox 414 1753 3212 1849; baseline -0 -28"><span class='ocrx_word' id='word_1_89' title='bbox 414 1755 448 1838; x_wconf 65' lang='lat' dir='ltr'>g</span> <span class='ocrx_word' id='word_1_90' title='bbox 494 1756 560 1822; x_wconf 88' lang='lat'><strong>1.</strong></span> <span class='ocrx_word' id='word_1_91' title='bbox 640 1756 887 1837; x_wconf 80' lang='lat' dir='ltr'><strong>Quare</strong></span> <span class='ocrx_word' id='word_1_92' title='bbox 915 1757 1169 1825; x_wconf 90' lang='lat' dir='ltr'><strong>nullus</strong></span> <span class='ocrx_word' id='word_1_93' title='bbox 1204 1756 1424 1825; x_wconf 85' lang='lat' dir='ltr'><strong>iudex</strong></span> <span class='ocrx_word' id='word_1_94' title='bbox 1456 1755 1769 1849; x_wconf 74' lang='lat' dir='ltr'><strong>inferior</strong></span> <span class='ocrx_word' id='word_1_95' title='bbox 1804 1759 2051 1840; x_wconf 87' lang='lat' dir='ltr'><strong>potest</strong></span> <span class='ocrx_word' id='word_1_96' title='bbox 2082 1772 2502 1840; x_wconf 84' lang='lat' dir='ltr'><strong>processum</strong></span> <span class='ocrx_word' id='word_1_97' title='bbox 2535 1755 2616 1822; x_wconf 93' lang='lat' dir='ltr'><strong>in</strong></span> <span class='ocrx_word' id='word_1_98' title='bbox 2645 1753 2894 1822; x_wconf 89' lang='lat' dir='ltr'><strong>causis</strong></span> <span class='ocrx_word' id='word_1_99' title='bbox 2923 1754 3212 1839; x_wconf 85' lang='lat' dir='ltr'><strong>dispen-</strong></span> 
     </span>
     <span class='ocr_line' id='line_1_13' title="bbox 234 1861 3211 1950; baseline -0.001 -19"><span class='ocrx_word' id='word_1_100' title='bbox 234 1863 550 1933; x_wconf 81' lang='lat' dir='ltr'><strong>sationis</strong></span> <span class='ocrx_word' id='word_1_101' title='bbox 607 1883 831 1950; x_wconf 91' lang='lat' dir='ltr'><strong>super</strong></span> <span class='ocrx_word' id='word_1_102' title='bbox 875 1869 1043 1933; x_wconf 87' lang='lat' dir='ltr'><strong>rato</strong></span> <span class='ocrx_word' id='word_1_103' title='bbox 1087 1865 1481 1947; x_wconf 89' lang='lat' dir='ltr'><strong>instruere,</strong></span> <span class='ocrx_word' id='word_1_104' title='bbox 1542 1863 1689 1931; x_wconf 84' lang='lat' dir='ltr'><strong>nisi</strong></span> <span class='ocrx_word' id='word_1_105' title='bbox 1748 1863 1973 1932; x_wconf 82' lang='lat' dir='ltr'><strong>Sedes</strong></span> <span class='ocrx_word' id='word_1_106' title='bbox 2017 1862 2449 1948; x_wconf 83' lang='lat' dir='ltr'><strong>Apostolica</strong></span> <span class='ocrx_word' id='word_1_107' title='bbox 2494 1861 2931 1931; x_wconf 78' lang='lat' dir='ltr'><strong>facultatem</strong></span> <span class='ocrx_word' id='word_1_108' title='bbox 2978 1861 3211 1930; x_wconf 89' lang='lat' dir='ltr'><strong>eidem</strong></span> 
     </span>
     <span class='ocr_line' id='line_1_14' title="bbox 227 1973 517 2043; baseline 0.01 -3"><span class='ocrx_word' id='word_1_109' title='bbox 227 1973 517 2043; x_wconf 75' lang='lat' dir='ltr'><strong>fecerit.</strong></span> 
     </span>
    </p>

    <p class='ocr_par' dir='ltr' id='par_1_7' title="bbox 229 2078 3219 2600">
     <span class='ocr_line' id='line_1_15' title="bbox 365 2078 3213 2167; baseline -0.001 -19"><span class='ocrx_word' id='word_1_110' title='bbox 365 2096 368 2099; x_wconf 85' lang='lat'>·</span> <span class='ocrx_word' id='word_1_111' title='bbox 411 2081 445 2164; x_wconf 67' lang='lat'><strong>5</strong></span> <span class='ocrx_word' id='word_1_112' title='bbox 491 2081 557 2148; x_wconf 88' lang='grc'><strong>2.</strong></span> <span class='ocrx_word' id='word_1_113' title='bbox 611 2081 694 2149; x_wconf 83' lang='lat' dir='ltr'><strong>Si</strong></span> <span class='ocrx_word' id='word_1_114' title='bbox 744 2088 994 2151; x_wconf 86' lang='lat' dir='ltr'><strong>tamen</strong></span> <span class='ocrx_word' id='word_1_115' title='bbox 1035 2082 1255 2149; x_wconf 85' lang='lat' dir='ltr'><strong>iudex</strong></span> <span class='ocrx_word' id='word_1_116' title='bbox 1295 2085 1717 2167; x_wconf 90' lang='lat' dir='ltr'><strong>competens</strong></span> <span class='ocrx_word' id='word_1_117' title='bbox 1766 2080 2216 2149; x_wconf 85' lang='lat' dir='ltr'><strong>auctoritate</strong></span> <span class='ocrx_word' id='word_1_118' title='bbox 2267 2079 2573 2166; x_wconf 88' lang='lat' dir='ltr'><strong>propria</strong></span> <span class='ocrx_word' id='word_1_119' title='bbox 2613 2078 2971 2148; x_wconf 87' lang='lat' dir='ltr'><strong>iudicium</strong></span> <span class='ocrx_word' id='word_1_120' title='bbox 3015 2096 3213 2164; x_wconf 89' lang='lat' dir='ltr'><strong>pere·</strong></span> 
     </span>
     <span class='ocr_line' id='line_1_16' title="bbox 229 2187 3217 2275; baseline -0 -19"><span class='ocrx_word' id='word_1_121' title='bbox 229 2190 430 2275; x_wconf 79' lang='lat' dir='ltr'><strong>gerit</strong></span> <span class='ocrx_word' id='word_1_122' title='bbox 456 2190 550 2257; x_wconf 89' lang='lat' dir='ltr'><strong>de</strong></span> <span class='ocrx_word' id='word_1_123' title='bbox 568 2189 1046 2258; x_wconf 85' lang='lat' dir='ltr'><strong>matrimonio</strong></span> <span class='ocrx_word' id='word_1_124' title='bbox 1067 2188 1277 2258; x_wconf 90' lang='lat' dir='ltr'><strong>nullo</strong></span> <span class='ocrx_word' id='word_1_125' title='bbox 1296 2209 1385 2259; x_wconf 85' lang='lat' dir='ltr'><strong>ex</strong></span> <span class='ocrx_word' id='word_1_126' title='bbox 1408 2190 1653 2274; x_wconf 86' lang='lat' dir='ltr'><strong>capite</strong></span> <span class='ocrx_word' id='word_1_127' title='bbox 1680 2188 2165 2274; x_wconf 86' lang='lat' dir='ltr'><strong>impotentiae</strong></span> <span class='ocrx_word' id='word_1_128' title='bbox 2186 2192 2266 2257; x_wconf 90' lang='lat' dir='ltr'><strong>et</strong></span> <span class='ocrx_word' id='word_1_129' title='bbox 2286 2207 2378 2257; x_wconf 88' lang='lat' dir='ltr'><strong>ex</strong></span> <span class='ocrx_word' id='word_1_130' title='bbox 2400 2206 2511 2271; x_wconf 91' lang='lat' dir='ltr'><strong>eo,</strong></span> <span class='ocrx_word' id='word_1_131' title='bbox 2539 2206 2688 2256; x_wconf 92' lang='lat' dir='ltr'><strong>non</strong></span> <span class='ocrx_word' id='word_1_132' title='bbox 2713 2187 3217 2272; x_wconf 85' lang='lat' dir='ltr'><strong>impotentiae,</strong></span> 
     </span>
     <span class='ocr_line' id='line_1_17' title="bbox 232 2294 3214 2383; baseline -0.002 -15"><span class='ocrx_word' id='word_1_133' title='bbox 232 2299 363 2368; x_wconf 86' lang='lat' dir='ltr'><strong>sed</strong></span> <span class='ocrx_word' id='word_1_134' title='bbox 409 2301 734 2368; x_wconf 90' lang='lat' dir='ltr'><strong>nondum</strong></span> <span class='ocrx_word' id='word_1_135' title='bbox 766 2299 1259 2368; x_wconf 88' lang='lat' dir='ltr'><strong>consummati</strong></span> <span class='ocrx_word' id='word_1_136' title='bbox 1295 2298 1750 2367; x_wconf 84' lang='lat' dir='ltr'><strong>matrimonii</strong></span> <span class='ocrx_word' id='word_1_137' title='bbox 1796 2297 2179 2367; x_wconf 87' lang='lat' dir='ltr'><strong>emerserit</strong></span> <span class='ocrx_word' id='word_1_138' title='bbox 2220 2296 2587 2383; x_wconf 85' lang='lat' dir='ltr'><strong>probatio,</strong></span> <span class='ocrx_word' id='word_1_139' title='bbox 2629 2295 2878 2365; x_wconf 85' lang='lat' dir='ltr'><strong>omnia</strong></span> <span class='ocrx_word' id='word_1_140' title='bbox 2912 2298 3085 2363; x_wconf 86' lang='lat' dir='ltr'><strong>acta</strong></span> <span class='ocrx_word' id='word_1_141' title='bbox 3120 2294 3214 2363; x_wconf 88' lang='lat' dir='ltr'><strong>ad</strong></span> 
     </span>
     <span class='ocr_line' id='line_1_18' title="bbox 234 2403 3219 2494; baseline -0.002 -20"><span class='ocrx_word' id='word_1_142' title='bbox 234 2407 541 2475; x_wconf 78' lang='lat' dir='ltr'><strong>Sacram</strong></span> <span class='ocrx_word' id='word_1_143' title='bbox 588 2407 1250 2494; x_wconf 78' lang='lat' dir='ltr'><strong>Congregationem</strong></span> <span class='ocrx_word' id='word_1_144' title='bbox 1286 2406 1928 2488; x_wconf 86' lang='lat' dir='ltr'><strong>transmittantur,</strong></span> <span class='ocrx_word' id='word_1_145' title='bbox 1970 2423 2156 2491; x_wconf 90' lang='lat' dir='ltr'><strong>quae</strong></span> <span class='ocrx_word' id='word_1_146' title='bbox 2193 2405 2288 2472; x_wconf 84' lang='lat' dir='ltr'><strong>iis</strong></span> <span class='ocrx_word' id='word_1_147' title='bbox 2327 2405 2439 2473; x_wconf 91' lang='lat' dir='ltr'><strong>uti</strong></span> <span class='ocrx_word' id='word_1_148' title='bbox 2489 2405 2765 2489; x_wconf 79' lang='lat' dir='ltr'><strong>poterit</strong></span> <span class='ocrx_word' id='word_1_149' title='bbox 2801 2403 2895 2470; x_wconf 92' lang='lat' dir='ltr'><strong>ad</strong></span> <span class='ocrx_word' id='word_1_150' title='bbox 2938 2406 3219 2472; x_wconf 88' lang='lat' dir='ltr'><strong>senten-</strong></span> 
     </span>
     <span class='ocr_line' id='line_1_19' title="bbox 234 2509 2225 2600; baseline -0.003 -16"><span class='ocrx_word' id='word_1_151' title='bbox 234 2517 419 2584; x_wconf 80' lang='lat' dir='ltr'><strong>tiam</strong></span> <span class='ocrx_word' id='word_1_152' title='bbox 454 2534 678 2600; x_wconf 90' lang='lat' dir='ltr'><strong>super</strong></span> <span class='ocrx_word' id='word_1_153' title='bbox 709 2520 876 2584; x_wconf 86' lang='lat' dir='ltr'><strong>rato</strong></span> <span class='ocrx_word' id='word_1_154' title='bbox 912 2520 988 2584; x_wconf 92' lang='lat' dir='ltr'><strong>et</strong></span> <span class='ocrx_word' id='word_1_155' title='bbox 1027 2534 1175 2584; x_wconf 89' lang='lat' dir='ltr'><strong>non</strong></span> <span class='ocrx_word' id='word_1_156' title='bbox 1204 2520 1713 2584; x_wconf 86' lang='lat' dir='ltr'><strong>consummato</strong></span> <span class='ocrx_word' id='word_1_157' title='bbox 1744 2515 2123 2586; x_wconf 80' lang='lat' dir='ltr'><strong>ferendam</strong></span> <span class='ocrx_word' id='word_1_158' title='bbox 2171 2509 2225 2578; x_wconf 83' lang='lat'><strong>⁸.</strong></span> 
     </span>
    </p>
   </div>
   <div class='ocr_carea' id='block_1_7' title="bbox 1520 2711 1931 2780">
    <p class='ocr_par' dir='ltr' id='par_1_8' title="bbox 1520 2711 1931 2780">
     <span class='ocr_line' id='line_1_20' title="bbox 1520 2711 1931 2780; baseline -0.002 0"><span class='ocrx_word' id='word_1_159' title='bbox 1520 2712 1698 2780; x_wconf 75' lang='lat' dir='ltr'><strong>CAN.</strong></span> <span class='ocrx_word' id='word_1_160' title='bbox 1734 2711 1931 2779; x_wconf 73' lang='lat'><strong>1964.</strong></span> 
     </span>
    </p>
   </div>
   <div class='ocr_carea' id='block_1_8' title="bbox 231 2852 3222 3157">
    <p class='ocr_par' dir='ltr' id='par_1_9' title="bbox 231 2852 3222 3157">
     <span class='ocr_line' id='line_1_21' title="bbox 411 2852 3222 2940; baseline -0.001 -19"><span class='ocrx_word' id='word_1_161' title='bbox 411 2855 500 2922; x_wconf 91' lang='lat' dir='ltr'><strong>In</strong></span> <span class='ocrx_word' id='word_1_162' title='bbox 527 2856 701 2924; x_wconf 80' lang='lat' dir='ltr'><strong>aliis</strong></span> <span class='ocrx_word' id='word_1_163' title='bbox 731 2857 979 2925; x_wconf 88' lang='lat' dir='ltr'><strong>causis</strong></span> <span class='ocrx_word' id='word_1_164' title='bbox 1003 2856 1676 2925; x_wconf 85' lang='lat' dir='ltr'><strong>matrimonialibus</strong></span> <span class='ocrx_word' id='word_1_165' title='bbox 1703 2855 1924 2924; x_wconf 86' lang='lat' dir='ltr'><strong>iudex</strong></span> <span class='ocrx_word' id='word_1_166' title='bbox 1951 2857 2373 2940; x_wconf 86' lang='lat' dir='ltr'><strong>competens</strong></span> <span class='ocrx_word' id='word_1_167' title='bbox 2399 2860 2512 2922; x_wconf 86' lang='lat' dir='ltr'><strong>est</strong></span> <span class='ocrx_word' id='word_1_168' title='bbox 2540 2853 2761 2921; x_wconf 85' lang='lat' dir='ltr'><strong>iudex</strong></span> <span class='ocrx_word' id='word_1_169' title='bbox 2789 2853 2933 2921; x_wconf 88' lang='lat' dir='ltr'><strong>loci</strong></span> <span class='ocrx_word' id='word_1_170' title='bbox 2967 2852 3047 2918; x_wconf 87' lang='lat' dir='ltr'><strong>in</strong></span> <span class='ocrx_word' id='word_1_171' title='bbox 3079 2870 3222 2938; x_wconf 88' lang='lat' dir='ltr'><strong>quo</strong></span> 
     </span>
     <span class='ocr_line' id='line_1_22' title="bbox 232 2961 3217 3050; baseline -0.001 -19"><span class='ocrx_word' id='word_1_172' title='bbox 232 2963 790 3033; x_wconf 89' lang='lat' dir='ltr'><strong>matrimonium</strong></span> <span class='ocrx_word' id='word_1_173' title='bbox 814 2965 1263 3034; x_wconf 90' lang='lat' dir='ltr'><strong>celebratum</strong></span> <span class='ocrx_word' id='word_1_174' title='bbox 1295 2969 1409 3034; x_wconf 81' lang='lat' dir='ltr'><strong>est</strong></span> <span class='ocrx_word' id='word_1_175' title='bbox 1434 2969 1573 3034; x_wconf 89' lang='lat' dir='ltr'><strong>aut</strong></span> <span class='ocrx_word' id='word_1_176' title='bbox 1602 2965 1683 3033; x_wconf 88' lang='lat' dir='ltr'><strong>in</strong></span> <span class='ocrx_word' id='word_1_177' title='bbox 1713 2983 1860 3050; x_wconf 88' lang='lat' dir='ltr'><strong>quo</strong></span> <span class='ocrx_word' id='word_1_178' title='bbox 1891 2983 2069 3050; x_wconf 89' lang='lat' dir='ltr'><strong>pars</strong></span> <span class='ocrx_word' id='word_1_179' title='bbox 2092 2966 2456 3032; x_wconf 82' lang='lat' dir='ltr'><strong>conventa</strong></span> <span class='ocrx_word' id='word_1_180' title='bbox 2481 2963 2623 3045; x_wconf 85' lang='lat' dir='ltr'><strong>vel,</strong></span> <span class='ocrx_word' id='word_1_181' title='bbox 2656 2962 2721 3029; x_wconf 89' lang='lat' dir='ltr'><strong>si</strong></span> <span class='ocrx_word' id='word_1_182' title='bbox 2752 2980 2901 3029; x_wconf 89' lang='lat' dir='ltr'><strong>una</strong></span> <span class='ocrx_word' id='word_1_183' title='bbox 2930 2961 3032 3029; x_wconf 91' lang='lat' dir='ltr'><strong>sit</strong></span> <span class='ocrx_word' id='word_1_184' title='bbox 3058 2979 3217 3028; x_wconf 89' lang='lat' dir='ltr'><strong>aca-</strong></span> 
     </span>
     <span class='ocr_line' id='line_1_23' title="bbox 231 3067 2905 3157; baseline -0.002 -18"><span class='ocrx_word' id='word_1_185' title='bbox 231 3073 538 3156; x_wconf 84' lang='lat' dir='ltr'><strong>tholica,</strong></span> <span class='ocrx_word' id='word_1_186' title='bbox 581 3091 758 3157; x_wconf 87' lang='lat' dir='ltr'><strong>pars</strong></span> <span class='ocrx_word' id='word_1_187' title='bbox 791 3073 1162 3142; x_wconf 83' lang='lat' dir='ltr'><strong>catholica</strong></span> <span class='ocrx_word' id='word_1_188' title='bbox 1196 3074 1649 3143; x_wconf 86' lang='lat' dir='ltr'><strong>domicilium</strong></span> <span class='ocrx_word' id='word_1_189' title='bbox 1690 3074 1809 3141; x_wconf 83' lang='lat' dir='ltr'><strong>vel</strong></span> <span class='ocrx_word' id='word_1_190' title='bbox 1858 3071 2554 3157; x_wconf 87' lang='lat' dir='ltr'><strong>quasi-domicilium</strong></span> <span class='ocrx_word' id='word_1_191' title='bbox 2594 3071 2815 3139; x_wconf 86' lang='lat' dir='ltr'><strong>habet</strong></span> <span class='ocrx_word' id='word_1_192' title='bbox 2852 3067 2905 3134; x_wconf 84' lang='lat'><strong>⁴.</strong></span> 
     </span>
    </p>
   </div>
   <div class='ocr_carea' id='block_1_9' title="bbox 1520 3267 1926 3336">
    <p class='ocr_par' dir='ltr' id='par_1_10' title="bbox 1520 3267 1926 3336">
     <span class='ocr_line' id='line_1_24' title="bbox 1520 3267 1926 3336; baseline -0.01 0"><span class='ocrx_word' id='word_1_193' title='bbox 1520 3268 1696 3336; x_wconf 74' lang='grc' dir='ltr'><strong>ΟΔΝ.</strong></span> <span class='ocrx_word' id='word_1_194' title='bbox 1731 3267 1926 3335; x_wconf 80' lang='grc'><strong>1965.</strong></span> 
     </span>
    </p>
   </div>
   <div class='ocr_carea' id='block_1_10' title="bbox 227 3408 3224 4039">
    <p class='ocr_par' dir='ltr' id='par_1_11' title="bbox 227 3408 3224 4039">
     <span class='ocr_line' id='line_1_25' title="bbox 410 3408 3218 3494; baseline -0.002 -14"><span class='ocrx_word' id='word_1_195' title='bbox 410 3412 493 3480; x_wconf 83' lang='lat' dir='ltr'><strong>Si</strong></span> <span class='ocrx_word' id='word_1_196' title='bbox 533 3413 1085 3481; x_wconf 85' lang='lat' dir='ltr'><strong>matrimonium</strong></span> <span class='ocrx_word' id='word_1_197' title='bbox 1125 3419 1521 3481; x_wconf 85' lang='lat' dir='ltr'><strong>accusatur</strong></span> <span class='ocrx_word' id='word_1_198' title='bbox 1566 3432 1654 3481; x_wconf 84' lang='lat' dir='ltr'><strong>ex</strong></span> <span class='ocrx_word' id='word_1_199' title='bbox 1698 3413 1996 3481; x_wconf 77' lang='lat' dir='ltr'><strong>defectu</strong></span> <span class='ocrx_word' id='word_1_200' title='bbox 2034 3429 2456 3494; x_wconf 86' lang='lat' dir='ltr'><strong>consensus,</strong></span> <span class='ocrx_word' id='word_1_201' title='bbox 2498 3414 2710 3476; x_wconf 89' lang='lat' dir='ltr'><strong>curet</strong></span> <span class='ocrx_word' id='word_1_202' title='bbox 2756 3409 2933 3476; x_wconf 87' lang='lat' dir='ltr'><strong>ante</strong></span> <span class='ocrx_word' id='word_1_203' title='bbox 2969 3408 3218 3476; x_wconf 87' lang='lat' dir='ltr'><strong>omnia</strong></span> 
     </span>
     <span class='ocr_line' id='line_1_26' title="bbox 235 3513 3211 3607; baseline -0.002 -19"><span class='ocrx_word' id='word_1_204' title='bbox 235 3521 458 3589; x_wconf 84' lang='lat' dir='ltr'><strong>iudex</strong></span> <span class='ocrx_word' id='word_1_205' title='bbox 499 3523 585 3589; x_wconf 91' lang='lat' dir='ltr'><strong>ut</strong></span> <span class='ocrx_word' id='word_1_206' title='bbox 622 3520 1153 3590; x_wconf 86' lang='lat' dir='ltr'><strong>monitionibus</strong></span> <span class='ocrx_word' id='word_1_207' title='bbox 1200 3522 1640 3607; x_wconf 84' lang='lat' dir='ltr'><strong>opportunis</strong></span> <span class='ocrx_word' id='word_1_208' title='bbox 1682 3526 1994 3606; x_wconf 85' lang='lat' dir='ltr'><strong>partem,</strong></span> <span class='ocrx_word' id='word_1_209' title='bbox 2045 3519 2259 3587; x_wconf 91' lang='lat' dir='ltr'><strong>cuius</strong></span> <span class='ocrx_word' id='word_1_210' title='bbox 2295 3535 2697 3586; x_wconf 90' lang='lat' dir='ltr'><strong>consensus</strong></span> <span class='ocrx_word' id='word_1_211' title='bbox 2733 3516 2986 3584; x_wconf 87' lang='lat' dir='ltr'><strong>deesse</strong></span> <span class='ocrx_word' id='word_1_212' title='bbox 3024 3513 3211 3582; x_wconf 80' lang='lat' dir='ltr'><strong>affir-</strong></span> 
     </span>
     <span class='ocr_line' id='line_1_27' title="bbox 234 3624 3215 3712; baseline -0.002 -16"><span class='ocrx_word' id='word_1_213' title='bbox 234 3636 510 3712; x_wconf 86' lang='lat' dir='ltr'><strong>matur,</strong></span> <span class='ocrx_word' id='word_1_214' title='bbox 546 3630 643 3698; x_wconf 87' lang='lat' dir='ltr'><strong>ad</strong></span> <span class='ocrx_word' id='word_1_215' title='bbox 670 3647 1107 3698; x_wconf 87' lang='lat' dir='ltr'><strong>consensum</strong></span> <span class='ocrx_word' id='word_1_216' title='bbox 1136 3631 1634 3699; x_wconf 83' lang='lat' dir='ltr'><strong>renovandum</strong></span> <span class='ocrx_word' id='word_1_217' title='bbox 1669 3630 2001 3712; x_wconf 80' lang='lat' dir='ltr'><strong>inducat-3</strong></span> <span class='ocrx_word' id='word_1_218' title='bbox 2036 3628 2100 3696; x_wconf 86' lang='lat' dir='ltr'><strong>si</strong></span> <span class='ocrx_word' id='word_1_219' title='bbox 2129 3647 2218 3696; x_wconf 86' lang='lat' dir='ltr'><strong>ex</strong></span> <span class='ocrx_word' id='word_1_220' title='bbox 2246 3627 2540 3695; x_wconf 77' lang='lat' dir='ltr'><strong>defectu</strong></span> <span class='ocrx_word' id='word_1_221' title='bbox 2568 3625 2852 3693; x_wconf 79' lang='lat' dir='ltr'><strong>formae</strong></span> <span class='ocrx_word' id='word_1_222' title='bbox 2879 3624 3215 3693; x_wconf 81' lang='lat' dir='ltr'><strong>substan·</strong></span> 
     </span>
     <span class='ocr_line' id='line_1_28' title="bbox 232 3734 3222 3838; baseline -0.002 -33"><span class='ocrx_word' id='word_1_223' title='bbox 232 3738 444 3805; x_wconf 87' lang='lat' dir='ltr'><strong>tialis</strong></span> <span class='ocrx_word' id='word_1_224' title='bbox 474 3739 593 3838; x_wconf 69' lang='lat' dir='ltr'><strong>yel</strong></span> <span class='ocrx_word' id='word_1_225' title='bbox 625 3756 714 3807; x_wconf 84' lang='lat' dir='ltr'><strong>ex</strong></span> <span class='ocrx_word' id='word_1_226' title='bbox 755 3738 1279 3822; x_wconf 89' lang='lat' dir='ltr'><strong>impedimento</strong></span> <span class='ocrx_word' id='word_1_227' title='bbox 1310 3739 1693 3807; x_wconf 86' lang='lat' dir='ltr'><strong>dirimenti</strong></span> <span class='ocrx_word' id='word_1_228' title='bbox 1729 3738 1922 3823; x_wconf 90' lang='lat' dir='ltr'><strong>quod</strong></span> <span class='ocrx_word' id='word_1_229' title='bbox 1957 3736 2374 3821; x_wconf 86' lang='lat' dir='ltr'><strong>dispensari</strong></span> <span class='ocrx_word' id='word_1_230' title='bbox 2412 3739 2655 3820; x_wconf 89' lang='lat' dir='ltr'><strong>potest</strong></span> <span class='ocrx_word' id='word_1_231' title='bbox 2691 3737 2767 3802; x_wconf 86' lang='lat' dir='ltr'><strong>et</strong></span> <span class='ocrx_word' id='word_1_232' title='bbox 2809 3734 3020 3816; x_wconf 89' lang='lat' dir='ltr'><strong>solet,</strong></span> <span class='ocrx_word' id='word_1_233' title='bbox 3060 3750 3222 3817; x_wconf 85' lang='lat' dir='ltr'><strong>par·</strong></span> 
     </span>
     <span class='ocr_line' id='line_1_29' title="bbox 229 3841 3224 3929; baseline -0.002 -15"><span class='ocrx_word' id='word_1_234' title='bbox 229 3851 348 3914; x_wconf 86' lang='lat' dir='ltr'><strong>tes</strong></span> <span class='ocrx_word' id='word_1_235' title='bbox 378 3845 726 3914; x_wconf 85' lang='lat' dir='ltr'><strong>inducere</strong></span> <span class='ocrx_word' id='word_1_236' title='bbox 764 3847 1063 3915; x_wconf 82' lang='lat' dir='ltr'><strong>studeat</strong></span> <span class='ocrx_word' id='word_1_237' title='bbox 1092 3847 1188 3914; x_wconf 91' lang='lat' dir='ltr'><strong>ad</strong></span> <span class='ocrx_word' id='word_1_238' title='bbox 1216 3865 1650 3915; x_wconf 86' lang='lat' dir='ltr'><strong>consensum</strong></span> <span class='ocrx_word' id='word_1_239' title='bbox 1685 3848 1761 3912; x_wconf 88' lang='lat' dir='ltr'><strong>in</strong></span> <span class='ocrx_word' id='word_1_240' title='bbox 1794 3846 2035 3914; x_wconf 84' lang='lat' dir='ltr'><strong>forma</strong></span> <span class='ocrx_word' id='word_1_241' title='bbox 2076 3844 2407 3929; x_wconf 85' lang='lat' dir='ltr'><strong>legitima</strong></span> <span class='ocrx_word' id='word_1_242' title='bbox 2446 3841 2939 3911; x_wconf 84' lang='lat' dir='ltr'><strong>renovandum</strong></span> <span class='ocrx_word' id='word_1_243' title='bbox 2981 3841 3098 3909; x_wconf 82' lang='lat' dir='ltr'><strong>vel</strong></span> <span class='ocrx_word' id='word_1_244' title='bbox 3131 3841 3224 3908; x_wconf 85' lang='lat' dir='ltr'><strong>ad</strong></span> 
     </span>
     <span class='ocr_line' id='line_1_30' title="bbox 227 3953 1320 4039; baseline -0.002 -17"><span class='ocrx_word' id='word_1_245' title='bbox 227 3953 859 4037; x_wconf 81' lang='lat' dir='ltr'><strong>dispensationem</strong></span> <span class='ocrx_word' id='word_1_246' title='bbox 905 3955 1320 4039; x_wconf 89' lang='lat' dir='ltr'><strong>petendam.</strong></span> 
     </span>
    </p>
   </div>
   <div class='ocr_carea' id='block_1_11' title="bbox 530 4269 783 4294">
    <p class='ocr_par' dir='ltr' id='par_1_12' title="bbox 530 4269 783 4294">
     <span class='ocr_line' id='line_1_31' title="bbox 530 4269 783 4294; baseline -0.004 0"><span class='ocrx_word' id='word_1_247' title='bbox 530 4272 542 4284; x_wconf 76' lang='lat'>⁸</span> <span class='ocrx_word' id='word_1_248' title='bbox 609 4271 622 4293; x_wconf 69' lang='lat'>9</span> <span class='ocrx_word' id='word_1_249' title='bbox 688 4269 701 4294; x_wconf 70' lang='lat'>9</span> <span class='ocrx_word' id='word_1_250' title='bbox 769 4270 783 4293; x_wconf 74' lang='grc' dir='ltr'>Ι</span> 
     </span>
    </p>
   </div>
   <div class='ocr_carea' id='block_1_12' title="bbox 217 4312 3227 4839">
    <p class='ocr_par' dir='ltr' id='par_1_13' title="bbox 217 4312 3223 4476">
     <span class='ocr_line' id='line_1_32' title="bbox 232 4312 3223 4388; baseline -0.005 -11"><span class='ocrx_word' id='word_1_251' title='bbox 232 4331 299 4377; x_wconf 72' lang='lat' dir='ltr'><strong>et</strong></span> <span class='ocrx_word' id='word_1_252' title='bbox 331 4335 591 4381; x_wconf 63' lang='lat' dir='ltr'><strong>uxorem,</strong></span> <span class='ocrx_word' id='word_1_253' title='bbox 621 4326 680 4374; x_wconf 82' lang='lat' dir='ltr'><strong>et</strong></span> <span class='ocrx_word' id='word_1_254' title='bbox 709 4325 781 4375; x_wconf 72' lang='lat' dir='ltr'><strong>de</strong></span> <span class='ocrx_word' id='word_1_255' title='bbox 809 4323 942 4373; x_wconf 75' lang='lat' dir='ltr'><strong>doto</strong></span> <span class='ocrx_word' id='word_1_256' title='bbox 977 4323 1110 4381; x_wconf 73' lang='lat' dir='ltr'><strong>poet</strong></span> <span class='ocrx_word' id='word_1_257' title='bbox 1147 4319 1466 4370; x_wconf 71' lang='lat' dir='ltr'><strong>divortium</strong></span> <span class='ocrx_word' id='word_1_258' title='bbox 1492 4317 1882 4377; x_wconf 73' lang='lat' dir='ltr'><strong>restituenda,</strong></span> <span class='ocrx_word' id='word_1_259' title='bbox 1911 4319 2013 4378; x_wconf 85' lang='lat' dir='ltr'><strong>IV,</strong></span> <span class='ocrx_word' id='word_1_260' title='bbox 2043 4317 2125 4380; x_wconf 82' lang='lat'><strong>20;</strong></span> <span class='ocrx_word' id='word_1_261' title='bbox 2154 4316 2293 4378; x_wconf 72' lang='lat' dir='ltr'><strong>Reg.</strong></span> <span class='ocrx_word' id='word_1_262' title='bbox 2332 4316 2414 4376; x_wconf 75' lang='grc'><strong>42,</strong></span> <span class='ocrx_word' id='word_1_263' title='bbox 2447 4314 2517 4366; x_wconf 80' lang='grc' dir='ltr'><strong>Β.</strong></span> <span class='ocrx_word' id='word_1_264' title='bbox 2551 4316 2588 4367; x_wconf 84' lang='lat' dir='ltr'><strong>J</strong></span> <span class='ocrx_word' id='word_1_265' title='bbox 2594 4351 2631 4376; x_wconf 87' lang='lat'><strong>.,</strong></span> <span class='ocrx_word' id='word_1_266' title='bbox 2663 4314 2726 4365; x_wconf 85' lang='lat' dir='ltr'><strong>in</strong></span> <span class='ocrx_word' id='word_1_267' title='bbox 2753 4314 2880 4374; x_wconf 76' lang='lat' dir='ltr'>V103</span> <span class='ocrx_word' id='word_1_268' title='bbox 2908 4313 3027 4365; x_wconf 76' lang='lat' dir='ltr'><strong>Leo</strong></span> <span class='ocrx_word' id='word_1_269' title='bbox 3055 4312 3223 4388; x_wconf 82' lang='lat' dir='ltr'>XIII.</span> 
     </span>
     <span class='ocr_line' id='line_1_33' title="bbox 217 4404 2958 4476; baseline -0.005 -8"><span class='ocrx_word' id='word_1_270' title='bbox 217 4413 328 4476; x_wconf 82' lang='lat' dir='ltr'><strong>ep.</strong></span> <span class='ocrx_word' id='word_1_271' title='bbox 357 4415 576 4476; x_wconf 76' lang='lat' dir='ltr'><strong>encycl.</strong></span> <span class='ocrx_word' id='word_1_272' title='bbox 607 4429 639 4465; x_wconf 71' lang='grc' dir='ltr'><strong>α</strong></span> <span class='ocrx_word' id='word_1_273' title='bbox 663 4411 1006 4464; x_wconf 75' lang='lat' dir='ltr'><strong>Immortale</strong></span> <span class='ocrx_word' id='word_1_274' title='bbox 1035 4411 1147 4462; x_wconf 73' lang='lat' dir='ltr'><strong>Dei</strong></span> <span class='ocrx_word' id='word_1_275' title='bbox 1171 4426 1220 4472; x_wconf 71' lang='grc' dir='ltr'><strong>ιο,</strong></span> <span class='ocrx_word' id='word_1_276' title='bbox 1249 4412 1281 4462; x_wconf 93' lang='grc'><strong>1</strong></span> <span class='ocrx_word' id='word_1_277' title='bbox 1313 4423 1446 4462; x_wconf 84' lang='lat' dir='ltr'><strong>nov.</strong></span> <span class='ocrx_word' id='word_1_278' title='bbox 1475 4409 1622 4472; x_wconf 74' lang='lat'><strong>18853</strong></span> <span class='ocrx_word' id='word_1_279' title='bbox 1649 4408 1707 4462; x_wconf 85' lang='lat' dir='ltr'><strong>S.</strong></span> <span class='ocrx_word' id='word_1_280' title='bbox 1740 4409 1806 4461; x_wconf 88' lang='grc' dir='ltr'><strong>Ο.</strong></span> <span class='ocrx_word' id='word_1_281' title='bbox 1834 4408 1908 4461; x_wconf 87' lang='lat' dir='ltr'><strong>de</strong></span> <span class='ocrx_word' id='word_1_282' title='bbox 1935 4409 2105 4468; x_wconf 80' lang='lat' dir='ltr'><strong>Prop.</strong></span> <span class='ocrx_word' id='word_1_283' title='bbox 2144 4407 2309 4466; x_wconf 78' lang='lat' dir='ltr'><strong>Fide,</strong></span> <span class='ocrx_word' id='word_1_284' title='bbox 2346 4406 2517 4458; x_wconf 83' lang='lat' dir='ltr'><strong>lustr.</strong></span> <span class='ocrx_word' id='word_1_285' title='bbox 2548 4417 2605 4456; x_wconf 89' lang='lat' dir='ltr'><strong>a.</strong></span> <span class='ocrx_word' id='word_1_286' title='bbox 2636 4404 2784 4466; x_wconf 81' lang='grc'><strong>1883,</strong></span> <span class='ocrx_word' id='word_1_287' title='bbox 2812 4416 2871 4454; x_wconf 90' lang='grc' dir='ltr'><strong>ιι.</strong></span> <span class='ocrx_word' id='word_1_288' title='bbox 2908 4405 2958 4454; x_wconf 90' lang='grc'><strong>1.</strong></span> 
     </span>
    </p>

    <p class='ocr_par' dir='ltr' id='par_1_14' title="bbox 233 4482 3227 4839">
     <span class='ocr_line' id='line_1_34' title="bbox 407 4482 3227 4562; baseline -0.005 -6"><span class='ocrx_word' id='word_1_289' title='bbox 407 4510 432 4545; x_wconf 82' lang='lat'>2</span> <span class='ocrx_word' id='word_1_290' title='bbox 483 4504 838 4556; x_wconf 68' lang='lat' dir='ltr'><strong>Benedictus</strong></span> <span class='ocrx_word' id='word_1_291' title='bbox 869 4503 1021 4562; x_wconf 77' lang='lat' dir='ltr'><strong>xlv,</strong></span> <span class='ocrx_word' id='word_1_292' title='bbox 1051 4504 1237 4554; x_wconf 75' lang='lat' dir='ltr'><strong>const.</strong></span> <span class='ocrx_word' id='word_1_293' title='bbox 1273 4516 1305 4552; x_wconf 67' lang='grc' dir='ltr'><strong>α</strong></span> <span class='ocrx_word' id='word_1_294' title='bbox 1338 4499 1446 4551; x_wconf 72' lang='lat' dir='ltr'><strong>Det</strong></span> <span class='ocrx_word' id='word_1_295' title='bbox 1483 4499 1861 4550; x_wconf 59' lang='lat' dir='ltr'><strong>miseratione</strong></span> <span class='ocrx_word' id='word_1_296' title='bbox 1901 4513 1950 4559; x_wconf 84' lang='lat'><strong>»,</strong></span> <span class='ocrx_word' id='word_1_297' title='bbox 1980 4499 2014 4551; x_wconf 81' lang='lat'><strong>3</strong></span> <span class='ocrx_word' id='word_1_298' title='bbox 2041 4482 2173 4550; x_wconf 54' lang='lat' dir='ltr'><strong>noir.</strong></span> <span class='ocrx_word' id='word_1_299' title='bbox 2205 4497 2354 4557; x_wconf 74' lang='lat'><strong>1⁷41,</strong></span> <span class='ocrx_word' id='word_1_300' title='bbox 2388 4496 2414 4558; x_wconf 72' lang='grc' dir='ltr'><strong>ι</strong></span> <span class='ocrx_word' id='word_1_301' title='bbox 2454 4496 2536 4556; x_wconf 73' lang='lat'><strong>15:</strong></span> <span class='ocrx_word' id='word_1_302' title='bbox 2570 4496 2711 4547; x_wconf 73' lang='lat' dir='ltr'><strong>ptus</strong></span> <span class='ocrx_word' id='word_1_303' title='bbox 2739 4495 2806 4555; x_wconf 85' lang='lat' dir='ltr'><strong>x,</strong></span> <span class='ocrx_word' id='word_1_304' title='bbox 2838 4496 3023 4546; x_wconf 70' lang='lat' dir='ltr'><strong>const.</strong></span> <span class='ocrx_word' id='word_1_305' title='bbox 3061 4507 3092 4543; x_wconf 72' lang='grc' dir='ltr'><strong>ι</strong></span> <span class='ocrx_word' id='word_1_306' title='bbox 3124 4492 3227 4542; x_wconf 82' lang='lat' dir='ltr'><strong>sa-</strong></span> 
     </span>
     <span class='ocr_line' id='line_1_35' title="bbox 235 4582 3222 4657; baseline -0.004 -13"><span class='ocrx_word' id='word_1_307' title='bbox 235 4597 428 4657; x_wconf 64' lang='lat' dir='ltr'><strong>pocati</strong></span> <span class='ocrx_word' id='word_1_308' title='bbox 464 4594 708 4646; x_wconf 71' lang='lat' dir='ltr'><strong>consitio</strong></span> <span class='ocrx_word' id='word_1_309' title='bbox 745 4609 795 4654; x_wconf 75' lang='grc' dir='ltr'><strong>ιι,</strong></span> <span class='ocrx_word' id='word_1_310' title='bbox 835 4594 901 4646; x_wconf 86' lang='grc'><strong>29</strong></span> <span class='ocrx_word' id='word_1_311' title='bbox 934 4594 1058 4644; x_wconf 85' lang='lat' dir='ltr'><strong>iun.</strong></span> <span class='ocrx_word' id='word_1_312' title='bbox 1096 4591 1245 4653; x_wconf 88' lang='grc'><strong>1908,</strong></span> <span class='ocrx_word' id='word_1_313' title='bbox 1288 4592 1315 4652; x_wconf 62' lang='lat'><em>8</em></span> <span class='ocrx_word' id='word_1_314' title='bbox 1364 4592 1413 4651; x_wconf 88' lang='lat'><strong>1,</strong></span> <span class='ocrx_word' id='word_1_315' title='bbox 1451 4604 1510 4643; x_wconf 93' lang='grc' dir='ltr'><strong>ιι.</strong></span> <span class='ocrx_word' id='word_1_316' title='bbox 1549 4592 1625 4651; x_wconf 81' lang='lat'><strong>1⁰,</strong></span> <span class='ocrx_word' id='word_1_317' title='bbox 1662 4591 1714 4651; x_wconf 81' lang='lat'><strong>5,</strong></span> <span class='ocrx_word' id='word_1_318' title='bbox 1750 4603 1810 4642; x_wconf 90' lang='lat' dir='ltr'><strong>n.</strong></span> <span class='ocrx_word' id='word_1_319' title='bbox 1842 4590 1919 4650; x_wconf 77' lang='lat'><strong>3⁰,</strong></span> <span class='ocrx_word' id='word_1_320' title='bbox 1968 4590 2018 4648; x_wconf 87' lang='grc'><strong>2,</strong></span> <span class='ocrx_word' id='word_1_321' title='bbox 2065 4589 2116 4648; x_wconf 83' lang='grc'><strong>3;</strong></span> <span class='ocrx_word' id='word_1_322' title='bbox 2156 4586 2214 4640; x_wconf 87' lang='lat' dir='ltr'><strong>S.</strong></span> <span class='ocrx_word' id='word_1_323' title='bbox 2246 4586 2312 4639; x_wconf 86' lang='lat' dir='ltr'><strong>O.</strong></span> <span class='ocrx_word' id='word_1_324' title='bbox 2348 4585 2406 4638; x_wconf 84' lang='lat' dir='ltr'><strong>S.</strong></span> <span class='ocrx_word' id='word_1_325' title='bbox 2439 4584 2579 4645; x_wconf 66' lang='lat' dir='ltr'><strong>Off„</strong></span> <span class='ocrx_word' id='word_1_326' title='bbox 2611 4586 2677 4636; x_wconf 85' lang='lat'><strong>11</strong></span> <span class='ocrx_word' id='word_1_327' title='bbox 2705 4596 2839 4645; x_wconf 81' lang='lat' dir='ltr'><strong>aug.</strong></span> <span class='ocrx_word' id='word_1_328' title='bbox 2873 4582 3019 4644; x_wconf 76' lang='lat'><strong>18593</strong></span> <span class='ocrx_word' id='word_1_329' title='bbox 3049 4582 3222 4634; x_wconf 73' lang='lat' dir='ltr'><strong>inser.</strong></span> 
     </span>
     <span class='ocr_line' id='line_1_36' title="bbox 241 4672 3223 4747; baseline -0.006 -8"><span class='ocrx_word' id='word_1_330' title='bbox 241 4686 349 4747; x_wconf 87' lang='lat' dir='ltr'><strong>(ad</strong></span> <span class='ocrx_word' id='word_1_331' title='bbox 386 4687 492 4747; x_wconf 75' lang='lat' dir='ltr'><strong>Dp.</strong></span> <span class='ocrx_word' id='word_1_332' title='bbox 530 4685 776 4737; x_wconf 78' lang='lat' dir='ltr'><strong>Rituum</strong></span> <span class='ocrx_word' id='word_1_333' title='bbox 821 4684 1095 4746; x_wconf 59' lang='lat' dir='ltr'><strong>orient),</strong></span> <span class='ocrx_word' id='word_1_334' title='bbox 1141 4695 1197 4734; x_wconf 85' lang='lat' dir='ltr'><strong>a.</strong></span> <span class='ocrx_word' id='word_1_335' title='bbox 1238 4681 1386 4744; x_wconf 79' lang='grc'><strong>1883,</strong></span> <span class='ocrx_word' id='word_1_336' title='bbox 1433 4682 1512 4733; x_wconf 78' lang='lat' dir='ltr'><strong>tit</strong></span> <span class='ocrx_word' id='word_1_337' title='bbox 1568 4681 1670 4742; x_wconf 81' lang='lat' dir='ltr'><strong>vl,</strong></span> <span class='ocrx_word' id='word_1_338' title='bbox 1708 4683 1822 4732; x_wconf 87' lang='lat' dir='ltr'><strong>art.</strong></span> <span class='ocrx_word' id='word_1_339' title='bbox 1863 4682 1913 4740; x_wconf 82' lang='lat'><strong>4,</strong></span> <span class='ocrx_word' id='word_1_340' title='bbox 1952 4692 2008 4730; x_wconf 90' lang='lat' dir='ltr'><strong>n.</strong></span> <span class='ocrx_word' id='word_1_341' title='bbox 2047 4679 2129 4741; x_wconf 75' lang='lat'><strong>45;</strong></span> <span class='ocrx_word' id='word_1_342' title='bbox 2166 4676 2224 4730; x_wconf 83' lang='lat' dir='ltr'><strong>S.</strong></span> <span class='ocrx_word' id='word_1_343' title='bbox 2263 4676 2328 4729; x_wconf 87' lang='grc' dir='ltr'><strong>Ο.</strong></span> <span class='ocrx_word' id='word_1_344' title='bbox 2367 4675 2646 4733; x_wconf 69' lang='lat' dir='ltr'><strong>Consist„</strong></span> <span class='ocrx_word' id='word_1_345' title='bbox 2689 4672 2973 4730; x_wconf 81' lang='lat' dir='ltr'><strong>Romana,</strong></span> <span class='ocrx_word' id='word_1_346' title='bbox 3004 4673 3069 4724; x_wconf 82' lang='lat'><strong>29</strong></span> <span class='ocrx_word' id='word_1_347' title='bbox 3102 4672 3223 4722; x_wconf 81' lang='lat' dir='ltr'><strong>ian.</strong></span> 
     </span>
     <span class='ocr_line' id='line_1_37' title="bbox 233 4762 3226 4839; baseline -0.006 -10"><span class='ocrx_word' id='word_1_348' title='bbox 233 4778 385 4839; x_wconf 73' lang='lat'>1909:</span> <span class='ocrx_word' id='word_1_349' title='bbox 412 4776 470 4829; x_wconf 82' lang='lat' dir='ltr'><strong>S.</strong></span> <span class='ocrx_word' id='word_1_350' title='bbox 503 4776 568 4829; x_wconf 86' lang='lat' dir='ltr'><strong>O.</strong></span> <span class='ocrx_word' id='word_1_351' title='bbox 628 4775 702 4828; x_wconf 87' lang='lat' dir='ltr'><strong>de</strong></span> <span class='ocrx_word' id='word_1_352' title='bbox 728 4775 1147 4835; x_wconf 73' lang='lat' dir='ltr'><strong>sacramentis,</strong></span> <span class='ocrx_word' id='word_1_353' title='bbox 1176 4774 1331 4826; x_wconf 82' lang='lat' dir='ltr'><strong>decr.</strong></span> <span class='ocrx_word' id='word_1_354' title='bbox 1367 4772 1401 4824; x_wconf 83' lang='grc'><strong>7</strong></span> <span class='ocrx_word' id='word_1_355' title='bbox 1432 4775 1607 4824; x_wconf 87' lang='lat' dir='ltr'><strong>mart.</strong></span> <span class='ocrx_word' id='word_1_356' title='bbox 1636 4772 1782 4832; x_wconf 77' lang='lat'>19103</span> <span class='ocrx_word' id='word_1_357' title='bbox 1811 4770 1869 4823; x_wconf 79' lang='lat' dir='ltr'><strong>S.</strong></span> <span class='ocrx_word' id='word_1_358' title='bbox 1902 4769 1967 4822; x_wconf 84' lang='lat' dir='ltr'><strong>G.</strong></span> <span class='ocrx_word' id='word_1_359' title='bbox 1998 4769 2070 4820; x_wconf 86' lang='lat' dir='ltr'><strong>de</strong></span> <span class='ocrx_word' id='word_1_360' title='bbox 2097 4769 2268 4829; x_wconf 84' lang='lat' dir='ltr'><strong>Prop.</strong></span> <span class='ocrx_word' id='word_1_361' title='bbox 2307 4765 2471 4826; x_wconf 78' lang='lat' dir='ltr'><strong>Fide,</strong></span> <span class='ocrx_word' id='word_1_362' title='bbox 2502 4766 2671 4816; x_wconf 85' lang='lat' dir='ltr'><strong>lnstr.</strong></span> <span class='ocrx_word' id='word_1_363' title='bbox 2703 4777 2758 4814; x_wconf 88' lang='lat' dir='ltr'><strong>a.</strong></span> <span class='ocrx_word' id='word_1_364' title='bbox 2788 4762 2937 4823; x_wconf 85' lang='lat'><strong>1883,</strong></span> <span class='ocrx_word' id='word_1_365' title='bbox 2967 4774 3025 4813; x_wconf 91' lang='lat' dir='ltr'><strong>n.</strong></span> <span class='ocrx_word' id='word_1_366' title='bbox 3057 4762 3139 4814; x_wconf 79' lang='lat'><strong>45.</strong></span> <span class='ocrx_word' id='word_1_367' title='bbox 3161 4789 3226 4797; x_wconf 96' lang='lat'>—</span> 
     </span>
    </p>
   </div>
   <div class='ocr_carea' id='block_1_13' title="bbox 234 4865 3228 5017">
    <p class='ocr_par' dir='ltr' id='par_1_15' title="bbox 234 4865 3228 5017">
     <span class='ocr_line' id='line_1_38' title="bbox 234 4865 2593 4927; baseline -0.005 -8"><span class='ocrx_word' id='word_1_368' title='bbox 234 4867 386 4919; x_wconf 80' lang='lat' dir='ltr'><strong>Vide</strong></span> <span class='ocrx_word' id='word_1_369' title='bbox 420 4867 601 4919; x_wconf 84' lang='lat' dir='ltr'><strong>etiam</strong></span> <span class='ocrx_word' id='word_1_370' title='bbox 635 4878 765 4918; x_wconf 89' lang='lat' dir='ltr'><strong>can.</strong></span> <span class='ocrx_word' id='word_1_371' title='bbox 802 4865 950 4918; x_wconf 82' lang='grc'><strong>1985.</strong></span> <span class='ocrx_word' id='word_1_372' title='bbox 2589 4923 2593 4927; x_wconf 85' lang='lat'><em>.</em></span> 
     </span>
     <span class='ocr_line' id='line_1_39' title="bbox 408 4943 3228 5017; baseline -0.006 -6"><span class='ocrx_word' id='word_1_373' title='bbox 408 4961 434 4998; x_wconf 84' lang='lat'><strong>³</strong></span> <span class='ocrx_word' id='word_1_374' title='bbox 482 4957 540 5010; x_wconf 81' lang='grc'><strong>8.</strong></span> <span class='ocrx_word' id='word_1_375' title='bbox 572 4959 638 5010; x_wconf 87' lang='lat' dir='ltr'><strong>C.</strong></span> <span class='ocrx_word' id='word_1_376' title='bbox 674 4958 732 5010; x_wconf 80' lang='lat' dir='ltr'><strong>S.</strong></span> <span class='ocrx_word' id='word_1_377' title='bbox 766 4955 904 5017; x_wconf 69' lang='lat' dir='ltr'><strong>Off„</strong></span> <span class='ocrx_word' id='word_1_378' title='bbox 935 4956 1106 5008; x_wconf 84' lang='lat' dir='ltr'><strong>instr.</strong></span> <span class='ocrx_word' id='word_1_379' title='bbox 1137 4968 1192 5006; x_wconf 84' lang='lat' dir='ltr'><strong>a.</strong></span> <span class='ocrx_word' id='word_1_380' title='bbox 1232 4953 1379 5015; x_wconf 69' lang='lat'><strong>185&amp;</strong></span> <span class='ocrx_word' id='word_1_381' title='bbox 1415 4954 1585 5005; x_wconf 78' lang='lat' dir='ltr'><strong>lustr.</strong></span> <span class='ocrx_word' id='word_1_382' title='bbox 1629 4953 1731 5012; x_wconf 86' lang='lat' dir='ltr'><strong>(ad</strong></span> <span class='ocrx_word' id='word_1_383' title='bbox 1761 4953 1866 5012; x_wconf 72' lang='lat'><em>1321».</em></span> <span class='ocrx_word' id='word_1_384' title='bbox 1904 4951 2147 5002; x_wconf 82' lang='lat' dir='ltr'><strong>thuum</strong></span> <span class='ocrx_word' id='word_1_385' title='bbox 2180 4948 2453 5009; x_wconf 82' lang='lat' dir='ltr'><strong>orient.),</strong></span> <span class='ocrx_word' id='word_1_386' title='bbox 2486 4959 2516 4998; x_wconf 88' lang='lat' dir='ltr'><strong>a</strong></span> <span class='ocrx_word' id='word_1_387' title='bbox 2572 4945 2721 5005; x_wconf 82' lang='grc'><strong>1883,</strong></span> <span class='ocrx_word' id='word_1_388' title='bbox 2762 4945 2859 4996; x_wconf 76' lang='lat' dir='ltr'><strong>tit.</strong></span> <span class='ocrx_word' id='word_1_389' title='bbox 2892 4944 2995 5004; x_wconf 83' lang='lat' dir='ltr'><strong>VI,</strong></span> <span class='ocrx_word' id='word_1_390' title='bbox 3030 4945 3143 4994; x_wconf 88' lang='lat' dir='ltr'><strong>art.</strong></span> <span class='ocrx_word' id='word_1_391' title='bbox 3178 4943 3228 5003; x_wconf 75' lang='lat'><strong>53</strong></span> 
     </span>
    </p>
   </div>
   <div class='ocr_carea' id='block_1_14' title="bbox 234 5043 3226 5200">
    <p class='ocr_par' dir='ltr' id='par_1_16' title="bbox 234 5043 3226 5200">
     <span class='ocr_line' id='line_1_40' title="bbox 234 5043 1388 5109; baseline -0.006 -7"><span class='ocrx_word' id='word_1_392' title='bbox 234 5051 408 5101; x_wconf 80' lang='lat' dir='ltr'><strong>lustr.</strong></span> <span class='ocrx_word' id='word_1_393' title='bbox 455 5048 783 5109; x_wconf 60' lang='lat' dir='ltr'><strong>(nyssam),</strong></span> <span class='ocrx_word' id='word_1_394' title='bbox 818 5047 853 5099; x_wconf 91' lang='grc'><strong>6</strong></span> <span class='ocrx_word' id='word_1_395' title='bbox 887 5058 1020 5107; x_wconf 78' lang='lat' dir='ltr'><strong>aug.</strong></span> <span class='ocrx_word' id='word_1_396' title='bbox 1058 5044 1206 5106; x_wconf 82' lang='grc'><strong>1890,</strong></span> <span class='ocrx_word' id='word_1_397' title='bbox 1241 5057 1300 5095; x_wconf 91' lang='grc' dir='ltr'><strong>ιι.</strong></span> <span class='ocrx_word' id='word_1_398' title='bbox 1337 5043 1388 5095; x_wconf 83' lang='grc'><strong>7.</strong></span> 
     </span>
     <span class='ocr_line' id='line_1_41' title="bbox 407 5124 3226 5200; baseline -0.007 -7"><span class='ocrx_word' id='word_1_399' title='bbox 407 5145 437 5180; x_wconf 80' lang='lat'><strong>⁴</strong></span> <span class='ocrx_word' id='word_1_400' title='bbox 481 5140 541 5192; x_wconf 83' lang='grc' dir='ltr'><strong>Ο.</strong></span> <span class='ocrx_word' id='word_1_401' title='bbox 570 5140 652 5199; x_wconf 92' lang='grc'><strong>12,</strong></span> <span class='ocrx_word' id='word_1_402' title='bbox 682 5140 747 5200; x_wconf 84' lang='grc' dir='ltr'><strong>Χ,</strong></span> <span class='ocrx_word' id='word_1_403' title='bbox 776 5141 847 5189; x_wconf 75' lang='lat' dir='ltr'><strong>de</strong></span> <span class='ocrx_word' id='word_1_404' title='bbox 874 5136 1209 5189; x_wconf 64' lang='lat' dir='ltr'><strong>excessibus</strong></span> <span class='ocrx_word' id='word_1_405' title='bbox 1241 5134 1641 5197; x_wconf 72' lang='lat' dir='ltr'><strong>praelatorum</strong></span> <span class='ocrx_word' id='word_1_406' title='bbox 1674 5138 1733 5185; x_wconf 82' lang='lat' dir='ltr'><strong>et</strong></span> <span class='ocrx_word' id='word_1_407' title='bbox 1759 5133 2148 5190; x_wconf 71' lang='lat' dir='ltr'><strong>subditorum,</strong></span> <span class='ocrx_word' id='word_1_408' title='bbox 2174 5130 2245 5192; x_wconf 82' lang='lat' dir='ltr'><strong>V,</strong></span> <span class='ocrx_word' id='word_1_409' title='bbox 2271 5131 2354 5192; x_wconf 75' lang='lat'><strong>31:</strong></span> <span class='ocrx_word' id='word_1_410' title='bbox 2381 5129 2440 5182; x_wconf 84' lang='lat' dir='ltr'><strong>S.</strong></span> <span class='ocrx_word' id='word_1_411' title='bbox 2476 5128 2541 5180; x_wconf 83' lang='lat' dir='ltr'><strong>G.</strong></span> <span class='ocrx_word' id='word_1_412' title='bbox 2575 5126 2633 5180; x_wconf 78' lang='lat' dir='ltr'><strong>S.</strong></span> <span class='ocrx_word' id='word_1_413' title='bbox 2664 5126 2802 5186; x_wconf 64' lang='lat' dir='ltr'><strong>Off„</strong></span> <span class='ocrx_word' id='word_1_414' title='bbox 2829 5126 2896 5178; x_wconf 82' lang='lat'><strong>30</strong></span> <span class='ocrx_word' id='word_1_415' title='bbox 2925 5125 3047 5176; x_wconf 84' lang='lat' dir='ltr'><strong>lun.</strong></span> <span class='ocrx_word' id='word_1_416' title='bbox 3078 5124 3226 5184; x_wconf 84' lang='grc'><strong>1892;</strong></span> 
     </span>
    </p>
   </div>
   <div class='ocr_carea' id='block_1_15' title="bbox 243 5220 2399 5290">
    <p class='ocr_par' dir='ltr' id='par_1_17' title="bbox 243 5220 2399 5290">
     <span class='ocr_line' id='line_1_42' title="bbox 243 5220 2399 5290; baseline -0.006 -8"><span class='ocrx_word' id='word_1_417' title='bbox 243 5230 615 5290; x_wconf 59' lang='lat' dir='ltr'><strong>(colonien),</strong></span> <span class='ocrx_word' id='word_1_418' title='bbox 648 5230 713 5281; x_wconf 81' lang='grc'><strong>23</strong></span> <span class='ocrx_word' id='word_1_419' title='bbox 744 5230 864 5280; x_wconf 81' lang='lat' dir='ltr'><strong>iun.</strong></span> <span class='ocrx_word' id='word_1_420' title='bbox 901 5228 1048 5289; x_wconf 69' lang='lat'>19032</span> <span class='ocrx_word' id='word_1_421' title='bbox 1079 5226 1138 5280; x_wconf 83' lang='lat' dir='ltr'><strong>S.</strong></span> <span class='ocrx_word' id='word_1_422' title='bbox 1171 5226 1235 5279; x_wconf 87' lang='grc' dir='ltr'><strong>Ο.</strong></span> <span class='ocrx_word' id='word_1_423' title='bbox 1269 5226 1344 5277; x_wconf 89' lang='lat' dir='ltr'><strong>de</strong></span> <span class='ocrx_word' id='word_1_424' title='bbox 1375 5224 1546 5284; x_wconf 79' lang='lat' dir='ltr'><strong>Prop.</strong></span> <span class='ocrx_word' id='word_1_425' title='bbox 1589 5223 1752 5283; x_wconf 71' lang='lat' dir='ltr'><strong>Fide,</strong></span> <span class='ocrx_word' id='word_1_426' title='bbox 1788 5224 1957 5275; x_wconf 82' lang='lat' dir='ltr'><strong>lustr.</strong></span> <span class='ocrx_word' id='word_1_427' title='bbox 1992 5236 2046 5273; x_wconf 88' lang='lat' dir='ltr'><strong>a.</strong></span> <span class='ocrx_word' id='word_1_428' title='bbox 2081 5221 2229 5281; x_wconf 80' lang='grc'><strong>1883,</strong></span> <span class='ocrx_word' id='word_1_429' title='bbox 2261 5232 2319 5271; x_wconf 86' lang='grc' dir='ltr'><strong>ιι.</strong></span> <span class='ocrx_word' id='word_1_430' title='bbox 2352 5220 2399 5270; x_wconf 91' lang='grc'><strong>2.</strong></span> 
     </span>
    </p>
   </div>
   <div class='ocr_carea' id='block_1_16' title="bbox 356 5607 3095 5674">
    <p class='ocr_par' dir='ltr' id='par_1_18' title="bbox 356 5607 3095 5674">
     <span class='ocr_line' id='line_1_43' title="bbox 356 5607 3095 5674; baseline -0.008 0"><span class='ocrx_word' id='word_1_431' title='bbox 356 5623 551 5674; x_wconf 67' lang='grc' dir='ltr'><strong><em>Οοαεω</em></strong></span> <span class='ocrx_word' id='word_1_432' title='bbox 585 5621 745 5674; x_wconf 69' lang='lat' dir='ltr'><strong>luris</strong></span> <span class='ocrx_word' id='word_1_433' title='bbox 781 5619 1077 5671; x_wconf 71' lang='lat' dir='ltr'><strong>canonic-i.</strong></span> <span class='ocrx_word' id='word_1_434' title='bbox 3039 5607 3095 5652; x_wconf 69' lang='lat'><strong>³⁸</strong></span> 
     </span>
    </p>
   </div>
  </div>
 </body>
</html>
