3753 5871
1097 259 1274 311 Liber
1316 260 1578 323 mortue
1610 283 1632 296 ·
1665 260 1753 313 De
1797 260 2176 313 Prooemtm
3025 260 3133 320 467

1420 504 1598 573 cm.
1643 503 1838 570 1617.

327 630 539 711 Quod
563 630 660 698 ad
682 634 974 714 tempus
1000 629 1272 697 attinet
1298 647 1441 715 quo
1464 629 1929 714 exceptiones
1952 628 2565 720 incompetentiae
2589 632 2665 697 et
2689 628 3133 714 suspicionis

158 737 667 823 proponendae
708 738 885 820 sint,
926 742 1260 805 servetur
1294 737 1834 821 praescriptum
1871 754 2037 804 can.
2080 736 2274 804 1628.

1420 892 1597 961 CAN.
1648 894 1844 960 1618.

326 1018 420 1085 In
455 1019 749 1104 negotio
788 1019 979 1103 quod
1024 1018 1483 1103 privatorum
1544 1018 2000 1086 solummodo
2055 1018 2391 1102 interest,
2461 1020 2681 1088 iudex
2743 1022 3131 1106 procedere

157 1129 397 1210 potest
439 1126 831 1195 dumtaxat
862 1126 957 1194 ad
994 1126 1435 1195 instantiam
1470 1126 1731 1211 partis;
1767 1127 1894 1194 sed
1931 1127 2011 1193 in
2043 1126 2362 1210 delictis,
2400 1134 2477 1197 et
2520 1129 2599 1195 in
2636 1130 2733 1198 iis
2779 1149 2964 1214 quae
3000 1150 3125 1215 pu·

154 1233 422 1301 blicum
463 1234 837 1303 Ecclesiae
894 1235 1163 1303 bonum
1224 1239 1359 1303 aut
1418 1234 1835 1301 animarum
1900 1236 2216 1304 salutem
2289 1237 2721 1322 respiciunt,
2765 1240 2989 1307 etiam
3038 1258 3127 1308 ex

152 1337 386 1407 officio
434 1340 484 1409 ².

1416 1447 1593 1516 CAN.
1642 1449 1836 1517 1619.

325 1572 360 1655 ξ
408 1575 474 1640 1.
526 1572 608 1641 Si
644 1580 855 1641 actor
890 1592 1028 1658 pro
1056 1592 1135 1640 re
1167 1591 1302 1641 sua
1332 1573 1804 1658 probationes
1835 1591 2019 1659 quas
2051 1573 2318 1643 afferre
2347 1580 2618 1660 posset,
2654 1595 2801 1645 non
2832 1577 3126 1660 afferat,

150 1681 264 1747 vel
302 1699 474 1749 reus
504 1682 966 1765 exceptiones
995 1681 1138 1748 sibi
1163 1685 1661 1765 competentes
1699 1700 1846 1748 non
1878 1685 2229 1766 opponat,
2264 1683 2485 1750 iudex
2518 1702 2609 1752 ne
2640 1685 3006 1769 suppleat.

328 1788 363 1871 ξ
408 1786 477 1854 2.
530 1787 611 1856 Si
641 1807 816 1857 vero
846 1791 1116 1875 agatur
1146 1790 1264 1857 vel
1292 1788 1385 1856 de
1424 1789 1719 1873 publico
1759 1789 1950 1857 bono
1982 1789 2098 1857 vel
2128 1790 2219 1858 de
2252 1791 2668 1859 animarum
2702 1792 2969 1876 salute,
3006 1812 3133 1861 eas

150 1895 495 1979 supplere
536 1899 780 1979 potest
812 1900 888 1965 et
919 1897 1133 1964 debet
1179 1896 1229 1960 ².
2313 1897 2316 1899 ’

1414 2006 1591 2073 CAN.
1651 2005 1845 2073 1620.

324 2125 620 2194 Iudices
656 2133 731 2195 et
769 2127 1177 2194 tribunalia
1214 2133 1478 2196 curent
1516 2134 1601 2196 ut
1650 2130 2236 2213 quamprimum,
2261 2136 2466 2198 salva
2505 2130 2823 2216 iustitia,
2864 2149 3131 2200 causae

146 2250 400 2302 omnes
433 2234 952 2319 terminentur,
989 2241 1216 2321 utque
1254 2236 1336 2303 in
1368 2236 1728 2305 tribunali
1760 2238 2043 2322 primae
2076 2238 2484 2306 instantiae
2516 2239 2721 2306 ultra
2755 2239 3130 2307 biennium

114 2349 290 2409 'non
319 2343 884 2428 protrahantur,
917 2345 994 2411 in
1029 2345 1391 2413 tribunali
1419 2364 1591 2413 vero
1619 2346 1981 2415 secundae
2009 2347 2415 2415 instantiae
2444 2349 2647 2415 ultra
2674 2366 2950 2415 annum
2980 2345 3035 2414 ³.

1415 2497 1593 2566 CAN.
1653 2497 1848 2565 1621.

325 2622 359 2704 5
411 2622 477 2687 1.
526 2620 859 2706 Excepto
904 2621 1271 2706 Episcopo
1311 2622 1437 2706 qui
1479 2640 1609 2706 per
1648 2641 1726 2690 se
1766 2626 2205 2706 potestatem
2257 2622 2724 2690 iudiciariam
2769 2629 3126 2707 exerceat,

144 2745 402 2797 omnes
437 2729 563 2815 qui
596 2729 929 2797 tribunal
960 2729 1430 2798 constituunt
1466 2733 1602 2798 aut
1634 2730 1867 2798 eidem
1915 2748 2122 2815 opem
2166 2730 2448 2813 ferunt,
2490 2731 3003 2798 iusiurandum
3040 2733 3132 2801 de

144 2835 386 2905 officio
421 2838 564 2905 rite
602 2841 679 2907 et
709 2837 1026 2906 fideliter
1059 2838 1430 2924 implendo
1461 2857 1708 2906 coram
1744 2839 2144 2907 Ordinario
2183 2840 2298 2906 vel
2331 2857 2576 2906 coram
2613 2839 2856 2908 iudice
2897 2859 2944 2907 a
2987 2859 3131 2924 quo

143 2944 362 3014 electi
402 2950 601 3029 sunt,
642 2947 757 3013 vel
791 2963 1037 3014 coram
1072 2945 1234 3014 viro
1267 2947 1763 3015 ecclesiastico
1808 2948 1902 3014 ab
1947 2947 2314 3015 alterutro
2349 2947 2711 3033 delegato,
2752 2953 3132 3032 praestare

141 3052 462 3123 debent:
525 3053 745 3138 idque
787 3054 882 3121 ab
924 3053 1144 3122 initio
1189 3054 1513 3139 suscepti
1557 3055 1798 3138 officii,
1857 3057 1923 3122 si
1970 3057 2125 3123 sint
2167 3055 2495 3138 stabiles,
2544 3064 2678 3127 aut
2733 3060 3127 3141 antequam

141 3177 375 3229 causa.
418 3166 713 3246 agatur,
750 3162 815 3228 si
850 3179 986 3245 pro
1019 3161 1378 3246 peculiari
1416 3162 1667 3246 aliqua
1700 3181 1925 3229 causa
1973 3164 2126 3232 sint
2160 3163 2555 3231 constituti
2596 3160 2646 3231 ⁸.
3071 3218 3084 3233 .

320 3269 356 3352 5
407 3269 475 3336 2.
525 3269 775 3338 Etiam
822 3268 1043 3337 iudex
1081 3288 1130 3337 a·
1169 3269 1356 3338 Sede
1392 3270 1823 3355 Apostolica
1862 3271 2243 3356 delegatus
2289 3271 2406 3338 vel
2446 3271 2667 3339 iudex
2707 3271 3131 3339 ordinarius

141 3375 219 3443 in
260 3377 624 3463 religione
668 3376 997 3444 clericali
1034 3380 1371 3461 exempta
1411 3378 1603 3445 idem
1643 3378 2159 3445 iusiurandum
2199 3384 2580 3463 praestare
2619 3382 2914 3447 tenetur
2962 3397 3128 3446 cum

141 3485 469 3567 primum
504 3485 837 3554 tribunal
868 3485 1379 3569 constituitur,
1415 3486 1762 3555 adstante
1797 3487 2034 3571 ipsius
2069 3487 2471 3569 tribunalis
2513 3486 2831 3570 notario,
2871 3487 2998 3571 qui
3040 3486 3134 3555 de

142 3590 514 3674 praestito
552 3591 1032 3661 iureiurando
1062 3596 1310 3660 actum
1345 3592 1656 3678 redigat.

1412 3747 1590 3816 cm.
1639 3748 1834 3815 1622.

322 3872 358 3956 5
406 3874 477 3939 1.
525 3870 1140 3958 Quotiescumque
1173 3871 1690 3940 iusiurandum
1720 3875 2149 3957 praestatur
2184 3873 2337 3941 sive
2363 3891 2408 3940 a
2441 3872 2809 3941 iudicibus
2838 3875 2971 3940 aut
2998 3872 3126 3940 tri·

139 3980 446 4048 bunalis
469 3980 957 4062 administris,
994 3981 1148 4048 sive
1169 3999 1217 4047 a
1244 3980 1607 4065 partibuS‚
1645 3980 1986 4063 testibus,
2016 3980 2304 4064 peritis,
2335 3998 2620 4065 semper
2647 3980 2890 4049 emitti
2915 3980 3131 4050 debet

326 4172 352 4209 ¹
389 4173 456 4226 0.
493 4171 545 4232 6,
574 4172 626 4233 7,
656 4172 722 4225 O.
754 4172 837 4233 11,
873 4183 929 4234 q.
959 4171 1011 4233 ῦς
1036 4182 1087 4222 c.
1122 4169 1206 4232 24,
1240 4171 1307 4232 X,
1339 4171 1411 4221 ae
1438 4168 1933 4228 accusationibus,
1961 4169 2443 4231 inquisitionibus
2471 4174 2531 4223 et
2560 4169 3128 4229 mundationibus,

143 4263 215 4324 V,
248 4264 300 4325 1;
333 4275 387 4315 c.
420 4264 507 4324 81,
537 4264 605 4324 X,
639 4264 711 4313 de
740 4261 1013 4321 simonia,
1054 4265 1114 4314 et
1146 4273 1220 4313 ne
1251 4259 1478 4320 aliquid
1511 4272 1616 4319 pro
1647 4258 2062 4320 spiritualibus
2095 4259 2370 4320 ematur
2399 4261 2494 4311 vel
2528 4258 2931 4321 promittatur,
2973 4262 3044 4321 V,
3079 4261 3130 4323 ὃς

140 4364 192 4405 c.
224 4354 311 4414 15,
344 4355 413 4414 X,
443 4355 515 4405 ae
544 4353 763 4413 usum,
788 4354 859 4413 V,
888 4338 972 4414 193
999 4364 1050 4404 c.
1082 4353 1133 4413 1,
1164 4351 1214 4413 2,
1246 4352 1297 4412 4,
1328 4352 1394 4412 X,
1423 4353 1495 4402 ae
1520 4349 1835 4402 collusione
1862 4352 2206 4410 detenenda,
2230 4351 2301 4411 V,
2328 4349 2409 4411 22:
2431 4362 2481 4402 c.
2513 4351 2564 4412 1,
2594 4352 2662 4410 X,
2692 4353 2764 4402 ae
2795 4349 3130 4404 eoeceseibus

140 4443 550 4502 praelatorum
582 4446 640 4494 et
672 4442 1059 4502 subditarum,
1091 4443 1161 4503 V,
1197 4442 1280 4504 313
1309 4454 1358 4493 c.
1401 4442 1453 4501 2,
1483 4442 1567 4502 10,
1597 4442 1664 4502 X,
1701 4443 1772 4492 cle
1802 4439 2151 4501 puraatione
2184 4440 2485 4499 canonica,
2517 4441 2589 4501 V,
2619 4440 2702 4502 32
2736 4440 2794 4492 S.
2827 4440 2893 4493 C.
2925 4441 3032 4501 Dp.
3067 4443 3143 4494 et·

142 4533 311 4597 neg..
343 4535 517 4587 instr.
547 4536 612 4587 11
641 4535 762 4586 iun.
799 4533 949 4594 1880,
977 4546 1037 4585 n.
1065 4534 1148 4595 11;
1177 4532 1235 4585 S.
1267 4532 1334 4586 C.
1363 4532 1437 4584 de
1464 4532 1634 4593 Prop.
1675 4531 1839 4590 Fide,
1871 4531 2043 4582 lustr.
2074 4543 2131 4582 a.
2169 4529 2319 4591 1883,
2353 4543 2411 4581 n.
2441 4530 2542 4581 XI.

318 4629 346 4664 ²
391 4625 455 4676 O.
487 4625 569 4686 12,
601 4624 668 4683 X,
699 4625 770 4674 ae
799 4620 1258 4681 exceptionibus,
1293 4622 1376 4683 11,
1408 4621 1488 4672 25.

323 4720 350 4757 ³
393 4716 458 4767 O.
488 4716 539 4776 2,
570 4716 636 4775 X,
668 4717 740 4766 de
768 4712 1064 4766 sententia
1100 4716 1159 4764 et
1187 4724 1252 4764 re
1287 4711 1571 4771 iudicata,
1603 4711 1686 4771 11,
1716 4711 1798 4773 27;
1823 4722 1874 4763 c.
1904 4710 1956 4770 ὅ,
1986 4710 2072 4771 57,
2101 4709 2186 4771 60,
2217 4710 2283 4771 Χ,
2317 4712 2389 4762 de
2426 4708 2939 4770 appellationibus,
2968 4720 3129 4759 recu·

141 4806 480 4858 sationibus
512 4809 571 4858 et
603 4805 1007 4863 relationibus,
1039 4801 1123 4865 11,
1152 4803 1235 4864 28:
1261 4815 1311 4855 c.
1342 4803 1395 4862 6,
1436 4805 1506 4854 de
1538 4800 2053 4862 appellationibus,
2085 4800 2169 4860 11,
2202 4800 2285 4861 12,
2318 4801 2381 4850 ln
2413 4800 2614 4861 Glem.;
2650 4811 2700 4851 c.
2733 4799 2785 4861 2,
2819 4800 2891 4850 de
2930 4799 3127 4849 verbo·

140 4908 277 4947 rum
311 4896 762 4958 etpniflmtione,
794 4896 865 4956 V,
898 4896 982 4954 11,
1024 4894 1088 4945 ln
1119 4894 1322 4954 Clem.;
1359 4892 1533 4945 conc.
1569 4892 1855 4951 Trident„
1890 4902 2033 4943 sess.
2068 4890 2268 4950 XXIV,
2304 4892 2375 4941 ae
2408 4889 2544 4949 ret„
2584 4900 2635 4940 c.
2667 4885 2749 4950 2ος
2781 4901 2926 4941 sess.
2960 4891 3127 4950 XXV,

140 4991 213 5039 de
235 4987 379 5047 ref„
401 4998 450 5039 c.
481 4989 564 5050 10:
590 4988 648 5042 S.
680 4987 746 5040 C.
778 4986 866 5047 0.,
891 4984 1242 5044 Faventino,
1265 4994 1463 5035 mense
1491 4985 1604 5035 oct.
1630 4981 1777 5044 1585,
1800 4980 2111 5040 conchen„
2135 4991 2334 5031 mense
2355 4979 2478 5031 dec.
2506 4979 2652 5042 158⁶&
2687 4978 3127 5039 Umbrtauoen„

135 5079 207 5128 26
234 5088 368 5138 apr.
410 5077 554 5139 1⁶59:
582 5076 989 5138 Albinpanen„
1016 5074 1084 5127 28
1111 5086 1243 5126 nov.
1283 5073 1430 5125 1693.

317 5171 348 5208 4
386 5167 452 5219 Ο.
492 5169 576 5228 13,
607 5168 674 5229 Χ,
708 5168 779 5218 de
814 5164 1393 5227 praescriptionibus,
1429 5164 1510 5223 11,
1542 5162 1625 5224 κς
1656 5161 2011 5214 Benedictus
2040 5161 2193 5220 XIV,
2226 5162 2412 5212 const.
2448 5173 2479 5209 α
2513 5159 2624 5209 Dei
2663 5158 3042 5210 miseratione
3077 5173 3126 5220 n,

136 5261 172 5313 3
193 5271 331 5313 nov.
357 5258 505 5320 1741,
531 5259 558 5320 fi
580 5259 631 5321 73
653 5258 712 5311 S.
744 5257 809 5310 Ο.
845 5257 903 5310 Β.
930 5256 1068 5318 Oss'„
1093 5257 1265 5309 instr.
1301 5254 1405 5314 (ad
1433 5254 1538 5315 Dp.
1567 5253 1813 5305 Rituum
1843 5251 2116 5312 orient),
2142 5262 2198 5301 a.
2225 5249 2373 5309 1883,
2406 5249 2502 5303 tit.
2537 5250 2621 5310 11,
2645 5261 2704 5301 n.
2735 5249 2817 5310 10;
2847 5248 2905 5300 S.
2938 5248 3004 5301 Ο.
3036 5249 3125 5310 0.,

139 5352 318 5405 inm.
352 5347 423 5399 22
448 5361 582 5411 aug.
624 5348 772 5411 18405
813 5347 871 5400 S.
905 5347 968 5400 O.
1004 5346 1080 5400 de
1118 5346 1289 5407 prop.
1327 5345 1492 5406 Fide,
1529 5344 1702 5396 instr.
1740 5355 1796 5394 a.
1832 5341 1981 5402 1883,
2015 5353 2073 5392 n.
2106 5340 2192 5403 105
2217 5340 2340 5391 Lex
2374 5340 2610 5400 propria
2646 5338 2705 5393 S.
2740 5338 2812 5390 B.
2850 5338 3039 5392 Rotae
3065 5342 3128 5391 et

142 5441 506 5503 amaturae
535 5439 666 5501 Ap„
695 5437 762 5491 29
786 5438 908 5490 iun.
938 5437 1089 5499 12⁰⁸,
1117 5447 1247 5489 ean.
1279 5434 1332 5498 ⁷,
1362 5434 1448 5497 ω,
1483 5434 1595 5497 18.
