3753 5871
482 279 558 337 60
1623 278 1820 330 Gom
1859 277 2020 329 luris
2070 277 2351 328 cononici

666 467 699 549 ξ
745 466 813 532 2.
867 466 949 534 δί
979 471 1229 533 tamen
1268 463 1647 531 Romanus
1682 463 2030 530 Pontifex
2061 463 2510 531 creationem
2542 462 2862 530 alicuius
2900 462 2980 528 in
3023 461 3487 529 consistorio

486 574 1074 654 annuntiaverit,
1109 572 1269 640 eius
1302 572 1595 639 nomine
1634 572 1777 638 sibi
1807 571 1889 639 in
1922 577 2217 656 pectore
2251 576 2650 652 reservato,
2687 571 2794 637 sic
2829 573 3211 654 promotus
3254 569 3486 635 nullis

487 681 788 749 interim
821 681 1095 765 gaudet
1127 679 1641 748 cardinalium
1673 679 1965 747 iuribus
1999 686 2133 748 aut
2166 678 2600 764 privilegiis,
2646 679 2798 761 sed,
2836 684 3226 763 postquam
3261 696 3309 744 a
3341 676 3480 743 Ro·

489 807 710 856 mano
748 788 1107 857 Pontifice
1142 789 1302 856 eius
1338 806 1599 854 nomen
1645 789 2104 872 publicatum
2143 788 2401 871 fuerit,
2442 787 2702 854 iisdem
2741 786 3028 853 fruitur
3064 804 3113 853 a
3157 785 3481 870 publica-

490 897 716 978 tione,
748 898 910 964 iure
948 915 1121 963 vero
1153 896 1712 981 praecedentiae
1743 915 1789 963 a
1821 896 2317 963 reservatione
2355 896 2434 962 in
2475 900 2793 980 pectore.

1783 1089 1962 1156 CAN·
2000 1089 2155 1156 234.

667 1209 1062 1281 Promotus
1103 1213 1368 1282 absens
1400 1232 1446 1280 a
1482 1213 1713 1282 curia
1748 1213 1967 1282 debet
1998 1214 2077 1280 in
2123 1212 2546 1298 recipiendo
2586 1213 2827 1281 bireto
2861 1214 3089 1280 rubro
3122 1213 3374 1280 iurare
3407 1231 3492 1280 se

489 1320 693 1385 intra
719 1336 1024 1402 annum,
1057 1322 1205 1388 nisi
1231 1321 1565 1407 legitimo
1586 1321 2016 1389 detineatur
2049 1321 2598 1406 impedimento,
2633 1321 3016 1388 Summum
3050 1320 3489 1388 Pontificem

487 1425 869 1492 aditurum
921 1428 969 1495 ¹.

1782 1535 1961 1603 cm.
1999 1536 2154 1603 235.

668 1657 834 1725 Nisi
874 1658 1098 1726 aliter
1127 1659 1209 1725 in
1245 1659 1543 1727 casibus
1572 1659 2157 1742 particularibus
2189 1660 2423 1728 fuerit
2457 1679 2502 1726 a
2539 1660 2817 1728 Sancta·
2860 1660 3047 1728 Sede
3081 1661 3490 1745 provisum,

491 1782 623 1847 per
659 1767 1192 1849 promotionem
1233 1767 1328 1834 ad
1366 1785 1652 1833 sacram
1691 1780 2102 1851 purpuram
2152 1786 2298 1835 non
2337 1768 2575 1835 solum
2618 1769 2781 1852 ipso
2826 1770 3030 1836 facto
3066 1772 3338 1837 vacant
3375 1768 3486 1835 di·

487 1873 815 1957 gnitates
852 1892 1128 1956 omnes,
1167 1874 1541 1956 ecclesiae,
1592 1875 1944 1942 beneficia
1984 1894 2171 1959 quae
2217 1881 2603 1960 promotus
2642 1876 3042 1960 possideat,
3085 1877 3210 1944 sed
3259 1876 3488 1944 etiam

491 1980 877 2061 pensiones
910 1982 1452 2050 ecclesiasticae
1483 1982 1942 2050 amittuntur
1979 1982 2030 2050 ².

1789 2157 1967 2225 cm.
2007 2157 2160 2225 236.

671 2282 704 2363 §
754 2286 818 2347 1.
871 2282 1016 2350 Per
1053 2285 1423 2367 optionem
1463 2283 1541 2349 in
1590 2282 2055 2350 consistorio
2090 2284 2369 2350 factam
2407 2287 2483 2350 et
2522 2303 2566 2350 a
2610 2283 2917 2350 Summo
2961 2283 3322 2351 Pontifice
3359 2301 3485 2367 ap·

491 2392 904 2472 probatam,
939 2395 1274 2475 possunt,
1317 2397 1609 2458 servata
1643 2391 2038 2474 prioritate
2077 2391 2362 2460 ordinis
2395 2396 2471 2458 et
2502 2392 3012 2476 promotionis,
3050 2391 3494 2459 cardinales

490 2516 577 2562 ex
618 2497 876 2564 ordine
909 2499 1397 2583 presbyterali
1431 2499 1755 2566 transire
1785 2499 1882 2565 ad
1914 2500 2145 2565 alium
2187 2500 2491 2566 titulum
2527 2504 2603 2566 et
2637 2499 3074 2566 cardinales
3106 2517 3197 2566 ex
3230 2498 3514 2566 ordine·

491 2604 864 2671 diaconali
905 2605 1000 2672 ad
1049 2606 1276 2672 aliam
1316 2606 1732 2673 diaconiam
1784 2612 1884 2689 et,
1928 2606 1993 2672 si
2017 2625 2165 2690 ·pe1·
2206 2609 2577 2692 integrum
2620 2607 3055 2674 decennium
3098 2607 3177 2672 in
3230 2605 3493 2673 ordine

490 2711 860 2778 diaconali
893 2713 1458 2795 permanserint,
1489 2714 1713 2781 etiam
1745 2714 1839 2780 ad
1871 2714 2201 2781 ordinem
2241 2714 2814 2799 presbyteralem
2850 2711 2902 2778 ³.

671 2819 704 2901 ξ
751 2819 816 2884 2.
869 2819 1295 2887 Cardinalis
1335 2840 1422 2887 ex
1464 2821 1722 2889 ordine
1772 2821 2170 2903 diaconali,
2219 2822 2591 2888 transiens
2644 2840 2775 2904 per
2819 2821 3192 2903 optionem
3235 2818 3332 2886 ad
3376 2837 3490 2885 or·

490 2927 736 2995 dinem
773 2927 1374 3014 presbyteralem,
1420 2928 1658 2995 locum
1703 2929 1988 2996 obtinet
2024 2934 2199 2996 ante
2235 2948 2485 2996 omnes
2519 2928 2689 2996 illos
2721 2926 3161 2996 cardinales
3196 2928 3492 3013 presby-

492 3040 714 3117 teros,
752 3036 878 3121 qui
914 3041 1082 3120 post
1121 3038 1361 3120 ipsum
1395 3037 1484 3103 ad
1530 3054 1783 3103 sacrae
1816 3054 2191 3120 purpurae
2223 3037 2568 3103 honorem
2604 3036 2967 3118 assumpti
3001 3038 3181 3103 sunt
3220 3034 3271 3100 ⁴.

662 3143 694 3224 §
741 3143 808 3210 3.
862 3144 1395 3211 suburbicaria-
1430 3145 1494 3210 si
1539 3149 1747 3211 vacet
1786 3143 2017 3223 sedes,
2060 3142 2496 3210 cardinales
2542 3162 2631 3209 ex
2669 3143 2928 3209 ordine
2973 3141 3493 3227 presbyterali,

495 3251 621 3334 qui
662 3257 1030 3319 momento
1068 3250 1482 3318 vacationis
1523 3255 1947 3339 praesentes
1997 3251 2282 3317 fuerint
2324 3251 2404 3315 in
2457 3250 2683 3317 Curia
2731 3250 2845 3317 vel
2888 3250 2982 3317 ab
3022 3268 3109 3317 ea
3148 3230 3498 3315 absentes

491 3359 587 3425 ad
637 3363 929 3442 tempus
978 3360 1068 3426 ob
1127 3360 1268 3425 sibi
1326 3359 1792 3426 commissum
1846 3358 2220 3443 negotium
2269 3358 2570 3442 aliquod
2620 3376 2663 3424 a
2715 3357 3048 3424 Romano
3098 3356 3491 3436 Pontifice,

492 3470 751 3549 optare
796 3484 954 3531 cam
995 3471 1305 3549 possunt
1350 3466 1427 3531 in
1464 3464 1953 3545 consistorio,
1994 3470 2287 3533 servata
2325 3464 2721 3549 prioritate
2761 3463 3249 3547 promotionis
3290 3463 3343 3529 ⁸.

673 3572 705 3653 ξ
753 3574 819 3637 4.
872 3573 1310 3639 Cardinales
1349 3573 1614 3655 quibus
1653 3592 1799 3639 una
1840 3593 1928 3639 ex
1976 3573 2304 3640 ecclesiis
2352 3572 2887 3639 suburbicariis
2926 3574 3041 3638 est
3079 3570 3494 3655 assignata,

491 3680 717 3746 aliam
766 3684 1024 3763 optare
1074 3685 1468 3765 nequeunt:
1513 3699 1677 3747 cum
1723 3700 1897 3747 vero
1943 3681 2368 3748 cardinalis
2424 3679 2734 3764 gradum
2784 3678 3063 3746 Decani
3122 3677 3495 3761 attigerit,

490 3787 876 3854 dioecesim
913 3807 1118 3853 suam
1154 3788 1480 3855 Ostiensi
1516 3787 1873 3865 cumulat,
1919 3806 2103 3870 quae
2134 3785 2441 3870 proinde
2469 3804 2635 3853 cum
2665 3786 2820 3852 alia
2856 3789 3078 3870 atque
3107 3784 3261 3851 alia
3296 3784 3495 3851 dioe-

493 3895 641 3961 cesi
673 3894 1184 3963 suburbicaria
1217 3895 1292 3960 in
1327 3913 1641 3978 persona
1676 3895 2103 3962 cardinalis
2136 3894 2416 3962 Decani
2457 3912 2742 3977 semper
2771 3892 3255 3976 coniungitur
3304 3891 3353 3955 ⁸.

1790 4070 1968 4137 CAN.
2009 4070 2139 4137 237
2145 4121 2161 4135 .

673 4195 706 4275 ξ
761 4198 825 4259 1.
884 4195 1115 4262 Sacro
1193 4194 1706 4261 cardinalium
1791 4194 2124 4278 Collegio
2203 4200 2496 4275 praeest
2572 4192 2941 4273 Daca-nus,
3025 4189 3221 4256 idest
3301 4186 3496 4255 anti-

500 4303 712 4385 quior
755 4303 1214 4385 promotione
1269 4302 1362 4368 ad
1409 4301 1733 4384 aliquam
1811 4301 2052 4368 sedem
2123 4299 2735 4379 suburbicariam,
2783 4297 2907 4363 cui
2961 4299 3209 4363 tamen
3285 4293 3505 4359 nulla.

670 4549 683 4583 ¹
731 4547 936 4599 δίκαιε
965 4548 1033 4607 V,
1062 4549 1247 4599 const.
1282 4563 1311 4597 α
1341 4545 1661 4605 Postquam
1689 4562 1737 4606 n,
1776 4546 1808 4599 3
1844 4546 1967 4597 dec.
2002 4545 2150 4606 1586,
2183 4545 2209 4606 θ
2247 4546 2329 4598 19.

659 4638 685 4672 ²
731 4635 936 4687 Sixtus
967 4638 1034 4696 V,
1066 4640 1250 4688 const.
1284 4652 1315 4686 ι
1350 4636 1775 4686 sanctissimus
1805 4649 1854 4696 ιι,
1887 4636 1951 4687 16
1977 4638 2152 4687 mart.
2191 4634 2340 4696 158&
2368 4635 2643 4688 Urbanus
2675 4634 2844 4693 VIII.
2883 4634 3069 4684 const.
3111 4647 3142 4681 ι
3172 4631 3354 4682 Decet
3385 4629 3500 4679 Ro-

499 4735 737 4773 manum
769 4724 1110 4783 Pontificem
1140 4739 1189 4784 ιο,
1222 4725 1255 4775 2
1286 4725 1399 4775 ianr
1436 4723 1584 4785 1631,
1629 4725 1655 4785 ξ
1694 4723 1743 4775 2.

658 4815 684 4852 ³
731 4816 951 4865 Paulus
980 4815 1093 4872 ·1v‚
1128 4817 1312 4866 const.
1350 4830 1379 4864 α
1417 4812 1563 4865 Cum
1597 4814 1962 4864 venerabiles
1994 4830 2044 4875 n,
2079 4814 2143 4864 22
2183 4826 2316 4874 aug.
2352 4814 2499 4873 1555,
2541 4815 2567 4875 ξ
2613 4815 2659 4874 ις
2703 4811 2911 4865 Sixtus
2943 4812 3011 4872 V,
3047 4813 3233 4864 const.
3273 4825 3304 4859 ι
3332 4807 3500 4860 Poet-

503 4914 677 4960 quam
712 4918 758 4961 n,
794 4903 826 4955 3
859 4904 979 4953 dec.
1018 4903 1160 4962 1586,
1203 4905 1228 4964 5
1272 4903 1321 4965 7;
1360 4903 1631 4955 Clemens
1666 4904 1835 4963 vlu,
1871 4904 2026 4955 decr.
2075 4920 2103 4953 α
2138 4902 2561 4953 Sanctissimae
2596 4916 2645 4963 ιι,
2683 4902 2749 4954 18
2785 4914 2920 4962 aug.
2953 4901 3100 4952 1597.

663 4997 685 5029 ⁴
720 4991 988 5042 Clemens
1021 4991 1188 5051 v111,
1223 4992 1378 5043 decr.
1423 5008 1453 5041 α
1488 4992 1913 5043 sanctissimus
1949 5008 1997 5051 s,
2031 4993 2097 5044 18
2127 5006 2261 5052 aug.
2295 4992 2440 5043 1597.

660 5085 684 5118 ³
733 5080 938 5153 sixtus
981 5081 1048 5140 V,
1095 5085 1281 5133 const.
1320 5098 1349 5130 α
1385 5081 1705 5141 Postquam
1742 5097 1788 5141 »,
1829 5084 1860 5134 3
1896 5083 2017 5134 dec.
2061 5083 2208 5142 1586,
2250 5083 2274 5144 s
2322 5081 2370 5144 ὃς
2405 5082 2675 5133 Clemens
2708 5080 2841 5141 ΧΠ,
2881 5082 3067 5132 const.
3111 5095 3142 5129 ι
3187 5077 3500 5130 Pastor-010

501 5171 753 5228 officium
787 5187 834 5228 ιι,
870 5171 935 5220 10
974 5170 1091 5220 lan.
1130 5171 1277 5231 1731,
1317 5171 1342 5230 ξ
1375 5170 1426 5230 6,
1457 5169 1507 5223 8.

669 5263 693 5299 ⁸
734 5260 1086 5311 Benedictus
1111 5260 1277 5320 XIII,
1307 5263 1493 5313 const.
1524 5275 1554 5310 α
1590 5261 1839 5310 Romani
1873 5260 2177 5319 Pontifici-3
2207 5275 2255 5320 n,
2286 5260 2316 5310 7
2348 5263 2493 5320 sept.
2528 5258 2674 5318 1724,
2707 5258 2733 5319 θ
2770 5257 2819 5318 8;
2845 5257 3116 5309 clemens
3141 5255 3277 5315 ΧΠ.
3309 5258 3498 5308 const.

502 5368 530 5402 «c
563 5349 871 5399 Pastor-ale
897 5350 1149 5407 officium
1181 5365 1230 5410 n,
1257 5351 1323 5402 10
1349 5351 1466 5401 lan.
1497 5350 1644 5410 1731,
1675 5350 1701 5411 5
1726 5349 1775 5412 8;
1807 5351 1952 5401 Pius
1976 5352 2041 5409 X,
2074 5352 2235 5401 motu
2261 5360 2453 5410 propr.
2487 5362 2516 5398 ι
2549 5347 2729 5399 Edita
2764 5359 2800 5396 a
2826 5344 3008 5398 Nobis
3036 5359 3084 5406 ιι,
3112 5345 3147 5396 5
3175 5345 3322 5396 mall
3352 5345 3503 5406 1914:

498 5436 858 5491 Benedictus
892 5437 1009 5498 XV,
1055 5440 1239 5490 const.
1280 5453 1310 5488 α
1345 5437 1435 5488 Em
1471 5438 1623 5489 actia
1660 5452 1710 5500 ιι,
1757 5441 1789 5489 1
1828 5438 1977 5490 tebr.
2019 5438 2165 5490 1915.
