3753 5871
1372 313 1550 364 Liber
1579 315 1817 366 Tertius
1851 339 1870 351 ·
1909 314 1998 365 De
2034 316 2233 367 Rebus
3217 316 3326 375 285

330 503 626 572 litteras
653 502 1189 572 testimoniales
1215 501 1440 570 etiam
1477 502 1569 568 ob
1606 501 1902 569 brevius
1929 502 2529 570 commorationis
2559 507 2876 587 tempus,
2916 509 2993 571 et
3022 504 3114 571 ob
3143 509 3317 571 tem-

329 627 471 695 pus
517 627 803 696 quoque
842 609 1035 694 quod
1074 610 1536 693 pubertatem
1579 608 1980 676 antecessit
2009 607 2058 675 ².

508 717 543 800 ξ
589 716 656 784 2.
709 716 793 784 Si
839 718 984 784 loci
1024 715 1469 785 Ordinarius
1508 735 1740 802 neque
1779 735 1912 800 per
1952 735 2029 784 se
2071 735 2303 801 neque
2352 736 2484 800 per
2521 718 2711 785 alios
2751 719 3323 801 promovendum

332 825 519 893 satis
568 825 881 908 noverit,
937 830 1025 893 ut
1061 824 1328 893 testari
1369 824 1606 909 possit
1647 843 1839 905 eum,
1884 829 2214 909 tempore
2257 843 2401 909 quo
2442 825 2520 891 in
2564 844 2700 892 suo
2749 826 3132 893 territorio
3176 844 3318 893 mo·

333 935 544 1000 ratus
583 936 722 1016 est,
764 933 1051 999 nullum
1088 932 1524 1000 canonicum
1565 932 2170 1016 impedimentum
2218 933 2704 1014 contraxisse,
2748 937 2885 1000 aut
2933 934 2998 1000 si
3039 951 3318 1016 promo·

328 1040 612 1108 vendus
658 1059 790 1125 per
838 1045 954 1108 tot
997 1039 1364 1109 dioeceses
1409 1043 1725 1125 vagatus
1776 1040 1879 1109 sit
1925 1044 2012 1108 ut
2070 1041 2523 1124 impossibile
2582 1043 2698 1109 vel
2747 1042 2970 1108 nimis
3026 1041 3323 1108 difficile

329 1148 599 1216 evadat
632 1166 882 1216 omnes
922 1148 1219 1215 litteras
1253 1147 1787 1216 testimoniales
1820 1149 2229 1232 exquirere,
2268 1149 2656 1232 provideat
2691 1149 3138 1216 ordinarius
3182 1149 3319 1215 sal·

330 1260 476 1324 tem
515 1274 646 1340 per
690 1256 1187 1323 iuramentum
1235 1255 1773 1341 suppletorium
1809 1274 1856 1322 a·
1898 1255 2391 1339 promovendo
2428 1256 2956 1339 praestandum
2991 1253 3044 1321 ².

510 1363 544 1445 ὅ
590 1364 658 1431 3.
711 1363 794 1431 Si
824 1368 995 1449 post
1033 1362 1375 1432 obtentas
1407 1363 1702 1431 litteras
1731 1363 2269 1431 testimoniales
2299 1367 2375 1430 et
2405 1368 2581 1432 ante
2622 1367 2997 1447 peractam
3032 1364 3321 1431 ordina-

331 1472 633 1553 tionem,
661 1471 1199 1556 promovendus
1218 1471 1600 1556 praedicto
1623 1472 1979 1556 temporis
2004 1472 2249 1556 spatio
2270 1471 2349 1537 in
2378 1472 2628 1539 eodem
2658 1471 3043 1540 territorio
3064 1489 3325 1538 rursus

329 1582 663 1647 moratus
696 1579 821 1658 sit,
867 1596 1096 1647 novae
1127 1579 1426 1648 litterae
1455 1579 1992 1648 testimoniales
2025 1579 2407 1647 Ordinarii
2444 1580 2588 1646 loci
2631 1579 3085 1646 necessariae
3119 1582 3320 1645 sunt.

1640 1750 1817 1816 CAN.
1859 1749 2012 1816 995.

509 1871 543 1955 g
591 1874 657 1938 1.
706 1872 959 1940 Etiam
1012 1873 1368 1958 superior
1415 1858 1806 1958 religiosus
1865 1873 2024 1940 suis
2073 1873 2352 1940 litteris
2397 1873 2841 1940 dimissoriis
2890 1892 3038 1941 non
3086 1874 3323 1941 solum

333 1981 597 2047 testari
641 1980 860 2049 debet
896 1981 1470 2065 promovendum
1507 1981 2038 2065 professionem
2079 1979 2499 2066 religiosam
2541 1981 2870 2049 emisisse
2907 1987 2983 2049 et
3029 2000 3188 2049 esse
3233 1982 3326 2050 de

331 2087 625 2155 familia
669 2089 931 2156 domus
981 2088 1369 2173 religiosae
1416 2088 1559 2156 sibi
1608 2088 1975 2170 subditae,
2030 2089 2156 2156 sed
2218 2089 2443 2156 etiam
2493 2089 2586 2157 de
2637 2089 2911 2156 studiis
2971 2092 3319 2173 peractis,

327 2194 562 2280 deque
601 2194 775 2263 aliis
806 2195 968 2263 iure
1006 2195 1385 2281 requisitis
1411 2194 1467 2264 ⁸.

512 2301 546 2385 ξ
592 2301 659 2368 2.
710 2303 1148 2388 Episcopus,
1185 2305 1510 2388 acceptis
1550 2304 1646 2371 iis
1681 2303 1958 2371 litteris
1989 2302 2457 2386 dimissoriis,
2493 2302 2667 2370 aliis
2702 2303 3325 2371 testimonialibus

332 2408 608 2478 litteris
636 2429 785 2479 non
814 2395 1100 2496 indiget
1127 2412 1179 2479 ⁴.

1630 2521 1806 2586 CAN.
1849 2517 2002 2585 996.

512 2640 547 2723 ξ
594 2643 661 2708 1.
709 2640 1039 2720 Quilibet
1068 2640 1605 2724 promovendus
1638 2640 1790 2707 sive
1820 2638 2226 2707 saecularis
2254 2639 2410 2706 sive
2440 2639 2829 2724 religiosus
2865 2640 3083 2709 debet
3119 2658 3322 2726 prae-

331 2748 530 2815 vium
564 2767 652 2816 ac
680 2748 1002 2834 diligens
1030 2766 1334 2817 examen
1376 2748 1625 2815 subire
1656 2747 1854 2815 circa
1889 2748 2133 2832 ipsum
2167 2747 2497 2815 ordinem
2534 2748 3082 2832 suscipiendum
3113 2750 3164 2813 ⁵.

511 2855 659 2940 §2-
711 2854 1196 2924 Promovendi
1253 2875 1439 2924 vero
1485 2856 1581 2924 ad
1633 2873 1883 2923 sacros
1931 2856 2227 2923 ordines
2274 2857 2353 2923 in
2407 2856 2580 2923 aliis
2627 2874 2914 2942 quoque
2971 2856 3065 2924 de
3112 2875 3327 2924 sacra

332 2965 705 3051 theologia
739 2965 1317 3033 tractationibus
1353 2965 1762 3051 periculum
1803 2964 2093 3032 faciant
2126 2965 2177 3031 ⁸.

513 3071 549 3155 ἓ
593 3073 661 3140 3.
713 3073 1247 3159 Episcoporum
1279 3077 1394 3141 est
1433 3076 1764 3140 statuere
1794 3092 1940 3158 qua
1976 3073 2342 3156 methodo,
2378 3091 2626 3139 coram
2661 3072 2927 3156 quibus
2959 3072 3325 3141 examina-

334 3179 623 3250 toribus
673 3183 751 3249 et
802 3182 1068 3266 quibus
1111 3182 1190 3248 in
1231 3171 1829 3249 tractationibus
1852 3199 2107 3248 sacrae
2161 3181 2572 3265 theologiae
2618 3179 3093 3264 promovendi
3138 3179 3322 3264 peri·

331 3286 582 3353 culum
617 3287 863 3355 facere
896 3287 1215 3356 deheant
1253 3287 1305 3355 ¹.

1631 3394 1808 3461 CAN.
1849 3394 2002 3461 997.

515 3516 551 3599 ξ
597 3517 664 3582 1.
714 3515 879 3583 Ηοο
924 3533 1229 3583 examen
1278 3514 1431 3581 sive
1491 3531 1628 3599 pro
1672 3510 1965 3581 clericis
2017 3513 2522 3581 saecularibus
2572 3513 2725 3581 sive
2772 3532 2911 3598 pro
2963 3513 3330 3600 religiosis

336 3624 602 3708 recipit
635 3623 779 3691 loci
821 3623 1266 3706 ordinarius
1300 3623 1427 3706 qui
1461 3622 1624 3689 iure
1667 3623 1974 3706 proprio
2014 3621 2337 3705 ordinat,
2375 3626 2511 3690 aut
2542 3623 2677 3691 dat
2708 3623 3171 3691 dimissorias
3208 3623 3324 3691 lit·

335 3736 558 3814 teras;
600 3731 727 3815 qui
769 3734 1018 3798 tamen
1063 3734 1308 3815 potest
1351 3748 1661 3815 quoque,
1708 3749 1796 3796 ex
1848 3731 2052 3797 iusta
2091 3748 2344 3814 causa,
2389 3730 2576 3798 illud
2623 3731 2996 3815 Episcopo
3035 3731 3323 3799 ordina·

337 3843 512 3906 turo
551 3837 1034 3920 committere,
1084 3839 1210 3923 q-ui
1248 3838 1324 3906 id
1360 3836 1605 3906 oneris
1650 3838 2024 3922 suscipere
2058 3839 2240 3906 velit
2274 3835 2327 3904 ⁸.

523 4067 545 4103 ¹
583 4066 642 4119 S.
679 4066 745 4119 Ο.
782 4067 887 4126 Dp.
922 4068 985 4118 et
1021 4065 1184 4127 neg„
1220 4065 1391 4118 lnstr.
1425 4065 1491 4116 27
1522 4078 1653 4117 nov.
1690 4065 1838 4126 1892,
1882 4077 1940 4116 n.
1978 4066 2053 4127 5⁰3
2088 4064 2146 4117 Β.
2179 4065 2244 4118 0.
2277 4065 2365 4126 0.,
2401 4065 2703 4125 Firmano,
2740 4068 2805 4119 19
2838 4069 2988 4127 sept.
3033 4066 3181 4126 1893:
3228 4065 3329 4116 Ur-

338 4155 570 4214 oellen„
598 4156 665 4208 20
701 4156 819 4206 lan.
859 4155 1007 4215 1895,
1040 4154 1117 4208 ad
1147 4156 1198 4216 13
1224 4153 1496 4215 rrum„
1527 4154 1592 4206 25
1624 4155 1746 4205 iun.
1786 4154 1935 4206 1904.
3261 4151 3264 4156 “

515 4248 541 4283 ²
579 4245 638 4297 S.
670 4245 736 4297 C.
769 4245 856 4305 C..
897 4244 1211 4305 Uroellen„
1240 4243 1306 4295 20
1335 4245 1454 4296 ian.
1488 4243 1637 4304 1895,
1667 4243 1745 4296 ad
1772 4243 1824 4304 3,
1855 4245 1906 4305 43
1935 4242 2206 4304 Pmocn„
2245 4243 2310 4295 25
2341 4244 2463 4294 iun.
2496 4243 2644 4295 1904.

513 4338 539 4373 ³
576 4334 933 4386 Benedictus
965 4334 1116 4394 XIV,
1159 4331 1344 4384 const.
1392 4348 1423 4382 α
1455 4331 1727 4391 Impositi
1760 4330 1943 4382 Nobis
1976 4347 2025 4392 u,
2061 4332 2127 4383 27
2162 4332 2310 4383 tebr.
2357 4331 2503 4394 1747;
2536 4332 2654 4383 Leo
2686 4331 2854 4392 XIII,
2889 4335 3075 4384 const.
3113 4346 3145 4382 ι
3183 4331 3325 4382 σοπ-

337 4425 503 4473 auce
535 4435 573 4473 a
610 4422 846 4474 Christo
885 4438 934 4483 ιο,
973 4422 1008 4474 8
1039 4422 1162 4475 dec.
1200 4421 1347 4480 1900.
1388 4422 1415 4483 1
1452 4421 1501 4480 2,
1548 4433 1605 4472 n.
1638 4420 1740 4482 V1;
1779 4418 1840 4473 8.
1872 4420 1938 4472 G.
1974 4420 2078 4480 Ep.
2115 4423 2177 4473 et
2206 4419 2371 4480 Bes..
2409 4419 2565 4471 decr.
2604 4435 2634 4470 α
2673 4420 2880 4471 Aucus
2916 4420 3231 4470 admodum
3278 4435 3326 4480 n,

339 4514 373 4563 4
414 4524 546 4563 nov.
583 4512 732 4573 1892,
778 4525 836 4563 n.
872 4514 923 4573 6:
960 4512 1017 4564 S.
1050 4511 1115 4564 C.
1149 4510 1235 4570 0..
1270 4509 1428 4563 decr.
1467 4511 1533 4561 15
1568 4512 1742 4562 mart.
1791 4509 1938 4569 159ος
1976 4507 2035 4561 S.
2067 4507 2133 4560 Ο.
2172 4508 2246 4560 de
2281 4508 2617 4569 Religionis,
2656 4508 2874 4561 declar.
2917 4509 2949 4560 7
2990 4513 3137 4569 sept.
3177 4510 3327 4569 1909,

337 4602 418 4652 ad
447 4601 615 4664 V111;
643 4600 708 4653 81
742 4601 886 4652 mail
920 4600 1067 4661 1910,
1099 4598 1178 4651 ad
1207 4600 1259 4658 1,
1291 4599 1341 4649 2.

517 4695 543 4728 ⁴
577 4691 635 4742 S.
668 4689 734 4742 C.
767 4692 853 4752 0.,
896 4692 1203 4746 senonen„
1235 4687 1301 4739 28
1337 4688 1485 4739 tebr.
1517 4686 1665 4748 1054,
1698 4686 1776 4738 ad
1808 4688 1858 4739 9.

516 4783 542 4817 ³
580 4780 752 4830 Cone.
797 4779 1084 4839 Trident„
1130 4789 1273 4829 sess.
1314 4776 1529 4836 xxln,
1571 4777 1642 4827 de
1679 4776 1815 4835 res..
1854 4788 1905 4827 c.
1946 4777 2029 4837 1⁴:
2068 4775 2449 4827 Innocentius
2496 4775 2663 4835 XIII,
2707 4781 2892 4829 const.
2938 4792 2969 4827 ι
3007 4776 3331 4836 apostonci

221 4855 228 4861 ’
340 4868 659 4918 ministerii
696 4883 747 4927 s.
779 4867 844 4920 23
879 4867 1023 4918 man
1052 4866 1200 4927 1723,
1237 4866 1343 4927 σῦς
1373 4865 1729 4917 Benedictus
1760 4865 1927 4925 xm,
1968 4867 2152 4916 const.
2190 4880 2221 4915 ι
2249 4864 2323 4916 ιη
2354 4876 2626 4925 supremo
2659 4880 2709 4927 ι,
2743 4866 2808 4918 23
2840 4869 2988 4926 sept.
3027 4866 3176 4925 1724,
3217 4867 3244 4928 ι
3279 4867 3329 4925 4,

335 4959 422 5018 28:
449 4959 635 5009 const.
672 4972 703 5007 ι
730 4955 1059 5006 Paetorum
1086 4954 1262 5014 officii
1290 4970 1339 5013 ιι,
1369 4955 1435 5006 27
1461 4958 1636 5007 mart.
1669 4954 1818 5015 1720,
1862 4955 1888 5015 1
1919 4955 1971 5016 3;
2001 4953 2061 5007 S.
2094 4953 2160 5006 O.
2192 4953 2281 5015 0..
2310 4954 2466 5006 decr.
2501 4955 2566 5007 15
2593 4959 2768 5008 mart.
2810 4955 2957 5018 159ος
2989 4955 3333 5007 Pontificale

340 5047 530 5105 Rom„
570 5046 665 5097 tit.
701 5044 788 5093 De
825 5044 1131 5095 ordinibus
1160 5043 1549 5102 conserendis.

519 5137 545 5174 ⁸
578 5136 956 5187 Innocentius
978 5135 1143 5195 XIII,
1169 5138 1354 5187 const.
1383 5150 1412 5184 ι
1442 5134 1763 5195 Apostolici
1789 5134 2108 5186 ministerii
2134 5149 2182 5195 ι,
2208 5133 2273 5186 23
2296 5134 2442 5185 mall
2474 5133 2620 5195 1723,
2653 5134 2680 5195 1
2705 5134 2754 5196 5;
2780 5133 3136 5186 Benedictus
3162 5133 3327 5192 xl11.

335 5228 524 5278 const.
553 5241 584 5275 α
619 5224 691 5275 In
724 5235 995 5285 supremo
1024 5241 1073 5286 ιι,
1103 5225 1168 5277 23
1194 5228 1341 5285 sept.
1372 5224 1521 5285 1724,
1555 5226 1580 5286 1
1618 5226 1668 5285 4,
1698 5223 1780 5287 28;
1805 5228 1991 5277 const.
2024 5239 2056 5275 ι
2085 5222 2416 5275 Pastor-aue
2448 5222 2626 5283 officii
2651 5236 2702 5284 ι,
2731 5222 2797 5273 27
2831 5226 3007 5275 mart.
3039 5222 3186 5283 1720,
3222 5223 3247 5283 1
3278 5221 3328 5274 3.

520 5318 542 5352 ⁷
579 5314 754 5366 Cone.
788 5315 1075 5377 Trident„
1110 5326 1251 5381 sess.
1288 5314 1502 5374 XXIII,
1542 5316 1613 5366 de
1648 5314 1782 5374 rel„
1815 5325 1866 5366 c.
1902 5315 1952 5366 7.

523 5409 548 5444 ⁸
580 5405 753 5456 Cone.
780 5405 1067 5463 Trment„
1097 5416 1239 5456 sas.
1272 5405 1405 5464 VII,
1442 5406 1512 5455 de
1545 5406 1679 5464 ref„
1704 5417 1754 5455 c.
1786 5406 1868 5466 113
1894 5416 2037 5456 sess
2068 5404 2219 5463 XIV,
2256 5404 2328 5454 de
2353 5402 2489 5461 res„
2516 5413 2565 5452 c.
2596 5401 2648 5462 33
2672 5412 2816 5453 sess.
2848 5400 3062 5460 XXIII,
3097 5402 3167 5451 de
3194 5399 3330 5458 ret„

335 5507 389 5546 c.
419 5497 470 5555 8,
500 5495 582 5557 12;
610 5496 727 5547 Leo
758 5496 805 5547 X
845 5496 933 5555 (ln
960 5494 1134 5546 conc.
1165 5494 1518 5545 Lateranen.
1552 5494 1647 5553 V),
1686 5496 1873 5545 const.
1910 5509 1941 5544 ι
1971 5492 2127 5544 Dum
2154 5492 2317 5542 intra
2356 5505 2405 5551 ι,
2446 5492 2512 5545 19
2540 5489 2664 5542 dec.
2699 5488 2846 5549 1510,
2874 5490 2912 5552 ,1
2941 5491 3026 5551 11;
3055 5489 3331 5540 Innocen-
