3753 5871
506 253 579 313 ις
1638 248 1836 300 voden
1872 247 2037 300 Im
2078 246 2360 299 ouo-tol

1827 491 2006 561 om.
2046 492 2158 559 55.

682 634 1093 704 Exsecutor
1129 631 1522 719 proaedere
1566 633 1783 703 debet
1821 634 1920 702 ad
1961 634 2298 704 mandati
2336 653 2696 713 normam,
2736 639 2812 705 et
2851 636 2997 705 nisi
3035 637 3499 707 conditiones

503 745 936 815 essentiales
977 746 1058 813 in
1097 744 1376 813 litteris
1417 744 1801 829 appositas
1845 743 2268 828 impleverit
2305 761 2395 812 ac
2439 743 3004 813 substantialem
3049 744 3492 830 procedendi

508 855 823 924 formam
862 853 1291 937 servaverit,
1337 851 1561 920 irrita
1594 856 1711 921 est
1751 851 2128 920 exsecutio
2172 852 2221 918 ¹.

1823 1028 2003 1098 ΟΑΝ.
2051 1029 2163 1097 56.

691 1167 1094 1239 Exsecutio
1142 1171 1672 1256 rescriptorum
1726 1190 1915 1257 quae
1963 1171 2210 1240 torum
2262 1176 2647 1241 externum
2715 1171 3150 1257 respiciunt,
3207 1171 3495 1256 scripto

507 1276 851 1344 facienda
889 1279 1028 1346 est.

1826 1388 2005 1458 ΟΑΝ.
2056 1388 2167 1457 57.

692 1528 728 1612 5
773 1531 840 1595 1.
889 1528 1447 1615 Rescriptorum
1484 1534 1870 1600 exsecutor
1905 1518 2151 1617 potest
2184 1531 2417 1599 alium
2453 1549 2593 1619 pro
2625 1550 2765 1600 suo
2794 1531 3147 1617 prudenti
3181 1530 3502 1599 arbitrio

510 1635 653 1705 sibi
687 1637 1162 1782 substituere,
1199 1638 1348 1706 nisi
1381 1638 1819 1709 substitutio
1850 1640 2230 1726 prohibita
2267 1641 2527 1725 fuerit,
2571 1643 2709 1709 aut
2749 1640 3141 1709 substituti
3184 1657 3503 1726 persona

509 1742 998 1935 praegnzifasi·
1016 1857 1265 1922 tamen
1301 1853 1536 1922 fuerit
1576 1853 1811 1922 electa
1855 1855 2234 1924 industna’
2267 1873 2649 1942 personae,
2685 1857 3099 1926 exsecutori
3137 1876 3285 1926 non
3323 1857 3502 1925 lieet

508 1958 731 2029 alteri
767 1961 1250 2043 committere,
1294 1961 1435 2030 nisi
1473 1967 1688 2031 actus
1722 1963 2325 2048 praeparatorios
2361 1961 2416 2030 ⁸.

1833 2140 2014 2208 CAN.
2053 2140 2163 2208 58.

684 2280 1076 2366 Rescripta
1106 2282 1474 2367 quaelibet
1496 2284 1951 2352 exsecutioni
1974 2283 2317 2352 mandari
2339 2289 2654 2369 possunt
2678 2285 2902 2353 etiam
2927 2283 3022 2352 ab
3047 2283 3503 2353 exsecutoris

510 2405 926 2457 successore
954 2389 1035 2456 in
1070 2389 1438 2475 dignitate
1468 2393 1583 2459 vel
1620 2390 1880 2474 officio,
1923 2392 2067 2459 nisi
2097 2391 2333 2460 fuerit
2358 2392 2594 2460 electa
2622 2391 2996 2460 industria
3026 2409 3382 2476 personae
3416 2390 3469 2455 ⁴.

1827 2571 2006 2639 om.
2055 2571 2167 2638 59.

687 2712 721 2795 5
769 2715 835 2779 1.
885 2711 1324 2780 Exsecutori
1355 2714 1474 2781 tas
1514 2719 1652 2797 est,
1689 2715 1753 2782 si
1788 2733 2078 2799 quoquo
2109 2715 2325 2782 modo
2358 2715 2438 2782 in
2473 2714 2998 2799 rescriptorum
3034 2713 3506 2782 exsecutione

509 2820 895 2903 erraverit,
939 2820 1209 2888 iterum
1244 2822 1496 2889 eadem
1537 2822 1991 2891 exsecutioni
2032 2823 2386 2892 mandare
2419 2822 2474 2891 ⁸.

688 2928 720 3012 5
769 2928 835 2995 2.
884 2929 1097 3009 Quod
1143 2929 1418 2999 attinet
1460 2930 1557 2999 ad
1604 2938 1821 3000 taxas
1864 2950 2000 3017 pro
2045 2931 2570 3017 rescriptorum
2627 2930 3117 3015 exsecutione,
3165 2932 3506 2999 servetur

512 3037 1051 3122 praescriptum
1082 3055 1248 3105 can.
1286 3037 1481 3121 1507,
1521 3039 1555 3122 5
1590 3041 1656 3106 1.

1819 3164 1996 3231 om.
2038 3165 2147 3231 60.

689 3305 723 3388 5
772 3308 837 3372 1.
887 3305 1384 3392 Rescriptum,
1425 3325 1557 3392 per
1596 3307 2041 3391 peculiarem
2084 3307 2506 3392 Superioris
2545 3312 2792 3375 actum
2844 3312 3290 3389 revocatum,
3340 3323 3503 3390 per·

512 3413 738 3482 durat
776 3433 1007 3500 usque
1045 3415 1221 3482 dum
1255 3415 1626 3483 revocatio
1654 3417 1748 3500 ei,
1793 3416 1920 3501 qui
1951 3416 2142 3484 illud
2173 3416 2524 3500 obtinuit,
2561 3413 3044 3501 significetur.

687 3521 721 3606 5
767 3521 833 3588 2.
885 3521 1030 3590 Per
1071 3523 1301 3606 legem
1331 3523 1784 3591 contrariam
1833 3523 2040 3590 nulla
2079 3523 2441 3608 rescripta
2485 3527 2950 3605 revocantur,
2992 3523 3138 3589 nisi
3175 3522 3382 3590 aliud
3419 3522 3500 3588 in

507 3631 674 3715 ipsa
708 3631 867 3715 lege
902 3636 1278 3706 caveatur,
1314 3635 1447 3698 aut
1486 3631 1605 3698 lex
1638 3632 1795 3700 lata
1859 3633 1959 3698 sit
1995 3651 2041 3698 a
2076 3632 2471 3715 superiore
2509 3631 2747 3715 ipsius
2789 3631 3260 3698 rescribentis
3297 3628 3352 3697 ⁸.

1826 3797 2004 3876 cm.
2045 3807 2154 3875 61.

690 3949 833 4017 Per
866 3950 1337 4035 Apostolicae
1377 3950 1591 4019 Sedis
1624 3956 1759 4019 aut
1799 3950 2155 4019 dioecesis
2187 3952 2644 4020 vaacationem
2691 3951 2977 4018 nullum
3016 3950 3340 4018 eiusdem
3378 3948 3502 4016 Se·

512 4058 631 4126 dis
661 4057 1131 4143 Apostolicae
1160 4064 1294 4127 aut
1325 4058 1709 4126 Ordinarii
1744 4060 2185 4144 rescriptum
2221 4060 2639 4145 perimitur,
2683 4059 2829 4127 nisi
2860 4059 3067 4126 aliud
3102 4078 3190 4127 ex
3223 4057 3509 4126 additis

690 4346 712 4378 ²
746 4344 809 4395 c.
848 4345 930 4406 22,
966 4346 1033 4406 Χ,
1068 4349 1139 4397 de
1173 4348 1497 4407 reseratus,
1537 4347 1587 4405 1,
1623 4347 1673 4408 33
1707 4357 1742 4398 c
1790 4348 1873 4407 13,
1912 4347 1977 4406 X,
2019 4349 2089 4398 de
2119 4347 2315 4407 officio
2347 4349 2405 4396 et
2442 4348 2735 4406 potestate
2772 4344 2988 4395 {seteis
3027 4345 3300 4403 aeteoatt,
3336 4343 3384 4401 1.
3416 4340 3503 4402 ως

520 4446 570 4484 e.
599 4433 682 4492 38.
712 4435 777 4494 Χ,
815 4437 884 4486 do
917 4439 1265 4496 pneumata
1297 4443 1357 4490 et
1387 4439 1795 4501 αιρπιιαιιυιιε,
1827 4440 1944 4498 111,
1980 4439 2030 4500 5;
2060 4450 2110 4488 e.
2141 4439 2225 4497 30,
2264 4440 2333 4489 ae
2369 4437 2718 4499 praetenuia
2753 4438 2813 4487 et
2850 4436 3259 4497 mannanhun,
3292 4434 3407 4493 111,
3443 4437 3498 4486 4.

527 4527 587 4577 ΠΙ
631 4526 755 4588 V1⁰3
799 4524 856 4577 S·
895 4524 959 4576 C·
1009 4524 1066 4577 S·
1115 4523 1230 4576 Off·
1284 4522 1710 4591 (southwark),
1756 4530 1820 4579 m
1855 4540 1987 4578 nov.
2032 4528 2179 4589 1865,
2225 4530 2304 4581 ad
2339 4531 2388 4588 13
2427 4530 2483 4579 S.
2531 4528 2595 4580 C.
2644 4528 2717 4579 de
2763 4528 2934 4587 Prop.
2976 4525 3122 4577 Fide
3164 4525 3253 4584 (O.
3286 4525 3402 4578 0.),
3435 4524 3506 4568 18

521 4628 648 4676 apr.
689 4614 835 4669 1757.

684 4708 710 4744 ²
748 4706 812 4759 Ο.
852 4706 904 4766 8,
938 4705 1022 4765 43,
1064 4705 1130 4765 X,
1173 4708 1244 4757 de
1283 4705 1479 4766 osfloto
1520 4708 1578 4754 et
1612 4705 1906 4764 potestate
1944 4702 2158 4752 iudicis
2201 4698 2474 4758 deleoeti,
2518 4696 2569 4757 1,
2603 4699 2685 4757 ’ὥς
2716 4715 2766 4746 c.
2809 4705 2897 4754 w,
2938 4708 3004 4763 x,
3050 4706 3121 4754 αα
3156 4699 3501 4762 appellaue-

521 4797 713 4854 nibus,
743 4796 1212 4848 recusationibus
1242 4798 1300 4846 et
1337 4794 1743 4850 relationibus,
1782 4793 1864 4848 11.
1904 4791 1985 4851 28;
2012 4803 2062 4842 c.
2093 4791 2178 4848 12,
2217 4791 2288 4841 ae
2325 4788 2520 4849 officio
2555 4790 2615 4837 et
2646 4788 2940 4848 potestate
2977 4785 3190 4840 tuan-ta
3228 4791 3505 4851 monti,

524 4886 574 4946 1,
612 4889 697 4945 14,
737 4887 799 4937 ln
828 4887 953 4948 V103
990 4887 1048 4940 Β.
1088 4886 1153 4939 0.
1196 4885 1253 4938 S.
1289 4875 1427 4944 Offi,
1466 4885 1584 4936 ntt.
1624 4883 1842 4944 encyel.
1884 4882 1950 4933 20
1979 4882 2127 4933 febr.
2160 4878 2309 4938 1888,
2349 4891 2407 4930 n.
2448 4878 2498 4939 5:
2534 4877 2790 4929 deci-:14
2816 4875 2940 4928 dec.
2972 4874 3119 4928 1818.

687 4979 712 5014 ³
749 4979 815 5031 o.
843 4979 926 5039 43,
957 4980 1022 5036 x,
1060 4982 1131 5029 aa
1165 4956 1362 5039 ornabo
1397 4981 1455 5027 et
1487 4977 1779 5036 potestate
1807 4973 2023 5023 ωαιαο
2060 4970 2334 5030 aeneum,
2372 4970 2422 5028 1,
2458 4969 2540 5029 ως
2567 4979 2617 5020 c.
2655 4968 2739 5026 12.
2780 4969 2851 5018 aa
2887 4966 3080 5028 ornem
3109 4970 3170 5020 ot
3207 4972 3507 5030 nonnata

520 5070 736 5119 §udicis
772 5066 1045 5125 deleoatt,
1084 5067 1134 5125 Ι,
1179 5066 1264 5126 14,
1303 5065 1366 5115 ln
1412 5063 1538 5115 V10.

687 5161 717 5198 ⁴
755 5158 896 5220 Reg.
938 5158 1021 5216 46,
1062 5158 1134 5209 B.
1176 5158 1254 5214 3.,
1291 5158 1352 5207 in
1385 5158 1510 5216 V103
1545 5155 1602 5208 S.
1636 5155 1700 5207 O.
1747 5153 1805 5206 S.
1849 5153 1988 5211 Off„
2029 5154 2147 5205 litt.
2181 5151 2401 5211 encycl.
2444 5149 2511 5203 m
2548 5149 2698 5202 febr.
2740 5145 2889 5207 1888,
2925 5159 2982 5197 n.
3025 5145 3078 5206 ὃς
3111 5146 3169 5200 S.
3200 5149 3267 5201 C.
3302 5149 3408 5210 Dp.
3440 5155 3505 5202 et

528 5249 692 5312 Bet..
728 5250 1125 5308 Brundusium,
1160 5247 1226 5298 29
1250 5260 1382 5298 nov.
1418 5247 1564 5307 1600:
1598 5247 1833 5304 Barea„
1867 5245 1935 5297 18
1963 5246 2081 5295 lan.
2114 5243 2262 5295 1641.
2300 5270 2365 5279 —
2395 5240 2546 5293 Vide
2568 5240 2752 5293 etiam
2779 5249 2909 5289 ean.
2940 5234 3056 5294 868,
3089 5233 3116 5294 5
3147 5236 3193 5298 2:
3225 5238 3341 5298 435,
3380 5239 3407 5300 5
3439 5238 3493 5290 2.

687 5339 715 5376 ⁸
765 5338 823 5391 S.
867 5338 1113 5399 poenit„
1155 5339 1221 5390 15
1260 5340 1378 5389 lan.
1413 5336 1563 5396 1894,
1598 5336 1676 5388 ad
1708 5336 1757 5387 2.

700 5432 726 5467 ⁸
754 5430 820 5482 C.
852 5427 934 5489 28.
972 5428 1039 5489 X.
1079 5429 1150 5479 de
1187 5425 1510 5487 resa-lpus,
1541 5426 1593 5487 1.
1624 5425 1676 5488 ὃς
1703 5435 1752 5475 c.
1786 5425 1871 5485 15,
1906 5425 1977 5476 de
2011 5420 2335 5481 rescriptis,
2368 5420 2419 5481 1.
2450 5419 2502 5479 8,
2546 5420 2608 5473 ln
2637 5418 2765 5472 V1⁶.
