<?xml version="1.0" encoding="UTF-8"?>
<!DOCTYPE html PUBLIC "-//W3C//DTD XHTML 1.0 Transitional//EN"
    "http://www.w3.org/TR/xhtml1/DTD/xhtml1-transitional.dtd">
<html xmlns="http://www.w3.org/1999/xhtml" xml:lang="en" lang="en">
 <head>
  <title>
</title>
<meta http-equiv="Content-Type" content="text/html;charset=utf-8" />
  <meta name='ocr-system' content='tesseract 3.04.00' />
  <meta name='ocr-capabilities' content='ocr_page ocr_carea ocr_par ocr_line ocrx_word'/>
</head>
<body>
  <div class='ocr_page' id='page_1' title='image "./codexiuriscanon00xgoog_0525.png"; bbox 0 0 3753 5871; ppageno 0'>
   <div class='ocr_carea' id='block_1_1' title="bbox 1194 337 3240 410">
    <p class='ocr_par' dir='ltr' id='par_1_1' title="bbox 1194 337 3240 410">
     <span class='ocr_line' id='line_1_1' title="bbox 1194 337 3240 410; baseline -0.001 -13"><span class='ocrx_word' id='word_1_1' title='bbox 1194 346 1370 397; x_wconf 73' lang='lat' dir='ltr'>Liber</span> <span class='ocrx_word' id='word_1_2' title='bbox 1414 347 1675 410; x_wconf 70' lang='lat' dir='ltr'>Quartus</span> <span class='ocrx_word' id='word_1_3' title='bbox 1710 369 1728 381; x_wconf 93' lang='lat'><strong>·</strong></span> <span class='ocrx_word' id='word_1_4' title='bbox 1763 344 1852 396; x_wconf 80' lang='lat' dir='ltr'>De</span> <span class='ocrx_word' id='word_1_5' title='bbox 1897 344 2274 395; x_wconf 65' lang='lat' dir='ltr'>Processimus</span> <span class='ocrx_word' id='word_1_6' title='bbox 3131 337 3240 396; x_wconf 75' lang='lat'>473</span> 
     </span>
    </p>
   </div>
   <div class='ocr_carea' id='block_1_2' title="bbox 1518 582 1940 653">
    <p class='ocr_par' dir='ltr' id='par_1_2' title="bbox 1518 582 1940 653">
     <span class='ocr_line' id='line_1_2' title="bbox 1518 582 1940 653; baseline -0.012 0"><span class='ocrx_word' id='word_1_7' title='bbox 1518 584 1695 653; x_wconf 70' lang='lat' dir='ltr'>cm.</span> <span class='ocrx_word' id='word_1_8' title='bbox 1743 582 1940 650; x_wconf 89' lang='grc'><strong>1643.</strong></span> 
     </span>
    </p>
   </div>
   <div class='ocr_carea' id='block_1_3' title="bbox 246 718 3247 1803">
    <p class='ocr_par' dir='ltr' id='par_1_3' title="bbox 246 718 3238 930">
     <span class='ocr_line' id='line_1_3' title="bbox 427 718 3238 819; baseline -0.007 -17"><span class='ocrx_word' id='word_1_9' title='bbox 427 735 461 818; x_wconf 70' lang='grc' dir='ltr'>ξ</span> <span class='ocrx_word' id='word_1_10' title='bbox 508 737 574 801; x_wconf 89' lang='grc'><strong>1.</strong></span> <span class='ocrx_word' id='word_1_11' title='bbox 628 733 941 819; x_wconf 84' lang='lat' dir='ltr'>Singula</span> <span class='ocrx_word' id='word_1_12' title='bbox 973 730 1161 799; x_wconf 74' lang='lat' dir='ltr'>tolia-</span> <span class='ocrx_word' id='word_1_13' title='bbox 1186 747 1572 814; x_wconf 89' lang='lat' dir='ltr'>processus</span> <span class='ocrx_word' id='word_1_14' title='bbox 1609 729 2111 809; x_wconf 82' lang='lat' dir='ltr'>numerentur3</span> <span class='ocrx_word' id='word_1_15' title='bbox 2139 728 2215 791; x_wconf 86' lang='lat' dir='ltr'>et</span> <span class='ocrx_word' id='word_1_16' title='bbox 2243 721 2565 789; x_wconf 87' lang='lat' dir='ltr'>actuarii</span> <span class='ocrx_word' id='word_1_17' title='bbox 2597 718 3044 802; x_wconf 82' lang='lat' dir='ltr'><strong>subscriptio</strong></span> <span class='ocrx_word' id='word_1_18' title='bbox 3071 734 3238 784; x_wconf 93' lang='lat' dir='ltr'>cum</span> 
     </span>
     <span class='ocr_line' id='line_1_4' title="bbox 246 831 2223 930; baseline -0.006 -21"><span class='ocrx_word' id='word_1_19' title='bbox 246 843 495 930; x_wconf 88' lang='lat' dir='ltr'>sigillo</span> <span class='ocrx_word' id='word_1_20' title='bbox 530 840 931 909; x_wconf 89' lang='lat' dir='ltr'>tribunalis</span> <span class='ocrx_word' id='word_1_21' title='bbox 964 841 1387 923; x_wconf 86' lang='lat' dir='ltr'>apponatur</span> <span class='ocrx_word' id='word_1_22' title='bbox 1418 837 1498 903; x_wconf 93' lang='lat' dir='ltr'>in</span> <span class='ocrx_word' id='word_1_23' title='bbox 1545 851 1981 919; x_wconf 89' lang='lat' dir='ltr'>unoquoque</span> <span class='ocrx_word' id='word_1_24' title='bbox 2016 831 2223 899; x_wconf 74' lang='lat' dir='ltr'>tolio.</span> 
     </span>
    </p>

    <p class='ocr_par' dir='ltr' id='par_1_4' title="bbox 248 933 3239 1232">
     <span class='ocr_line' id='line_1_5' title="bbox 427 933 3239 1034; baseline -0.007 -19"><span class='ocrx_word' id='word_1_25' title='bbox 427 950 460 1032; x_wconf 66' lang='grc' dir='ltr'><strong>ξ</strong></span> <span class='ocrx_word' id='word_1_26' title='bbox 506 949 573 1014; x_wconf 97' lang='grc'><strong>2.</strong></span> <span class='ocrx_word' id='word_1_27' title='bbox 627 947 960 1034; x_wconf 81' lang='lat' dir='ltr'>Singulis</span> <span class='ocrx_word' id='word_1_28' title='bbox 1001 946 1191 1013; x_wconf 87' lang='lat' dir='ltr'>actis</span> <span class='ocrx_word' id='word_1_29' title='bbox 1225 944 1612 1028; x_wconf 88' lang='lat' dir='ltr'>completis</span> <span class='ocrx_word' id='word_1_30' title='bbox 1653 942 1772 1009; x_wconf 82' lang='lat' dir='ltr'>vel</span> <span class='ocrx_word' id='word_1_31' title='bbox 1802 939 2249 1024; x_wconf 82' lang='lat' dir='ltr'><strong>interruptis</strong></span> <span class='ocrx_word' id='word_1_32' title='bbox 2284 957 2409 1005; x_wconf 88' lang='lat' dir='ltr'>seu</span> <span class='ocrx_word' id='word_1_33' title='bbox 2448 937 2543 1004; x_wconf 91' lang='lat' dir='ltr'>ad</span> <span class='ocrx_word' id='word_1_34' title='bbox 2581 936 2806 1002; x_wconf 88' lang='lat' dir='ltr'>aliam</span> <span class='ocrx_word' id='word_1_35' title='bbox 2844 933 3239 1001; x_wconf 80' lang='lat' dir='ltr'>sessionem</span> 
     </span>
     <span class='ocr_line' id='line_1_6' title="bbox 248 1041 3235 1142; baseline -0.007 -16"><span class='ocrx_word' id='word_1_36' title='bbox 248 1058 600 1140; x_wconf 83' lang='lat' dir='ltr'>remissis,</span> <span class='ocrx_word' id='word_1_37' title='bbox 657 1059 1081 1142; x_wconf 87' lang='lat' dir='ltr'>apponatur</span> <span class='ocrx_word' id='word_1_38' title='bbox 1125 1052 1573 1136; x_wconf 83' lang='lat' dir='ltr'>subscriptio</span> <span class='ocrx_word' id='word_1_39' title='bbox 1618 1049 1941 1118; x_wconf 82' lang='lat' dir='ltr'>actuarii</span> <span class='ocrx_word' id='word_1_40' title='bbox 1984 1054 2057 1117; x_wconf 88' lang='lat' dir='ltr'>et</span> <span class='ocrx_word' id='word_1_41' title='bbox 2114 1047 2382 1115; x_wconf 90' lang='lat' dir='ltr'>iudicis</span> <span class='ocrx_word' id='word_1_42' title='bbox 2426 1045 2542 1112; x_wconf 81' lang='lat' dir='ltr'>vel</span> <span class='ocrx_word' id='word_1_43' title='bbox 2586 1041 2988 1110; x_wconf 82' lang='lat' dir='ltr'>tribunalis</span> <span class='ocrx_word' id='word_1_44' title='bbox 3033 1058 3235 1123; x_wconf 88' lang='lat' dir='ltr'>prae·</span> 
     </span>
     <span class='ocr_line' id='line_1_7' title="bbox 249 1165 458 1232; baseline 0 -1"><span class='ocrx_word' id='word_1_45' title='bbox 249 1165 458 1232; x_wconf 91' lang='lat' dir='ltr'>sidis.</span> 
     </span>
    </p>

    <p class='ocr_par' dir='ltr' id='par_1_5' title="bbox 247 1257 3247 1803">
     <span class='ocr_line' id='line_1_8' title="bbox 427 1257 3244 1355; baseline -0.007 -14"><span class='ocrx_word' id='word_1_46' title='bbox 427 1272 462 1355; x_wconf 80' lang='lat'><strong>§</strong></span> <span class='ocrx_word' id='word_1_47' title='bbox 507 1272 575 1340; x_wconf 85' lang='lat'>3.</span> <span class='ocrx_word' id='word_1_48' title='bbox 625 1271 932 1351; x_wconf 80' lang='lat' dir='ltr'>Quoties</span> <span class='ocrx_word' id='word_1_49' title='bbox 980 1270 1058 1337; x_wconf 89' lang='lat' dir='ltr'>in</span> <span class='ocrx_word' id='word_1_50' title='bbox 1116 1269 1305 1336; x_wconf 88' lang='lat' dir='ltr'>actis</span> <span class='ocrx_word' id='word_1_51' title='bbox 1353 1263 2201 1350; x_wconf 66' lang='lat' dir='ltr'>iudicialibus‘partium</span> <span class='ocrx_word' id='word_1_52' title='bbox 2249 1269 2382 1329; x_wconf 90' lang='lat' dir='ltr'>aut</span> <span class='ocrx_word' id='word_1_53' title='bbox 2442 1261 2743 1328; x_wconf 88' lang='lat' dir='ltr'>testium</span> <span class='ocrx_word' id='word_1_54' title='bbox 2796 1257 3244 1339; x_wconf 83' lang='lat' dir='ltr'>subscriptio</span> 
     </span>
     <span class='ocr_line' id='line_1_9' title="bbox 249 1380 3247 1483; baseline -0.006 -19"><span class='ocrx_word' id='word_1_55' title='bbox 249 1398 685 1483; x_wconf 82' lang='lat' dir='ltr'>requiritur,</span> <span class='ocrx_word' id='word_1_56' title='bbox 719 1397 786 1463; x_wconf 88' lang='lat' dir='ltr'>si</span> <span class='ocrx_word' id='word_1_57' title='bbox 808 1412 982 1480; x_wconf 90' lang='lat' dir='ltr'>pars</span> <span class='ocrx_word' id='word_1_58' title='bbox 1012 1399 1146 1462; x_wconf 90' lang='lat' dir='ltr'>aut</span> <span class='ocrx_word' id='word_1_59' title='bbox 1170 1394 1384 1461; x_wconf 89' lang='lat' dir='ltr'>testis</span> <span class='ocrx_word' id='word_1_60' title='bbox 1408 1392 1597 1459; x_wconf 88' lang='lat' dir='ltr'>hanc</span> <span class='ocrx_word' id='word_1_61' title='bbox 1621 1391 1867 1458; x_wconf 79' lang='lat' dir='ltr'>facere</span> <span class='ocrx_word' id='word_1_62' title='bbox 1896 1390 2211 1472; x_wconf 82' lang='lat' dir='ltr'>nequeat</span> <span class='ocrx_word' id='word_1_63' title='bbox 2233 1385 2349 1453; x_wconf 86' lang='lat' dir='ltr'>vel</span> <span class='ocrx_word' id='word_1_64' title='bbox 2383 1384 2596 1467; x_wconf 91' lang='lat' dir='ltr'>nolit,</span> <span class='ocrx_word' id='word_1_65' title='bbox 2629 1383 2706 1450; x_wconf 95' lang='lat' dir='ltr'>id</span> <span class='ocrx_word' id='word_1_66' title='bbox 2733 1384 2813 1449; x_wconf 90' lang='lat' dir='ltr'>in</span> <span class='ocrx_word' id='word_1_67' title='bbox 2839 1382 3024 1465; x_wconf 86' lang='lat' dir='ltr'>ipsis</span> <span class='ocrx_word' id='word_1_68' title='bbox 3056 1380 3247 1447; x_wconf 87' lang='lat' dir='ltr'>actis</span> 
     </span>
     <span class='ocr_line' id='line_1_10' title="bbox 249 1488 3244 1586; baseline -0.006 -14"><span class='ocrx_word' id='word_1_69' title='bbox 249 1504 677 1586; x_wconf 78' lang='lat' dir='ltr'>adnotetur,</span> <span class='ocrx_word' id='word_1_70' title='bbox 726 1502 1090 1586; x_wconf 87' lang='lat' dir='ltr'>simulque</span> <span class='ocrx_word' id='word_1_71' title='bbox 1144 1500 1364 1568; x_wconf 86' lang='lat' dir='ltr'>iudex</span> <span class='ocrx_word' id='word_1_72' title='bbox 1412 1503 1487 1567; x_wconf 91' lang='lat' dir='ltr'>et</span> <span class='ocrx_word' id='word_1_73' title='bbox 1530 1498 1915 1566; x_wconf 86' lang='lat' dir='ltr'>actuarius</span> <span class='ocrx_word' id='word_1_74' title='bbox 1959 1496 2173 1564; x_wconf 87' lang='lat' dir='ltr'>fidem</span> <span class='ocrx_word' id='word_1_75' title='bbox 2231 1494 2518 1561; x_wconf 75' lang='lat' dir='ltr'>faciant</span> <span class='ocrx_word' id='word_1_76' title='bbox 2564 1495 2813 1558; x_wconf 79' lang='lat' dir='ltr'>actum</span> <span class='ocrx_word' id='word_1_77' title='bbox 2862 1490 3105 1573; x_wconf 87' lang='lat' dir='ltr'>ipsum</span> <span class='ocrx_word' id='word_1_78' title='bbox 3154 1488 3244 1555; x_wconf 87' lang='lat' dir='ltr'>de</span> 
     </span>
     <span class='ocr_line' id='line_1_11' title="bbox 247 1600 3242 1694; baseline -0.006 -15"><span class='ocrx_word' id='word_1_79' title='bbox 247 1612 473 1680; x_wconf 80' lang='lat' dir='ltr'>verbo</span> <span class='ocrx_word' id='word_1_80' title='bbox 508 1612 606 1680; x_wconf 92' lang='lat' dir='ltr'>ad</span> <span class='ocrx_word' id='word_1_81' title='bbox 637 1611 939 1678; x_wconf 84' lang='lat' dir='ltr'>verbum</span> <span class='ocrx_word' id='word_1_82' title='bbox 977 1609 1180 1694; x_wconf 91' lang='lat' dir='ltr'>parti</span> <span class='ocrx_word' id='word_1_83' title='bbox 1224 1613 1359 1675; x_wconf 85' lang='lat' dir='ltr'>aut</span> <span class='ocrx_word' id='word_1_84' title='bbox 1395 1608 1570 1675; x_wconf 90' lang='lat' dir='ltr'>testi</span> <span class='ocrx_word' id='word_1_85' title='bbox 1616 1606 2022 1690; x_wconf 89' lang='lat' dir='ltr'>perlectum</span> <span class='ocrx_word' id='word_1_86' title='bbox 2059 1603 2316 1684; x_wconf 74' lang='lat' dir='ltr'>fuisse,</span> <span class='ocrx_word' id='word_1_87' title='bbox 2360 1607 2434 1669; x_wconf 89' lang='lat' dir='ltr'>et</span> <span class='ocrx_word' id='word_1_88' title='bbox 2473 1604 2759 1685; x_wconf 86' lang='lat' dir='ltr'>partem</span> <span class='ocrx_word' id='word_1_89' title='bbox 2800 1602 2937 1665; x_wconf 86' lang='lat' dir='ltr'>aut</span> <span class='ocrx_word' id='word_1_90' title='bbox 2981 1600 3242 1664; x_wconf 86' lang='lat' dir='ltr'>testem</span> 
     </span>
     <span class='ocr_line' id='line_1_12' title="bbox 247 1713 1958 1803; baseline -0.004 -18"><span class='ocrx_word' id='word_1_91' title='bbox 247 1719 367 1787; x_wconf 81' lang='lat' dir='ltr'>vel</span> <span class='ocrx_word' id='word_1_92' title='bbox 404 1736 551 1786; x_wconf 92' lang='lat' dir='ltr'>non</span> <span class='ocrx_word' id='word_1_93' title='bbox 586 1718 916 1803; x_wconf 89' lang='lat' dir='ltr'>potuisse</span> <span class='ocrx_word' id='word_1_94' title='bbox 952 1716 1070 1784; x_wconf 84' lang='lat' dir='ltr'>vel</span> <span class='ocrx_word' id='word_1_95' title='bbox 1117 1715 1441 1783; x_wconf 87' lang='lat' dir='ltr'>noluisse</span> <span class='ocrx_word' id='word_1_96' title='bbox 1476 1713 1958 1782; x_wconf 82' lang='lat' dir='ltr'>subscribere.</span> 
     </span>
    </p>
   </div>
   <div class='ocr_carea' id='block_1_4' title="bbox 1525 1923 1958 1992">
    <p class='ocr_par' dir='ltr' id='par_1_6' title="bbox 1525 1923 1958 1992">
     <span class='ocr_line' id='line_1_13' title="bbox 1525 1923 1958 1992; baseline -0.007 -1"><span class='ocrx_word' id='word_1_97' title='bbox 1525 1924 1701 1992; x_wconf 69' lang='lat' dir='ltr'>cm.</span> <span class='ocrx_word' id='word_1_98' title='bbox 1762 1923 1958 1989; x_wconf 85' lang='lat'>1644.</span> 
     </span>
    </p>
   </div>
   <div class='ocr_carea' id='block_1_5' title="bbox 249 2057 3255 3337">
    <p class='ocr_par' dir='ltr' id='par_1_7' title="bbox 249 2057 3252 2692">
     <span class='ocr_line' id='line_1_14' title="bbox 433 2057 3242 2153; baseline -0.005 -17"><span class='ocrx_word' id='word_1_99' title='bbox 433 2070 468 2153; x_wconf 67' lang='grc' dir='ltr'>ξ</span> <span class='ocrx_word' id='word_1_100' title='bbox 496 2072 561 2136; x_wconf 93' lang='grc'><strong>1.</strong></span> <span class='ocrx_word' id='word_1_101' title='bbox 601 2069 693 2136; x_wconf 91' lang='lat' dir='ltr'>In</span> <span class='ocrx_word' id='word_1_102' title='bbox 719 2086 899 2137; x_wconf 87' lang='lat' dir='ltr'>casu</span> <span class='ocrx_word' id='word_1_103' title='bbox 933 2066 1484 2153; x_wconf 81' lang='lat' dir='ltr'>appellationis,</span> <span class='ocrx_word' id='word_1_104' title='bbox 1514 2069 1851 2134; x_wconf 85' lang='lat' dir='ltr'>actorum</span> <span class='ocrx_word' id='word_1_105' title='bbox 1880 2061 2328 2148; x_wconf 86' lang='lat' dir='ltr'>exemplaria</span> <span class='ocrx_word' id='word_1_106' title='bbox 2359 2061 2450 2129; x_wconf 90' lang='lat' dir='ltr'>ad</span> <span class='ocrx_word' id='word_1_107' title='bbox 2486 2078 2816 2128; x_wconf 90' lang='lat' dir='ltr'>normam</span> <span class='ocrx_word' id='word_1_108' title='bbox 2847 2077 3012 2126; x_wconf 88' lang='lat' dir='ltr'>can.</span> <span class='ocrx_word' id='word_1_109' title='bbox 3045 2057 3242 2138; x_wconf 83' lang='lat'>1642,</span> 
     </span>
     <span class='ocr_line' id='line_1_15' title="bbox 251 2168 3245 2261; baseline -0.005 -17"><span class='ocrx_word' id='word_1_110' title='bbox 251 2177 429 2244; x_wconf 79' lang='grc'><strong>1643</strong></span> <span class='ocrx_word' id='word_1_111' title='bbox 464 2177 890 2261; x_wconf 85' lang='lat' dir='ltr'>conscripta</span> <span class='ocrx_word' id='word_1_112' title='bbox 928 2179 1005 2245; x_wconf 89' lang='lat' dir='ltr'>et</span> <span class='ocrx_word' id='word_1_113' title='bbox 1042 2176 1122 2243; x_wconf 93' lang='lat' dir='ltr'>in</span> <span class='ocrx_word' id='word_1_114' title='bbox 1160 2174 1601 2242; x_wconf 80' lang='lat' dir='ltr'>fasciculum</span> <span class='ocrx_word' id='word_1_115' title='bbox 1655 2173 1996 2258; x_wconf 84' lang='lat' dir='ltr'>religata,</span> <span class='ocrx_word' id='word_1_116' title='bbox 2037 2189 2206 2239; x_wconf 92' lang='lat' dir='ltr'>cum</span> <span class='ocrx_word' id='word_1_117' title='bbox 2257 2169 2501 2244; x_wconf 89' lang='lat' dir='ltr'>indice</span> <span class='ocrx_word' id='word_1_118' title='bbox 2543 2168 2868 2236; x_wconf 88' lang='lat' dir='ltr'>omnium</span> <span class='ocrx_word' id='word_1_119' title='bbox 2911 2170 3245 2233; x_wconf 89' lang='lat' dir='ltr'>actorum</span> 
     </span>
     <span class='ocr_line' id='line_1_16' title="bbox 250 2275 3250 2353; baseline -0.005 0"><span class='ocrx_word' id='word_1_120' title='bbox 250 2290 334 2353; x_wconf 88' lang='lat' dir='ltr'>et</span> <span class='ocrx_word' id='word_1_121' title='bbox 366 2284 971 2352; x_wconf 88' lang='lat' dir='ltr'>documentorum</span> <span class='ocrx_word' id='word_1_122' title='bbox 1014 2287 1088 2351; x_wconf 87' lang='lat' dir='ltr'>et</span> <span class='ocrx_word' id='word_1_123' title='bbox 1118 2300 1287 2349; x_wconf 88' lang='lat' dir='ltr'>cum</span> <span class='ocrx_word' id='word_1_124' title='bbox 1330 2280 1852 2349; x_wconf 88' lang='lat' dir='ltr'>testificatione</span> <span class='ocrx_word' id='word_1_125' title='bbox 1888 2279 2209 2347; x_wconf 88' lang='lat' dir='ltr'>actuarii</span> <span class='ocrx_word' id='word_1_126' title='bbox 2246 2297 2374 2346; x_wconf 89' lang='lat' dir='ltr'>seu</span> <span class='ocrx_word' id='word_1_127' title='bbox 2410 2276 2840 2344; x_wconf 89' lang='lat' dir='ltr'>cancellarii</span> <span class='ocrx_word' id='word_1_128' title='bbox 2872 2275 2964 2343; x_wconf 87' lang='lat' dir='ltr'>de</span> <span class='ocrx_word' id='word_1_129' title='bbox 2998 2292 3250 2343; x_wconf 91' lang='lat' dir='ltr'>eorum</span> 
     </span>
     <span class='ocr_line' id='line_1_17' title="bbox 251 2382 3252 2476; baseline -0.004 -18"><span class='ocrx_word' id='word_1_130' title='bbox 251 2391 458 2460; x_wconf 86' lang='lat' dir='ltr'>fideli</span> <span class='ocrx_word' id='word_1_131' title='bbox 518 2392 1097 2476; x_wconf 87' lang='lat' dir='ltr'>transcriptione</span> <span class='ocrx_word' id='word_1_132' title='bbox 1143 2394 1219 2459; x_wconf 88' lang='lat' dir='ltr'>et</span> <span class='ocrx_word' id='word_1_133' title='bbox 1279 2385 1736 2475; x_wconf 83' lang='lat' dir='ltr'>integritate,</span> <span class='ocrx_word' id='word_1_134' title='bbox 1789 2389 2194 2456; x_wconf 87' lang='lat' dir='ltr'>mittantur</span> <span class='ocrx_word' id='word_1_135' title='bbox 2241 2386 2337 2453; x_wconf 85' lang='lat' dir='ltr'>ad</span> <span class='ocrx_word' id='word_1_136' title='bbox 2389 2385 2732 2471; x_wconf 87' lang='lat' dir='ltr'>superius</span> <span class='ocrx_word' id='word_1_137' title='bbox 2780 2382 3135 2465; x_wconf 85' lang='lat' dir='ltr'>tribuna13</span> <span class='ocrx_word' id='word_1_138' title='bbox 3186 2382 3252 2448; x_wconf 89' lang='lat' dir='ltr'>si</span> 
     </span>
     <span class='ocr_line' id='line_1_18' title="bbox 249 2493 3246 2583; baseline -0.004 -16"><span class='ocrx_word' id='word_1_139' title='bbox 249 2499 710 2583; x_wconf 81' lang='lat' dir='ltr'>exemplaria</span> <span class='ocrx_word' id='word_1_140' title='bbox 741 2499 902 2567; x_wconf 86' lang='lat' dir='ltr'>sine</span> <span class='ocrx_word' id='word_1_141' title='bbox 936 2498 1146 2582; x_wconf 81' lang='lat' dir='ltr'>gravi</span> <span class='ocrx_word' id='word_1_142' title='bbox 1189 2497 1653 2566; x_wconf 90' lang='lat' dir='ltr'>incommodo</span> <span class='ocrx_word' id='word_1_143' title='bbox 1684 2496 2002 2565; x_wconf 87' lang='lat' dir='ltr'>exscribi</span> <span class='ocrx_word' id='word_1_144' title='bbox 2041 2497 2434 2580; x_wconf 85' lang='lat' dir='ltr'>nequeant,</span> <span class='ocrx_word' id='word_1_145' title='bbox 2475 2493 2878 2561; x_wconf 87' lang='lat' dir='ltr'>mittantur</span> <span class='ocrx_word' id='word_1_146' title='bbox 2921 2509 3087 2558; x_wconf 93' lang='lat' dir='ltr'>cum</span> <span class='ocrx_word' id='word_1_147' title='bbox 3128 2508 3246 2573; x_wconf 90' lang='lat' dir='ltr'>op·</span> 
     </span>
     <span class='ocr_line' id='line_1_19' title="bbox 251 2602 2022 2692; baseline -0.001 -18"><span class='ocrx_word' id='word_1_148' title='bbox 251 2606 600 2692; x_wconf 89' lang='lat' dir='ltr'>portunis</span> <span class='ocrx_word' id='word_1_149' title='bbox 640 2606 956 2674; x_wconf 85' lang='lat' dir='ltr'>cautelis</span> <span class='ocrx_word' id='word_1_150' title='bbox 987 2611 1156 2674; x_wconf 84' lang='lat' dir='ltr'>acta</span> <span class='ocrx_word' id='word_1_151' title='bbox 1191 2606 1359 2691; x_wconf 88' lang='lat' dir='ltr'>ipsa</span> <span class='ocrx_word' id='word_1_152' title='bbox 1391 2606 1789 2689; x_wconf 83' lang='lat' dir='ltr'>originalia</span> <span class='ocrx_word' id='word_1_153' title='bbox 1842 2602 1895 2672; x_wconf 87' lang='lat'>¹.</span> <span class='ocrx_word' id='word_1_154' title='bbox 2014 2630 2022 2638; x_wconf 95' lang='lat'><strong>·</strong></span> 
     </span>
    </p>

    <p class='ocr_par' dir='ltr' id='par_1_8' title="bbox 253 2707 3252 2998">
     <span class='ocr_line' id='line_1_20' title="bbox 429 2707 3252 2796; baseline -0.003 -17"><span class='ocrx_word' id='word_1_155' title='bbox 429 2713 462 2796; x_wconf 83' lang='lat'>§</span> <span class='ocrx_word' id='word_1_156' title='bbox 508 2713 575 2779; x_wconf 88' lang='grc'>2.</span> <span class='ocrx_word' id='word_1_157' title='bbox 629 2714 711 2782; x_wconf 83' lang='lat' dir='ltr'>Si</span> <span class='ocrx_word' id='word_1_158' title='bbox 757 2733 843 2783; x_wconf 91' lang='lat' dir='ltr'>eo</span> <span class='ocrx_word' id='word_1_159' title='bbox 877 2714 1243 2783; x_wconf 88' lang='lat' dir='ltr'>mittenda·</span> <span class='ocrx_word' id='word_1_160' title='bbox 1279 2715 1434 2781; x_wconf 88' lang='lat' dir='ltr'>sint</span> <span class='ocrx_word' id='word_1_161' title='bbox 1480 2714 1605 2780; x_wconf 92' lang='lat' dir='ltr'>ubi</span> <span class='ocrx_word' id='word_1_162' title='bbox 1642 2711 2044 2780; x_wconf 81' lang='lat' dir='ltr'>vernacula,</span> <span class='ocrx_word' id='word_1_163' title='bbox 2081 2710 2340 2795; x_wconf 85' lang='lat' dir='ltr'>lingua</span> <span class='ocrx_word' id='word_1_164' title='bbox 2383 2726 2528 2775; x_wconf 92' lang='lat' dir='ltr'>non</span> <span class='ocrx_word' id='word_1_165' title='bbox 2568 2709 2667 2776; x_wconf 87' lang='lat' dir='ltr'>sit</span> <span class='ocrx_word' id='word_1_166' title='bbox 2705 2707 3030 2791; x_wconf 87' lang='lat' dir='ltr'>cognita,</span> <span class='ocrx_word' id='word_1_167' title='bbox 3082 2711 3252 2772; x_wconf 80' lang='lat' dir='ltr'>acta</span> 
     </span>
     <span class='ocr_line' id='line_1_21' title="bbox 253 2812 3248 2907; baseline -0.004 -19"><span class='ocrx_word' id='word_1_168' title='bbox 253 2822 422 2906; x_wconf 87' lang='lat' dir='ltr'>ipsa</span> <span class='ocrx_word' id='word_1_169' title='bbox 450 2823 529 2890; x_wconf 93' lang='lat' dir='ltr'>in</span> <span class='ocrx_word' id='word_1_170' title='bbox 559 2821 890 2907; x_wconf 85' lang='lat' dir='ltr'>linguam</span> <span class='ocrx_word' id='word_1_171' title='bbox 923 2821 1234 2889; x_wconf 90' lang='lat' dir='ltr'>latinam</span> <span class='ocrx_word' id='word_1_172' title='bbox 1267 2824 1683 2901; x_wconf 81' lang='lat' dir='ltr'>vertantur,</span> <span class='ocrx_word' id='word_1_173' title='bbox 1715 2819 2073 2888; x_wconf 87' lang='lat' dir='ltr'>adhibitis</span> <span class='ocrx_word' id='word_1_174' title='bbox 2109 2816 2424 2884; x_wconf 85' lang='lat' dir='ltr'>cautelis</span> <span class='ocrx_word' id='word_1_175' title='bbox 2456 2819 2541 2885; x_wconf 90' lang='lat' dir='ltr'>ut</span> <span class='ocrx_word' id='word_1_176' title='bbox 2577 2814 2668 2882; x_wconf 89' lang='lat' dir='ltr'>de</span> <span class='ocrx_word' id='word_1_177' title='bbox 2703 2814 2902 2882; x_wconf 89' lang='lat' dir='ltr'>fideli</span> <span class='ocrx_word' id='word_1_178' title='bbox 2934 2812 3248 2881; x_wconf 88' lang='lat' dir='ltr'>transla-</span> 
     </span>
     <span class='ocr_line' id='line_1_22' title="bbox 256 2930 815 2998; baseline 0 -2"><span class='ocrx_word' id='word_1_179' title='bbox 256 2930 463 2998; x_wconf 86' lang='lat' dir='ltr'>tione</span> <span class='ocrx_word' id='word_1_180' title='bbox 500 2931 815 2998; x_wconf 87' lang='lat' dir='ltr'>constet.</span> 
     </span>
    </p>

    <p class='ocr_par' dir='ltr' id='par_1_9' title="bbox 259 3033 3255 3337">
     <span class='ocr_line' id='line_1_23' title="bbox 439 3033 3255 3120; baseline -0.002 -14"><span class='ocrx_word' id='word_1_181' title='bbox 439 3037 473 3120; x_wconf 82' lang='lat'><strong>§</strong></span> <span class='ocrx_word' id='word_1_182' title='bbox 518 3038 587 3106; x_wconf 85' lang='lat'>3.</span> <span class='ocrx_word' id='word_1_183' title='bbox 639 3038 721 3106; x_wconf 79' lang='lat' dir='ltr'>si</span> <span class='ocrx_word' id='word_1_184' title='bbox 748 3044 917 3105; x_wconf 86' lang='lat' dir='ltr'>acta</span> <span class='ocrx_word' id='word_1_185' title='bbox 942 3037 1191 3106; x_wconf 85' lang='lat' dir='ltr'>debita</span> <span class='ocrx_word' id='word_1_186' title='bbox 1214 3038 1456 3105; x_wconf 80' lang='lat' dir='ltr'>forma</span> <span class='ocrx_word' id='word_1_187' title='bbox 1489 3043 1565 3106; x_wconf 92' lang='lat' dir='ltr'>et</span> <span class='ocrx_word' id='word_1_188' title='bbox 1589 3038 2017 3105; x_wconf 85' lang='lat' dir='ltr'>charactere</span> <span class='ocrx_word' id='word_1_189' title='bbox 2047 3036 2386 3103; x_wconf 81' lang='lat' dir='ltr'>confecta</span> <span class='ocrx_word' id='word_1_190' title='bbox 2415 3053 2559 3102; x_wconf 92' lang='lat' dir='ltr'>non</span> <span class='ocrx_word' id='word_1_191' title='bbox 2590 3033 2901 3117; x_wconf 79' lang='lat' dir='ltr'>fuerint,</span> <span class='ocrx_word' id='word_1_192' title='bbox 2940 3052 2987 3100; x_wconf 87' lang='lat' dir='ltr'>a</span> <span class='ocrx_word' id='word_1_193' title='bbox 3012 3034 3255 3101; x_wconf 87' lang='lat' dir='ltr'>iudice</span> 
     </span>
     <span class='ocr_line' id='line_1_24' title="bbox 259 3141 3255 3230; baseline -0.001 -19"><span class='ocrx_word' id='word_1_194' title='bbox 259 3146 641 3230; x_wconf 87' lang='lat' dir='ltr'>superiore</span> <span class='ocrx_word' id='word_1_195' title='bbox 677 3146 937 3230; x_wconf 87' lang='lat' dir='ltr'>repelli</span> <span class='ocrx_word' id='word_1_196' title='bbox 980 3150 1334 3230; x_wconf 88' lang='lat' dir='ltr'>possunt:</span> <span class='ocrx_word' id='word_1_197' title='bbox 1382 3164 1524 3230; x_wconf 87' lang='lat' dir='ltr'>quo</span> <span class='ocrx_word' id='word_1_198' title='bbox 1565 3146 1643 3213; x_wconf 93' lang='lat' dir='ltr'>in</span> <span class='ocrx_word' id='word_1_199' title='bbox 1679 3163 1852 3212; x_wconf 88' lang='lat' dir='ltr'>casu</span> <span class='ocrx_word' id='word_1_200' title='bbox 1894 3144 2035 3227; x_wconf 91' lang='lat' dir='ltr'>illi,</span> <span class='ocrx_word' id='word_1_201' title='bbox 2077 3144 2344 3229; x_wconf 85' lang='lat' dir='ltr'>quibus</span> <span class='ocrx_word' id='word_1_202' title='bbox 2384 3143 2609 3226; x_wconf 88' lang='lat' dir='ltr'>culpa</span> <span class='ocrx_word' id='word_1_203' title='bbox 2642 3141 3084 3225; x_wconf 85' lang='lat' dir='ltr'>imputanda</span> <span class='ocrx_word' id='word_1_204' title='bbox 3116 3144 3255 3218; x_wconf 87' lang='lat' dir='ltr'>est,</span> 
     </span>
     <span class='ocr_line' id='line_1_25' title="bbox 259 3248 2634 3337; baseline -0.003 -16"><span class='ocrx_word' id='word_1_205' title='bbox 259 3257 434 3321; x_wconf 80' lang='lat' dir='ltr'>acta</span> <span class='ocrx_word' id='word_1_206' title='bbox 472 3253 628 3321; x_wconf 90' lang='lat' dir='ltr'>suis</span> <span class='ocrx_word' id='word_1_207' title='bbox 664 3252 1017 3337; x_wconf 89' lang='lat' dir='ltr'>impensis</span> <span class='ocrx_word' id='word_1_208' title='bbox 1053 3253 1295 3321; x_wconf 87' lang='lat' dir='ltr'>denuo</span> <span class='ocrx_word' id='word_1_209' title='bbox 1331 3251 1687 3322; x_wconf 89' lang='lat' dir='ltr'>conficere</span> <span class='ocrx_word' id='word_1_210' title='bbox 1735 3258 1811 3321; x_wconf 89' lang='lat' dir='ltr'>et</span> <span class='ocrx_word' id='word_1_211' title='bbox 1848 3253 2144 3320; x_wconf 88' lang='lat' dir='ltr'>mittere</span> <span class='ocrx_word' id='word_1_212' title='bbox 2184 3254 2533 3319; x_wconf 87' lang='lat' dir='ltr'>tenentur</span> <span class='ocrx_word' id='word_1_213' title='bbox 2583 3248 2634 3313; x_wconf 84' lang='lat'>².</span> 
     </span>
    </p>
   </div>
   <div class='ocr_carea' id='block_1_6' title="bbox 1525 3421 1958 3489">
    <p class='ocr_par' dir='ltr' id='par_1_10' title="bbox 1525 3421 1958 3489">
     <span class='ocr_line' id='line_1_26' title="bbox 1525 3421 1958 3489; baseline -0.002 0"><span class='ocrx_word' id='word_1_214' title='bbox 1525 3422 1702 3489; x_wconf 79' lang='lat' dir='ltr'>CAN.</span> <span class='ocrx_word' id='word_1_215' title='bbox 1761 3421 1958 3488; x_wconf 84' lang='lat'>1645.</span> 
     </span>
    </p>
   </div>
   <div class='ocr_carea' id='block_1_7' title="bbox 148 3562 3266 4620">
    <p class='ocr_par' dir='ltr' id='par_1_11' title="bbox 262 3562 3254 3848">
     <span class='ocr_line' id='line_1_27' title="bbox 442 3562 3254 3649; baseline -0.001 -19"><span class='ocrx_word' id='word_1_216' title='bbox 442 3566 475 3647; x_wconf 66' lang='grc' dir='ltr'><strong>ξ</strong></span> <span class='ocrx_word' id='word_1_217' title='bbox 523 3567 588 3631; x_wconf 92' lang='grc'><strong>1.</strong></span> <span class='ocrx_word' id='word_1_218' title='bbox 640 3565 928 3632; x_wconf 87' lang='lat' dir='ltr'>Iudicio</span> <span class='ocrx_word' id='word_1_219' title='bbox 966 3564 1282 3649; x_wconf 85' lang='lat' dir='ltr'>expleto,</span> <span class='ocrx_word' id='word_1_220' title='bbox 1317 3564 1756 3633; x_wconf 87' lang='lat' dir='ltr'>documenta</span> <span class='ocrx_word' id='word_1_221' title='bbox 1788 3564 2131 3649; x_wconf 90' lang='lat' dir='ltr'>partibus</span> <span class='ocrx_word' id='word_1_222' title='bbox 2163 3564 2462 3632; x_wconf 88' lang='lat' dir='ltr'>restitui</span> <span class='ocrx_word' id='word_1_223' title='bbox 2500 3564 2793 3646; x_wconf 88' lang='lat' dir='ltr'>debent,</span> <span class='ocrx_word' id='word_1_224' title='bbox 2831 3563 2976 3629; x_wconf 90' lang='lat' dir='ltr'>nisi</span> <span class='ocrx_word' id='word_1_225' title='bbox 3009 3563 3087 3629; x_wconf 93' lang='lat' dir='ltr'>in</span> <span class='ocrx_word' id='word_1_226' title='bbox 3119 3562 3254 3629; x_wconf 86' lang='lat' dir='ltr'>cri-</span> 
     </span>
     <span class='ocr_line' id='line_1_28' title="bbox 264 3670 3252 3757; baseline -0.002 -17"><span class='ocrx_word' id='word_1_227' title='bbox 264 3673 691 3755; x_wconf 91' lang='lat' dir='ltr'>minalibus,</span> <span class='ocrx_word' id='word_1_228' title='bbox 745 3673 936 3741; x_wconf 93' lang='lat' dir='ltr'>bono</span> <span class='ocrx_word' id='word_1_229' title='bbox 988 3672 1287 3757; x_wconf 87' lang='lat' dir='ltr'>publico</span> <span class='ocrx_word' id='word_1_230' title='bbox 1347 3672 1455 3740; x_wconf 87' lang='lat' dir='ltr'>ita</span> <span class='ocrx_word' id='word_1_231' title='bbox 1507 3673 1868 3757; x_wconf 86' lang='lat' dir='ltr'>exigente,</span> <span class='ocrx_word' id='word_1_232' title='bbox 1936 3671 2157 3739; x_wconf 85' lang='lat' dir='ltr'>iudex</span> <span class='ocrx_word' id='word_1_233' title='bbox 2211 3671 2514 3757; x_wconf 88' lang='lat' dir='ltr'>aliquod</span> <span class='ocrx_word' id='word_1_234' title='bbox 2570 3670 3038 3740; x_wconf 88' lang='lat' dir='ltr'>retinendum</span> <span class='ocrx_word' id='word_1_235' title='bbox 3091 3688 3252 3736; x_wconf 88' lang='lat' dir='ltr'>cen·</span> 
     </span>
     <span class='ocr_line' id='line_1_29' title="bbox 262 3780 522 3848; baseline -0.004 -1"><span class='ocrx_word' id='word_1_236' title='bbox 262 3780 522 3848; x_wconf 90' lang='lat' dir='ltr'>suerit.</span> 
     </span>
    </p>

    <p class='ocr_par' dir='ltr' id='par_1_12' title="bbox 148 3887 3258 4083">
     <span class='ocr_line' id='line_1_30' title="bbox 446 3887 3258 3972; baseline 0.001 -19"><span class='ocrx_word' id='word_1_237' title='bbox 446 3888 478 3971; x_wconf 71' lang='grc' dir='ltr'>ξ</span> <span class='ocrx_word' id='word_1_238' title='bbox 525 3888 593 3954; x_wconf 92' lang='grc'><strong>2.</strong></span> <span class='ocrx_word' id='word_1_239' title='bbox 644 3888 1107 3955; x_wconf 86' lang='lat' dir='ltr'>Documenta</span> <span class='ocrx_word' id='word_1_240' title='bbox 1148 3887 1418 3970; x_wconf 86' lang='lat' dir='ltr'>omnia,</span> <span class='ocrx_word' id='word_1_241' title='bbox 1461 3905 1645 3971; x_wconf 87' lang='lat' dir='ltr'>quae</span> <span class='ocrx_word' id='word_1_242' title='bbox 1679 3887 1881 3971; x_wconf 91' lang='lat' dir='ltr'>apud</span> <span class='ocrx_word' id='word_1_243' title='bbox 1918 3887 2250 3956; x_wconf 89' lang='lat' dir='ltr'>tribunal</span> <span class='ocrx_word' id='word_1_244' title='bbox 2294 3893 2618 3972; x_wconf 86' lang='lat' dir='ltr'>manent,</span> <span class='ocrx_word' id='word_1_245' title='bbox 2660 3890 2737 3956; x_wconf 93' lang='lat' dir='ltr'>in</span> <span class='ocrx_word' id='word_1_246' title='bbox 2783 3890 3083 3958; x_wconf 81' lang='lat' dir='ltr'>archivo</span> <span class='ocrx_word' id='word_1_247' title='bbox 3121 3890 3258 3957; x_wconf 88' lang='lat' dir='ltr'>Cu·</span> 
     </span>
     <span class='ocr_line' id='line_1_31' title="bbox 148 3984 3138 4083; baseline 0 -20"><span class='ocrx_word' id='word_1_248' title='bbox 148 3984 157 3995; x_wconf 76' lang='grc'>’</span> <span class='ocrx_word' id='word_1_249' title='bbox 264 3997 423 4066; x_wconf 87' lang='lat' dir='ltr'>riae</span> <span class='ocrx_word' id='word_1_250' title='bbox 462 3998 933 4082; x_wconf 86' lang='lat' dir='ltr'>deponantur</span> <span class='ocrx_word' id='word_1_251' title='bbox 964 3996 1115 4063; x_wconf 82' lang='lat' dir='ltr'>sive</span> <span class='ocrx_word' id='word_1_252' title='bbox 1153 3996 1450 4080; x_wconf 90' lang='lat' dir='ltr'>publico</span> <span class='ocrx_word' id='word_1_253' title='bbox 1484 3997 1636 4064; x_wconf 81' lang='lat' dir='ltr'>sive</span> <span class='ocrx_word' id='word_1_254' title='bbox 1672 4001 1977 4079; x_wconf 84' lang='lat' dir='ltr'>secreto,</span> <span class='ocrx_word' id='word_1_255' title='bbox 2016 4002 2240 4080; x_wconf 90' lang='lat' dir='ltr'>prout</span> <span class='ocrx_word' id='word_1_256' title='bbox 2273 4015 2538 4063; x_wconf 89' lang='lat' dir='ltr'>eorum·</span> <span class='ocrx_word' id='word_1_257' title='bbox 2573 4002 2845 4065; x_wconf 88' lang='lat' dir='ltr'>natura</span> <span class='ocrx_word' id='word_1_258' title='bbox 2883 3998 3138 4083; x_wconf 84' lang='lat' dir='ltr'>exigit.</span> 
     </span>
    </p>

    <p class='ocr_par' dir='ltr' id='par_1_13' title="bbox 262 4103 3266 4403">
     <span class='ocr_line' id='line_1_32' title="bbox 446 4103 3261 4187; baseline 0.001 -17"><span class='ocrx_word' id='word_1_259' title='bbox 446 4104 477 4187; x_wconf 67' lang='grc' dir='ltr'>ξ</span> <span class='ocrx_word' id='word_1_260' title='bbox 524 4105 591 4171; x_wconf 89' lang='grc'>3.</span> <span class='ocrx_word' id='word_1_261' title='bbox 642 4103 965 4186; x_wconf 85' lang='lat' dir='ltr'>Notarii,</span> <span class='ocrx_word' id='word_1_262' title='bbox 1011 4103 1333 4171; x_wconf 85' lang='lat' dir='ltr'>actuarii</span> <span class='ocrx_word' id='word_1_263' title='bbox 1384 4107 1461 4172; x_wconf 91' lang='lat' dir='ltr'>et</span> <span class='ocrx_word' id='word_1_264' title='bbox 1500 4103 1994 4172; x_wconf 86' lang='lat' dir='ltr'>cancellarius</span> <span class='ocrx_word' id='word_1_265' title='bbox 2038 4104 2196 4171; x_wconf 89' lang='lat' dir='ltr'>sine</span> <span class='ocrx_word' id='word_1_266' title='bbox 2240 4104 2510 4172; x_wconf 90' lang='lat' dir='ltr'>iudicis</span> <span class='ocrx_word' id='word_1_267' title='bbox 2562 4104 2915 4172; x_wconf 87' lang='lat' dir='ltr'>mandato</span> <span class='ocrx_word' id='word_1_268' title='bbox 2966 4103 3261 4173; x_wconf 87' lang='lat' dir='ltr'>tradere</span> 
     </span>
     <span class='ocr_line' id='line_1_33' title="bbox 262 4211 3266 4297; baseline -0 -18"><span class='ocrx_word' id='word_1_269' title='bbox 262 4212 752 4297; x_wconf 88' lang='lat' dir='ltr'>prohibentur</span> <span class='ocrx_word' id='word_1_270' title='bbox 795 4211 1168 4294; x_wconf 82' lang='lat' dir='ltr'>exempla-r</span> <span class='ocrx_word' id='word_1_271' title='bbox 1206 4214 1540 4279; x_wconf 88' lang='lat' dir='ltr'>actorum</span> <span class='ocrx_word' id='word_1_272' title='bbox 1581 4211 2044 4279; x_wconf 88' lang='lat' dir='ltr'>iudicialium</span> <span class='ocrx_word' id='word_1_273' title='bbox 2087 4216 2162 4280; x_wconf 87' lang='lat' dir='ltr'>et</span> <span class='ocrx_word' id='word_1_274' title='bbox 2211 4211 2814 4279; x_wconf 90' lang='lat' dir='ltr'>documentorum</span> <span class='ocrx_word' id='word_1_275' title='bbox 2859 4230 3045 4296; x_wconf 90' lang='lat' dir='ltr'>quae</span> <span class='ocrx_word' id='word_1_276' title='bbox 3086 4216 3266 4279; x_wconf 89' lang='lat' dir='ltr'>sunt</span> 
     </span>
     <span class='ocr_line' id='line_1_34' title="bbox 262 4315 1145 4403; baseline -0.002 -17"><span class='ocrx_word' id='word_1_277' title='bbox 262 4321 641 4403; x_wconf 88' lang='lat' dir='ltr'>processui</span> <span class='ocrx_word' id='word_1_278' title='bbox 682 4319 1049 4403; x_wconf 88' lang='lat' dir='ltr'>acquisita</span> <span class='ocrx_word' id='word_1_279' title='bbox 1090 4315 1145 4384; x_wconf 82' lang='lat'>³.</span> 
     </span>
    </p>

    <p class='ocr_par' dir='ltr' id='par_1_14' title="bbox 264 4427 3266 4620">
     <span class='ocr_line' id='line_1_35' title="bbox 443 4427 3266 4514; baseline 0 -20"><span class='ocrx_word' id='word_1_280' title='bbox 443 4427 476 4510; x_wconf 67' lang='grc' dir='ltr'>ξ</span> <span class='ocrx_word' id='word_1_281' title='bbox 523 4430 590 4494; x_wconf 86' lang='lat'>4.</span> <span class='ocrx_word' id='word_1_282' title='bbox 641 4430 1069 4514; x_wconf 85' lang='lat' dir='ltr'>Anonymae</span> <span class='ocrx_word' id='word_1_283' title='bbox 1104 4429 1463 4513; x_wconf 88' lang='lat' dir='ltr'>epistolae</span> <span class='ocrx_word' id='word_1_284' title='bbox 1497 4448 1681 4513; x_wconf 81' lang='lat' dir='ltr'>quae</span> <span class='ocrx_word' id='word_1_285' title='bbox 1714 4428 1901 4496; x_wconf 92' lang='lat' dir='ltr'>nihil</span> <span class='ocrx_word' id='word_1_286' title='bbox 1932 4430 2024 4496; x_wconf 89' lang='lat' dir='ltr'>ad</span> <span class='ocrx_word' id='word_1_287' title='bbox 2063 4447 2331 4495; x_wconf 78' lang='lat' dir='ltr'>causae</span> <span class='ocrx_word' id='word_1_288' title='bbox 2360 4429 2703 4495; x_wconf 88' lang='lat' dir='ltr'>meritum</span> <span class='ocrx_word' id='word_1_289' title='bbox 2735 4428 3157 4509; x_wconf 80' lang='lat' dir='ltr'>conferunt,</span> <span class='ocrx_word' id='word_1_290' title='bbox 3190 4435 3266 4495; x_wconf 90' lang='lat' dir='ltr'>et</span> 
     </span>
     <span class='ocr_line' id='line_1_36' title="bbox 264 4536 2756 4620; baseline -0.001 -16"><span class='ocrx_word' id='word_1_291' title='bbox 264 4536 491 4604; x_wconf 90' lang='lat' dir='ltr'>etiam</span> <span class='ocrx_word' id='word_1_292' title='bbox 530 4536 994 4620; x_wconf 84' lang='lat' dir='ltr'>subscriptae</span> <span class='ocrx_word' id='word_1_293' title='bbox 1028 4554 1213 4620; x_wconf 89' lang='lat' dir='ltr'>quae</span> <span class='ocrx_word' id='word_1_294' title='bbox 1257 4538 1412 4606; x_wconf 90' lang='lat' dir='ltr'>sint</span> <span class='ocrx_word' id='word_1_295' title='bbox 1443 4540 1649 4605; x_wconf 88' lang='lat' dir='ltr'>certo</span> <span class='ocrx_word' id='word_1_296' title='bbox 1681 4536 2205 4617; x_wconf 86' lang='lat' dir='ltr'>calumniosae,</span> <span class='ocrx_word' id='word_1_297' title='bbox 2246 4536 2756 4604; x_wconf 88' lang='lat' dir='ltr'>destruantur.</span> 
     </span>
    </p>
   </div>
   <div class='ocr_carea' id='block_1_8' title="bbox 268 4777 3265 5568">
    <p class='ocr_par' dir='ltr' id='par_1_15' title="bbox 268 4777 3265 5385">
     <span class='ocr_line' id='line_1_37' title="bbox 448 4777 3264 4845; baseline -0.002 -10"><span class='ocrx_word' id='word_1_298' title='bbox 448 4784 470 4819; x_wconf 84' lang='lat'>²</span> <span class='ocrx_word' id='word_1_299' title='bbox 508 4784 573 4836; x_wconf 80' lang='grc' dir='ltr'>Ο.</span> <span class='ocrx_word' id='word_1_300' title='bbox 613 4785 697 4844; x_wconf 93' lang='grc'>11,</span> <span class='ocrx_word' id='word_1_301' title='bbox 728 4785 795 4844; x_wconf 82' lang='grc' dir='ltr'>Χ,</span> <span class='ocrx_word' id='word_1_302' title='bbox 837 4784 908 4834; x_wconf 78' lang='lat' dir='ltr'>de</span> <span class='ocrx_word' id='word_1_303' title='bbox 947 4782 1413 4844; x_wconf 68' lang='lat' dir='ltr'>probationibus,</span> <span class='ocrx_word' id='word_1_304' title='bbox 1452 4784 1535 4845; x_wconf 89' lang='lat'>11,</span> <span class='ocrx_word' id='word_1_305' title='bbox 1574 4784 1656 4842; x_wconf 77' lang='lat'>193</span> <span class='ocrx_word' id='word_1_306' title='bbox 1690 4793 1739 4833; x_wconf 86' lang='lat' dir='ltr'>c.</span> <span class='ocrx_word' id='word_1_307' title='bbox 1778 4783 1861 4833; x_wconf 90' lang='lat'>11.</span> <span class='ocrx_word' id='word_1_308' title='bbox 1894 4783 1960 4845; x_wconf 92' lang='lat' dir='ltr'>X,</span> <span class='ocrx_word' id='word_1_309' title='bbox 2003 4783 2075 4832; x_wconf 79' lang='lat' dir='ltr'>de</span> <span class='ocrx_word' id='word_1_310' title='bbox 2114 4781 2364 4832; x_wconf 69' lang='lat' dir='ltr'>testibus</span> <span class='ocrx_word' id='word_1_311' title='bbox 2404 4786 2464 4831; x_wconf 79' lang='lat' dir='ltr'>et</span> <span class='ocrx_word' id='word_1_312' title='bbox 2501 4777 3008 4836; x_wconf 67' lang='lat' dir='ltr'>attestationibus,</span> <span class='ocrx_word' id='word_1_313' title='bbox 3060 4777 3142 4835; x_wconf 88' lang='lat'>11,</span> <span class='ocrx_word' id='word_1_314' title='bbox 3182 4778 3264 4837; x_wconf 84' lang='grc' dir='ltr'><strong>2ος</strong></span> 
     </span>
     <span class='ocr_line' id='line_1_38' title="bbox 268 4869 3261 4936; baseline -0.003 -10"><span class='ocrx_word' id='word_1_315' title='bbox 268 4876 443 4926; x_wconf 84' lang='lat' dir='ltr'>Cone.</span> <span class='ocrx_word' id='word_1_316' title='bbox 492 4874 779 4933; x_wconf 66' lang='lat' dir='ltr'>Trident„</span> <span class='ocrx_word' id='word_1_317' title='bbox 827 4886 970 4926; x_wconf 85' lang='lat' dir='ltr'>sess.</span> <span class='ocrx_word' id='word_1_318' title='bbox 1010 4874 1176 4934; x_wconf 92' lang='lat' dir='ltr'>X111,</span> <span class='ocrx_word' id='word_1_319' title='bbox 1217 4874 1288 4923; x_wconf 79' lang='lat' dir='ltr'>de</span> <span class='ocrx_word' id='word_1_320' title='bbox 1324 4874 1459 4933; x_wconf 72' lang='lat' dir='ltr'>res„</span> <span class='ocrx_word' id='word_1_321' title='bbox 1505 4884 1555 4924; x_wconf 87' lang='lat' dir='ltr'>c.</span> <span class='ocrx_word' id='word_1_322' title='bbox 1587 4874 1637 4936; x_wconf 70' lang='grc' dir='ltr'>ὃς</span> <span class='ocrx_word' id='word_1_323' title='bbox 1674 4886 1816 4925; x_wconf 86' lang='lat' dir='ltr'>sess.</span> <span class='ocrx_word' id='word_1_324' title='bbox 1859 4873 2059 4933; x_wconf 82' lang='lat' dir='ltr'>XXIV,</span> <span class='ocrx_word' id='word_1_325' title='bbox 2099 4872 2170 4923; x_wconf 77' lang='lat' dir='ltr'>de</span> <span class='ocrx_word' id='word_1_326' title='bbox 2211 4870 2345 4929; x_wconf 67' lang='lat' dir='ltr'>ref„</span> <span class='ocrx_word' id='word_1_327' title='bbox 2381 4882 2430 4921; x_wconf 88' lang='lat' dir='ltr'>c.</span> <span class='ocrx_word' id='word_1_328' title='bbox 2465 4870 2546 4931; x_wconf 76' lang='lat'>20:</span> <span class='ocrx_word' id='word_1_329' title='bbox 2584 4869 2941 4921; x_wconf 77' lang='lat' dir='ltr'>Benedictus</span> <span class='ocrx_word' id='word_1_330' title='bbox 2977 4869 3129 4928; x_wconf 82' lang='lat' dir='ltr'>xlv,</span> <span class='ocrx_word' id='word_1_331' title='bbox 3169 4880 3261 4928; x_wconf 87' lang='lat' dir='ltr'>ep.</span> 
     </span>
     <span class='ocr_line' id='line_1_39' title="bbox 268 4958 3261 5026; baseline -0.003 -9"><span class='ocrx_word' id='word_1_332' title='bbox 268 4966 487 5026; x_wconf 82' lang='lat' dir='ltr'>encycl.</span> <span class='ocrx_word' id='word_1_333' title='bbox 520 4980 549 5014; x_wconf 72' lang='grc' dir='ltr'><strong>α</strong></span> <span class='ocrx_word' id='word_1_334' title='bbox 576 4965 721 5016; x_wconf 75' lang='lat' dir='ltr'>oum</span> <span class='ocrx_word' id='word_1_335' title='bbox 745 4964 894 5015; x_wconf 74' lang='lat' dir='ltr'>illua</span> <span class='ocrx_word' id='word_1_336' title='bbox 920 4979 968 5025; x_wconf 68' lang='lat' dir='ltr'>n,</span> <span class='ocrx_word' id='word_1_337' title='bbox 993 4966 1059 5016; x_wconf 78' lang='lat'>14</span> <span class='ocrx_word' id='word_1_338' title='bbox 1081 4968 1194 5018; x_wconf 87' lang='lat' dir='ltr'>oct.</span> <span class='ocrx_word' id='word_1_339' title='bbox 1220 4964 1368 5025; x_wconf 82' lang='grc'><strong>1742,</strong></span> <span class='ocrx_word' id='word_1_340' title='bbox 1400 4964 1501 5026; x_wconf 69' lang='lat'>§73</span> <span class='ocrx_word' id='word_1_341' title='bbox 1531 4964 1588 5017; x_wconf 85' lang='lat' dir='ltr'>S.</span> <span class='ocrx_word' id='word_1_342' title='bbox 1622 4964 1686 5015; x_wconf 88' lang='lat' dir='ltr'>C.</span> <span class='ocrx_word' id='word_1_343' title='bbox 1722 4964 1827 5024; x_wconf 79' lang='lat' dir='ltr'>Ep.</span> <span class='ocrx_word' id='word_1_344' title='bbox 1859 4966 1922 5015; x_wconf 89' lang='lat' dir='ltr'>et</span> <span class='ocrx_word' id='word_1_345' title='bbox 1951 4962 2115 5024; x_wconf 66' lang='lat' dir='ltr'>neg„</span> <span class='ocrx_word' id='word_1_346' title='bbox 2146 4962 2448 5021; x_wconf 77' lang='lat' dir='ltr'>capuana,</span> <span class='ocrx_word' id='word_1_347' title='bbox 2481 4960 2513 5010; x_wconf 87' lang='grc'><strong>2</strong></span> <span class='ocrx_word' id='word_1_348' title='bbox 2540 4960 2656 5010; x_wconf 81' lang='lat' dir='ltr'>ian.</span> <span class='ocrx_word' id='word_1_349' title='bbox 2685 4960 2832 5021; x_wconf 78' lang='lat'>1595;</span> <span class='ocrx_word' id='word_1_350' title='bbox 2858 4958 3014 5010; x_wconf 88' lang='lat' dir='ltr'>decr.</span> <span class='ocrx_word' id='word_1_351' title='bbox 3050 4959 3116 5011; x_wconf 95' lang='grc'>16</span> <span class='ocrx_word' id='word_1_352' title='bbox 3148 4964 3261 5010; x_wconf 89' lang='lat' dir='ltr'>oct.</span> 
     </span>
     <span class='ocr_line' id='line_1_40' title="bbox 268 5048 3263 5117; baseline -0.002 -11"><span class='ocrx_word' id='word_1_353' title='bbox 268 5055 419 5115; x_wconf 88' lang='grc'><strong>1600,</strong></span> <span class='ocrx_word' id='word_1_354' title='bbox 451 5068 507 5106; x_wconf 90' lang='grc' dir='ltr'>ιι.</span> <span class='ocrx_word' id='word_1_355' title='bbox 541 5057 623 5117; x_wconf 74' lang='lat'>113</span> <span class='ocrx_word' id='word_1_356' title='bbox 646 5054 802 5107; x_wconf 85' lang='lat' dir='ltr'>decr.</span> <span class='ocrx_word' id='word_1_357' title='bbox 830 5055 896 5108; x_wconf 89' lang='lat'>18</span> <span class='ocrx_word' id='word_1_358' title='bbox 918 5054 1040 5107; x_wconf 84' lang='lat' dir='ltr'>dec.</span> <span class='ocrx_word' id='word_1_359' title='bbox 1073 5055 1219 5115; x_wconf 59' lang='lat'>183&amp;</span> <span class='ocrx_word' id='word_1_360' title='bbox 1249 5055 1467 5116; x_wconf 75' lang='lat' dir='ltr'>encycl.</span> <span class='ocrx_word' id='word_1_361' title='bbox 1497 5057 1529 5105; x_wconf 90' lang='lat'>1</span> <span class='ocrx_word' id='word_1_362' title='bbox 1557 5066 1692 5115; x_wconf 82' lang='lat' dir='ltr'>aug.</span> <span class='ocrx_word' id='word_1_363' title='bbox 1723 5054 1871 5114; x_wconf 84' lang='grc'><strong>1851;</strong></span> <span class='ocrx_word' id='word_1_364' title='bbox 1899 5053 2068 5104; x_wconf 84' lang='lat' dir='ltr'>instr.</span> <span class='ocrx_word' id='word_1_365' title='bbox 2099 5054 2164 5104; x_wconf 85' lang='lat'>11</span> <span class='ocrx_word' id='word_1_366' title='bbox 2191 5054 2311 5103; x_wconf 83' lang='lat' dir='ltr'>iun.</span> <span class='ocrx_word' id='word_1_367' title='bbox 2339 5050 2488 5110; x_wconf 87' lang='grc'><strong>1880,</strong></span> <span class='ocrx_word' id='word_1_368' title='bbox 2517 5061 2574 5100; x_wconf 91' lang='lat' dir='ltr'>n.</span> <span class='ocrx_word' id='word_1_369' title='bbox 2604 5050 2687 5110; x_wconf 81' lang='lat'>39;</span> <span class='ocrx_word' id='word_1_370' title='bbox 2715 5049 2773 5102; x_wconf 84' lang='lat' dir='ltr'>S.</span> <span class='ocrx_word' id='word_1_371' title='bbox 2806 5049 2871 5101; x_wconf 80' lang='grc' dir='ltr'>Ο.</span> <span class='ocrx_word' id='word_1_372' title='bbox 2905 5049 2993 5109; x_wconf 66' lang='lat' dir='ltr'>C„</span> <span class='ocrx_word' id='word_1_373' title='bbox 3023 5048 3087 5100; x_wconf 77' lang='grc'><strong>27</strong></span> <span class='ocrx_word' id='word_1_374' title='bbox 3118 5050 3263 5100; x_wconf 75' lang='lat' dir='ltr'>maii</span> 
     </span>
     <span class='ocr_line' id='line_1_41' title="bbox 269 5136 3265 5206; baseline -0.002 -9"><span class='ocrx_word' id='word_1_375' title='bbox 269 5136 429 5206; x_wconf 71' lang='lat'>1591:</span> <span class='ocrx_word' id='word_1_376' title='bbox 458 5144 798 5203; x_wconf 67' lang='lat' dir='ltr'>Ver-cellen„</span> <span class='ocrx_word' id='word_1_377' title='bbox 834 5144 899 5196; x_wconf 83' lang='lat'>21</span> <span class='ocrx_word' id='word_1_378' title='bbox 931 5148 1105 5197; x_wconf 86' lang='lat' dir='ltr'>mart.</span> <span class='ocrx_word' id='word_1_379' title='bbox 1144 5144 1293 5205; x_wconf 81' lang='grc'><strong>1642,</strong></span> <span class='ocrx_word' id='word_1_380' title='bbox 1329 5145 1404 5196; x_wconf 88' lang='lat' dir='ltr'>ad</span> <span class='ocrx_word' id='word_1_381' title='bbox 1439 5147 1489 5205; x_wconf 88' lang='grc'><strong>1;</strong></span> <span class='ocrx_word' id='word_1_382' title='bbox 1520 5156 1610 5205; x_wconf 88' lang='lat' dir='ltr'>ep.</span> <span class='ocrx_word' id='word_1_383' title='bbox 1650 5144 1716 5196; x_wconf 91' lang='grc'>10</span> <span class='ocrx_word' id='word_1_384' title='bbox 1750 5144 1867 5195; x_wconf 84' lang='lat' dir='ltr'>ian.</span> <span class='ocrx_word' id='word_1_385' title='bbox 1908 5143 2056 5204; x_wconf 76' lang='lat'><strong>17213</strong></span> <span class='ocrx_word' id='word_1_386' title='bbox 2094 5141 2151 5194; x_wconf 84' lang='lat' dir='ltr'>S.</span> <span class='ocrx_word' id='word_1_387' title='bbox 2185 5141 2250 5194; x_wconf 89' lang='lat' dir='ltr'>C.</span> <span class='ocrx_word' id='word_1_388' title='bbox 2284 5141 2356 5192; x_wconf 89' lang='lat' dir='ltr'>de</span> <span class='ocrx_word' id='word_1_389' title='bbox 2383 5140 2558 5200; x_wconf 83' lang='lat' dir='ltr'>Prop.</span> <span class='ocrx_word' id='word_1_390' title='bbox 2594 5140 2758 5201; x_wconf 72' lang='lat' dir='ltr'>Fide,</span> <span class='ocrx_word' id='word_1_391' title='bbox 2808 5139 2980 5192; x_wconf 80' lang='lat' dir='ltr'>instr.</span> <span class='ocrx_word' id='word_1_392' title='bbox 3019 5153 3076 5191; x_wconf 91' lang='lat' dir='ltr'>a.</span> <span class='ocrx_word' id='word_1_393' title='bbox 3114 5138 3265 5198; x_wconf 83' lang='lat'>1883,</span> 
     </span>
     <span class='ocr_line' id='line_1_42' title="bbox 271 5229 3264 5296; baseline -0.003 -9"><span class='ocrx_word' id='word_1_394' title='bbox 271 5249 329 5287; x_wconf 90' lang='grc' dir='ltr'>ιι.</span> <span class='ocrx_word' id='word_1_395' title='bbox 361 5235 604 5296; x_wconf 88' lang='lat' dir='ltr'>XXX1X;</span> <span class='ocrx_word' id='word_1_396' title='bbox 640 5234 900 5296; x_wconf 80' lang='lat' dir='ltr'>Regulae</span> <span class='ocrx_word' id='word_1_397' title='bbox 937 5234 1264 5288; x_wconf 83' lang='lat' dir='ltr'>servandae</span> <span class='ocrx_word' id='word_1_398' title='bbox 1293 5235 1355 5285; x_wconf 80' lang='lat' dir='ltr'>in</span> <span class='ocrx_word' id='word_1_399' title='bbox 1386 5234 1623 5286; x_wconf 81' lang='lat' dir='ltr'>iudiciis</span> <span class='ocrx_word' id='word_1_400' title='bbox 1661 5233 1818 5294; x_wconf 79' lang='lat' dir='ltr'>apud</span> <span class='ocrx_word' id='word_1_401' title='bbox 1853 5232 2117 5293; x_wconf 80' lang='lat' dir='ltr'>Suprem.</span> <span class='ocrx_word' id='word_1_402' title='bbox 2157 5230 2513 5292; x_wconf 69' lang='lat' dir='ltr'>signatum</span> <span class='ocrx_word' id='word_1_403' title='bbox 2544 5232 2635 5290; x_wconf 82' lang='lat' dir='ltr'>Ap</span> <span class='ocrx_word' id='word_1_404' title='bbox 2686 5229 2994 5290; x_wconf 78' lang='lat' dir='ltr'>Tribunal,</span> <span class='ocrx_word' id='word_1_405' title='bbox 3026 5229 3060 5280; x_wconf 88' lang='grc'><strong>6</strong></span> <span class='ocrx_word' id='word_1_406' title='bbox 3088 5231 3264 5280; x_wconf 87' lang='lat' dir='ltr'>mart.</span> 
     </span>
     <span class='ocr_line' id='line_1_43' title="bbox 272 5324 681 5385; baseline -0.007 -8"><span class='ocrx_word' id='word_1_407' title='bbox 272 5325 421 5385; x_wconf 80' lang='grc'><strong>1912,</strong></span> <span class='ocrx_word' id='word_1_408' title='bbox 453 5328 568 5377; x_wconf 87' lang='lat' dir='ltr'>art.</span> <span class='ocrx_word' id='word_1_409' title='bbox 600 5324 681 5376; x_wconf 84' lang='lat'>21.</span> 
     </span>
    </p>

    <p class='ocr_par' dir='ltr' id='par_1_16' title="bbox 448 5414 1914 5479">
     <span class='ocr_line' id='line_1_44' title="bbox 448 5414 1914 5479; baseline -0.003 -11"><span class='ocrx_word' id='word_1_410' title='bbox 448 5423 474 5458; x_wconf 80' lang='lat'>⁸</span> <span class='ocrx_word' id='word_1_411' title='bbox 515 5417 580 5469; x_wconf 85' lang='lat' dir='ltr'>C.</span> <span class='ocrx_word' id='word_1_412' title='bbox 613 5417 665 5476; x_wconf 88' lang='grc'><strong>1,</strong></span> <span class='ocrx_word' id='word_1_413' title='bbox 695 5416 746 5476; x_wconf 86' lang='grc'><strong>2,</strong></span> <span class='ocrx_word' id='word_1_414' title='bbox 784 5417 850 5479; x_wconf 85' lang='lat' dir='ltr'>X,</span> <span class='ocrx_word' id='word_1_415' title='bbox 882 5417 952 5467; x_wconf 79' lang='lat' dir='ltr'>de</span> <span class='ocrx_word' id='word_1_416' title='bbox 980 5416 1097 5476; x_wconf 76' lang='lat' dir='ltr'>fide</span> <span class='ocrx_word' id='word_1_417' title='bbox 1132 5414 1678 5473; x_wconf 74' lang='lat' dir='ltr'>instrumentorum,</span> <span class='ocrx_word' id='word_1_418' title='bbox 1718 5416 1800 5475; x_wconf 93' lang='lat'>11,</span> <span class='ocrx_word' id='word_1_419' title='bbox 1833 5414 1914 5465; x_wconf 88' lang='grc'>22.</span> 
     </span>
    </p>

    <p class='ocr_par' dir='ltr' id='par_1_17' title="bbox 450 5504 1921 5568">
     <span class='ocr_line' id='line_1_45' title="bbox 450 5504 1921 5568; baseline -0.002 -10"><span class='ocrx_word' id='word_1_420' title='bbox 450 5508 475 5542; x_wconf 81' lang='lat'><strong>³</strong></span> <span class='ocrx_word' id='word_1_421' title='bbox 516 5506 574 5558; x_wconf 83' lang='lat' dir='ltr'>S.</span> <span class='ocrx_word' id='word_1_422' title='bbox 606 5505 672 5559; x_wconf 87' lang='lat' dir='ltr'>C.</span> <span class='ocrx_word' id='word_1_423' title='bbox 706 5507 811 5566; x_wconf 80' lang='lat' dir='ltr'>Ep.</span> <span class='ocrx_word' id='word_1_424' title='bbox 846 5510 907 5560; x_wconf 88' lang='lat' dir='ltr'>et</span> <span class='ocrx_word' id='word_1_425' title='bbox 938 5506 1102 5568; x_wconf 68' lang='lat' dir='ltr'>neg„</span> <span class='ocrx_word' id='word_1_426' title='bbox 1133 5505 1287 5557; x_wconf 88' lang='lat' dir='ltr'>decr.</span> <span class='ocrx_word' id='word_1_427' title='bbox 1322 5505 1389 5557; x_wconf 87' lang='grc'><strong>16</strong></span> <span class='ocrx_word' id='word_1_428' title='bbox 1418 5510 1537 5559; x_wconf 73' lang='lat' dir='ltr'>oet.</span> <span class='ocrx_word' id='word_1_429' title='bbox 1565 5504 1713 5565; x_wconf 88' lang='grc'><strong>1600,</strong></span> <span class='ocrx_word' id='word_1_430' title='bbox 1747 5518 1804 5556; x_wconf 94' lang='grc' dir='ltr'>ιι.</span> <span class='ocrx_word' id='word_1_431' title='bbox 1838 5507 1921 5556; x_wconf 92' lang='grc'>11.</span> 
     </span>
    </p>
   </div>
  </div>
 </body>
</html>
