3753 5871
485 205 596 263 682
1624 206 1820 257 Godeo
1865 206 1897 256 1
1901 206 2028 258 urie
2067 205 2348 256 eunome-1

495 389 706 451 veluti
739 389 799 451 si
837 390 910 450 in
940 388 1171 468 sigillo
1208 387 1617 467 sculpantur
1645 394 1774 453 aut
1801 393 1946 452 tres
1980 391 2272 469 numeri,
2305 396 2434 454 aut
2458 395 2605 454 tres
2641 392 2919 455 litterae
2948 396 3021 454 et
3048 392 3349 471 numeri,
3383 393 3484 455 vel

496 513 635 557 una
672 500 947 558 tantum
983 496 1231 575 imag0.

677 603 867 667 Haec
901 605 985 667 de
1022 603 1523 666 antescrutinio
1555 605 1917 682 sufficiant;
1957 609 2281 683 ceterum,
2316 607 2497 684 quod
2527 604 2786 680 attinet
2822 607 2912 669 ad
2946 606 3363 671 Cardinales
3390 609 3486 668 in·

499 713 754 790 firmos,
801 715 928 774 aut
960 712 1168 773 aliter
1202 712 1592 791 impeditos,
1629 713 1929 774 inferius
1965 730 2091 776 suo
2125 714 2276 776 loco
2310 714 2599 776 dicetur.

681 820 783 881 66.
833 819 1160 897 Sequitur
1210 819 1509 882 secunda
1547 821 1756 898 acti0,
1810 838 1983 899 quae
2027 822 2300 884 nomine
2337 820 2662 881 scrutinii
2711 821 3062 901 appellata
3102 822 3268 885 fuit.
3319 821 3494 884 Octo

497 933 663 990 sunt
700 927 906 988 huius
941 927 1240 990 actionis
1275 931 1498 1006 actus,
1537 927 1893 991 videlicet:
1940 931 2198 992 delatio
2244 930 2629 1008 schedulae,
2667 931 3036 993 iuramenti
3076 931 3491 1008 praestatio,

498 1034 754 1112 positio
782 1033 1143 1098 schedulae
1181 1037 1253 1097 in
1283 1036 1588 1114 calicem,
1624 1037 2101 1099 schedularum
2141 1038 2408 1116 mixtio,
2449 1054 2683 1100 earum
2716 1038 3123 1116 numeratio,
3168 1038 3491 1100 scrutinii

504 1145 906 1223 publica-tic,
961 1144 1438 1207 schedularum
1488 1146 1563 1207 in
1606 1145 1797 1208 filum
1838 1146 2154 1223 insertio,
2200 1163 2434 1208 earum
2485 1145 2825 1223 depositio
2877 1163 3205 1209 seorsum.

686 1253 787 1314 67.
841 1253 1120 1316 Delatio
1158 1254 1543 1330 schedulae,
1593 1258 1665 1317 et
1705 1254 1842 1315 duo
1883 1258 2240 1331 sequentes
2286 1256 2508 1332 actus,
2552 1234 2669 1331 qui
2711 1253 2954 1316 melius
2993 1253 3202 1315 simul
3241 1253 3494 1316 descri-

496 1360 757 1421 buntur
787 1361 871 1422 ob
920 1340 1154 1423 eorum
1188 1359 1696 1440 connexionem,
1736 1362 1859 1423 hoc
1905 1361 2105 1424 modo
2141 1362 2328 1424 fient.
2368 1361 2676 1436 Quilibet
2710 1359 3105 1424 Cardinalis
3141 1362 3498 1440 propriam

505 1470 921 1546 schedulam,
971 1475 1331 1547 postquam
1370 1470 1565 1530 illam
1611 1470 1991 1546 scripserit,
2041 1470 2506 1547 obsignaverit
2540 1474 2613 1532 et
2645 1470 3181 1547 complicaverit,
3233 1470 3504 1531 duobus

502 1578 746 1655 primis
785 1577 1025 1656 digitis
1066 1586 1311 1654 sumet,
1352 1595 1434 1640 ac
1482 1579 1748 1639 elevata-
1787 1594 1994 1639 manu
2037 1578 2265 1655 palam
2307 1578 2569 1639 deferet
2610 1578 2698 1639 ad
2742 1578 3007 1654 Altare,
3062 1594 3278 1655 penes
3320 1577 3498 1655 quod

500 1690 695 1749 stant
746 1685 1208 1762 Scrutatores,
1254 1690 1326 1747 et
1362 1687 1437 1747 in
1485 1702 1617 1767 quo
1659 1689 1766 1748 est
1813 1686 1997 1748 calix
2038 1701 2328 1763 magnus
2368 1684 2458 1746 ad
2503 1685 2930 1763 recipiendas
2968 1683 3347 1746 schedulas
3390 1701 3496 1762 pa·

500 1797 698 1855 ratus
743 1800 815 1857 et
862 1796 1116 1872 patena
1153 1796 1537 1871 coopertus3
1575 1793 1803 1870 ibique
1850 1793 2333 1871 genuflectens,
2374 1792 2881 1869 aliquantulum
2920 1792 3190 1854 orabit:
3251 1792 3503 1854 deinde

502 1917 812 1979 surgens,
858 1899 1008 1963 alta
1058 1905 1131 1964 et
1170 1900 1595 1979 intelligibili
1649 1918 1832 1977 voce,
1875 1901 2139 1964 iurabit
2183 1901 2258 1961 in
2314 1901 2486 1962 hanc
2534 1900 2848 1979 formam,
2895 1917 3068 1978 quae
3111 1901 3189 1961 in
3237 1899 3503 1962 tabells
3634 1907 3635 1936 ³

503 2024 712 2085 super
744 2007 977 2070 Altari
1014 2010 1241 2086 posita
1276 2008 1626 2085 descripta
1668 2006 2000 2070 habetur:

692 2116 925 2178 Testor
983 2117 1309 2178 Christum
1368 2117 1733 2186 Dominum,
1782 2118 1892 2189 qul
1938 2135 2037 2179 me
2086 2118 2490 2178 iudicaturus
2531 2120 2657 2187 est,
2705 2133 2804 2177 me
2849 2117 3114 2189 eligere,
3165 2131 3370 2188 quem
3416 2133 3506 2176 se·

501 2224 781 2284 cundum
819 2224 1023 2285 Deum
1062 2224 1274 2285 iudico
1307 2225 1458 2297 eligi
1490 2225 1752 2286 debere.

692 2330 863 2393 Post
894 2331 1057 2394 haec
1086 2331 1477 2393 schedulam
1510 2331 1587 2392 in
1612 2334 1934 2408 patenam
1966 2335 2197 2409 ponet,
2233 2334 2305 2394 et
2333 2347 2455 2409 per
2483 2333 2804 2409 patenam
2833 2329 3065 2393 mittet
3091 2330 3167 2390 in
3197 2329 3508 2404 calicem

506 2453 639 2515 qno
670 2438 860 2501 facto
888 2437 1252 2502 inclinabit
1292 2456 1366 2503 se
1394 2438 1484 2500 ad
1515 2437 1784 2516 Altare,
1817 2443 1890 2501 et
1920 2438 2010 2500 ad
2045 2455 2239 2500 suum
2276 2436 2497 2500 locum
2538 2440 2942 2500 revertetur.

694 2546 795 2608 68.
844 2544 1032 2609 Haec
1069 2545 1405 2609 servanda.
1444 2549 1651 2608 erunt
1688 2546 1746 2607 si
1794 2545 2191 2609 Gardinalis
2225 2546 2316 2609 ad
2365 2547 2607 2608 Alta-re
2645 2561 2923 2623 pergere
2964 2544 3205 2622 possit3
3244 2561 3414 2606 nam
3453 2544 3507 2605 si
3634 2543 3635 2554 ’

507 2653 592 2717 ob
617 2653 959 2716 infirmam
992 2654 1451 2717 valetudinem
1477 2670 1614 2715 non
1640 2654 1886 2732 possit,
1916 2658 1988 2716 et
2011 2670 2335 2732 praesens
2359 2653 2434 2714 in
2462 2650 2796 2731 Cappella
2823 2652 2939 2729 sit,
2977 2653 3271 2714 ultimus
3303 2653 3501 2715 Scru-

502 2763 698 2823 tator
722 2761 811 2823 ad
847 2778 1001 2823 eum
1028 2761 1323 2836 accedet;
1358 2766 1431 2824 et
1461 2760 1859 2823 Cardinalis
1894 2761 2233 2840 infirmus,
2267 2764 2629 2840 postquam
2663 2758 3051 2822 schedulam
3082 2759 3157 2820 in
3192 2759 3350 2821 loeo
3384 2776 3505 2821 suo

506 2871 787 2948 secrete,
827 2873 909 2931 ut
945 2885 1157 2948 supra
1201 2869 1461 2931 dictum
1500 2871 1630 2946 est,
1671 2867 2068 2948 contecerit,
2110 2868 2386 2947 praevio
2424 2868 2814 2930 iuramento
2854 2866 3233 2947 praedicto,
3275 2866 3499 2945 ipsam

504 2976 935 3056 obsignatam
984 2980 1055 3040 et
1093 2976 1572 3055 complicatam
1619 2978 1835 3041 eidem
1878 2977 2268 3040 scrutatori
2316 2977 2573 3054 tradet,
2613 2977 2731 3054 qui
2771 2992 2921 3038 eam
2964 2973 3193 3052 palam
3236 2974 3500 3037 de'feret

505 3085 594 3147 ad
628 3077 895 3161 Altaria,
929 3088 1002 3148 et
1034 3084 1181 3147 sine
1220 3085 1532 3148 oratione
1563 3089 1637 3147 et
1663 3084 2053 3147 iuramento
2085 3086 2160 3146 in
2197 3087 2518 3162 patenam
2553 3086 2785 3162 ponet,
2812 3087 2890 3157 et
2932 3099 3054 3160 per
3084 3098 3237 3144 eam
3281 3081 3361 3142 in
3398 3098 3493 3143 ca·

508 3193 703 3254 licem
747 3193 1003 3255 mittet.

692 3300 792 3362 69.
837 3299 911 3362 si
953 3316 1111 3363 vero
1157 3300 1374 3378 aliqui
1414 3298 1820 3363 cardinales
1857 3300 2114 3361 infirmi
2155 3299 2300 3362 sint
2338 3299 2411 3360 in
2454 3298 2599 3361 suis
2638 3296 2856 3375 cellis,
2897 3302 3042 3359 tres
3089 3294 3501 3358 Cardinales
3634 3322 3635 3331 ¹

510 3407 913 3485 Infit-marii,
955 3412 1035 3471 ut
1082 3424 1292 3485 supra
1333 3407 1654 3487 extracti,
1704 3409 1793 3471 ad
1842 3425 1960 3472 eos
1995 3406 2320 3470 accedent
2359 3424 2510 3469 cum
2552 3396 2840 3484 capsula
2878 3404 3260 3468 altitudine
3297 3403 3502 3465 unius
3634 3380 3635 3461 ἦ

512 3514 749 3592 palmi,
789 3515 862 3575 in
899 3515 1098 3577 cuius
1142 3514 1481 3593 superiori
1520 3518 1717 3593 parte
1752 3516 1851 3579 sit
1886 3515 2085 3593 rima,
2128 3532 2244 3577 seu
2287 3515 2621 3591 foramen,
2662 3513 2814 3576 eius
2845 3510 3383 3591 magnitudinis,
3432 3516 3503 3572 ut
3634 3544 3635 3569 ÷

513 3639 636 3700 per
687 3622 864 3684 illud
911 3619 1235 3685 schedula
1287 3621 1698 3700 complicata
1740 3624 1963 3701 possit
2016 3640 2137 3702 per
2180 3639 2374 3684 suam
2422 3621 2864 3684 latitudinem
2906 3620 3104 3681 intus
3147 3618 3505 3697 capsulam
3634 3630 3635 3633 ’

514 3730 921 3807 transmitti3
955 3746 1157 3808 quam
1191 3731 1544 3809 capsula-m
1580 3732 1945 3809 antequam
1993 3730 2432 3793 scrutatores
2469 3729 2887 3793 Infirmariis
2920 3727 3235 3805 tradant,
3279 3726 3504 3805 palam
3634 3712 3635 3729 ²

507 3837 846 3917 aperient,
887 3842 968 3899 ut
1003 3838 1214 3901 ceteri
1259 3836 1667 3900 cardinales
1732 3838 2001 3916 possint
2066 3855 2214 3900 eam
2272 3836 2544 3898 inanem
2604 3840 2676 3899 et
2740 3852 3022 3897 vacuam
3079 3834 3502 3911 conspicere.

508 3946 753 4009 deinde
778 3947 1124 4024 claudent,
1153 3950 1224 4009 et
1254 3944 1510 4009 clavem
1537 3951 1793 4024 ponent
1818 3963 2024 4024 snper
2049 3944 2312 4022 A-ltare;
2339 3944 2583 4008 deinde
2619 3942 2995 4005 Infirmas-ii
3024 3957 3181 4003 cum
3216 3940 3501 4020 capsula

508 4054 769 4131 clausa,
806 4058 877 4117 et
917 4072 1068 4115 cum
1106 4070 1316 4132 parvo
1351 4054 1542 4116 disco
1579 4053 1991 4117 sufficientes
2033 4053 2395 4115 schedulas
2430 4052 2885 4129 continentes,
2932 4049 3019 4111 ad
3058 4066 3499 4127 unumquem-

509 4177 641 4238 que
676 4178 907 4223 eorum
948 4161 1290 4237 accedent3
1328 4165 1401 4224 et
1445 4160 1703 4222 infirmi
1743 4165 2062 4239 acceptas
2100 4178 2182 4224 ex
2223 4159 2411 4223 disco
2463 4159 2823 4221 schedulas
2865 4159 3123 4220 secrete
3173 4158 3501 4219 scribent.
3634 4116 3635 4187 ἶ

510 4268 972 4346 obsignabunt
1001 4273 1073 4332 et
1100 4269 1632 4347 complicabunt.
1664 4274 1736 4333 et
1766 4269 2042 4347 praevio
2074 4270 2211 4331 iam
2247 4269 2434 4331 dicto
2463 4269 2851 4329 iuramento
2889 4265 2961 4325 in
2995 4265 3361 4342 capsulam
3396 4280 3506 4342 per
3634 4286 3635 4301 ¹

511 4376 753 4437 rima-m
782 4376 1081 4454 mittent3
1113 4378 1291 4454 quod
1321 4376 1379 4439 si
1410 4377 1659 4438 infirmi
1691 4378 1986 4440 scribere
2013 4395 2148 4439 non
2177 4376 2470 4454 possint,
2507 4374 2649 4437 sive
2678 4373 2934 4452 aliquis
2964 4391 3046 4435 ex
3072 4372 3314 4435 tribus
3348 4372 3500 4435 Car·

511 4483 862 4545 dinalibus
894 4484 1331 4561 Infirmarils‚
1370 4484 1512 4547 sive
1543 4486 1724 4547 alius
1764 4504 1845 4548 ex
1880 4484 2121 4548 ordine
2158 4489 2388 4548 tamen
2424 4481 2753 4559 clericali,
2797 4497 3028 4544 eorum
3064 4480 3375 4543 arbitrio
3408 4482 3503 4541 de·
3634 4490 3635 4499 ²

513 4591 851 4670 ligendus,
887 4593 1225 4669 praestito
1255 4592 1337 4655 de
1370 4600 1632 4655 secreto
1672 4593 2002 4655 servando
2038 4595 2111 4654 in
2146 4593 2464 4655 manibus
2498 4589 3045 4652 Infirmariorum
3087 4589 3502 4654 iuramento.
3634 4624 3635 4637 κ

511 4699 864 4777 praedicta
898 4700 1146 4763 faciet:
1189 4705 1394 4778 atque
1425 4699 1492 4761 hi
1531 4701 1887 4764 advertere
1916 4701 2165 4764 debent
2193 4701 2370 4778 quod
2401 4716 2537 4761 non
2575 4697 2796 4760 solum
2824 4696 3201 4759 iuramenti
3236 4694 3503 4759 vinculo

508 4810 836 4870 tenentur
865 4823 1137 4869 servare
1168 4811 1526 4885 secretum,
1570 4810 1685 4871 sed
1726 4800 1937 4872 etiam
1970 4810 2042 4870 in
2076 4806 2840 4871 excommunicationem
2874 4805 3062 4868 latae
3092 4806 3503 4869 sententiae,

510 4917 567 4977 si
593 4914 1153 4992 contrafecerint,
1183 4914 1559 4980 incurrent.
1592 4916 1724 4978 His
1756 4918 2081 4994 peractis,
2110 4917 2487 4977 Infirmarii
2520 4915 2609 4977 ad
2638 4912 3036 4992 Oappellam
3072 4917 3505 4977 revertentur
3634 4986 3635 4995 ἵ

507 5041 660 5086 cum
703 5022 1011 5102 capsula,
1057 5041 1256 5101 quam
1303 5022 1743 5087 Scrutatores
1775 5025 2113 5103 aperient,
2149 5028 2220 5087 et
2255 5024 2611 5086 schedulas
2646 5022 2719 5083 in
2761 5039 2845 5084 ea-
2872 5024 3249 5083 contentas
3288 5019 3506 5098 palam

509 5133 1009 5193 numerabunt:
1055 5134 1128 5194 et
1171 5136 1281 5194 tot
1321 5135 1653 5210 repertas,
1696 5137 1866 5210 quot
1902 5136 2067 5196 sunt
2113 5131 2393 5207 infirmi,
2439 5134 2697 5208 ponent
2744 5128 3157 5208 singillatim
3199 5129 3278 5189 in
3331 5130 3507 5206 pate-

510 5256 693 5317 nam,
729 5245 798 5303 et
833 5258 954 5318 per
986 5243 1305 5318 patenam
1341 5240 1545 5302 simul
1581 5257 1813 5303 omnes
1853 5241 1926 5301 in
1961 5240 2263 5304 calicem.

696 5348 798 5410 Ne
835 5351 1064 5411 autem
1112 5347 1320 5409 nimis
1353 5349 1424 5410 in
1465 5348 1741 5427 longum
1779 5348 2234 5427 protrahatur
2278 5346 2596 5410 scrutinii
2639 5344 2846 5421 actio,
2896 5342 3290 5405 Infirmarii
3330 5350 3505 5422 pote·
