<?xml version="1.0" encoding="UTF-8"?>
<!DOCTYPE html PUBLIC "-//W3C//DTD XHTML 1.0 Transitional//EN"
    "http://www.w3.org/TR/xhtml1/DTD/xhtml1-transitional.dtd">
<html xmlns="http://www.w3.org/1999/xhtml" xml:lang="en" lang="en">
 <head>
  <title>
</title>
<meta http-equiv="Content-Type" content="text/html;charset=utf-8" />
  <meta name='ocr-system' content='tesseract 3.04.00' />
  <meta name='ocr-capabilities' content='ocr_page ocr_carea ocr_par ocr_line ocrx_word'/>
</head>
<body>
  <div class='ocr_page' id='page_1' title='image "./codexiuriscanon00xgoog_0210.png"; bbox 0 0 3753 5871; ppageno 0'>
   <div class='ocr_carea' id='block_1_1' title="bbox 505 316 2361 375">
    <p class='ocr_par' dir='ltr' id='par_1_1' title="bbox 505 316 2361 375">
     <span class='ocr_line' id='line_1_1' title="bbox 505 316 2361 375; baseline 0 -2"><span class='ocrx_word' id='word_1_1' title='bbox 505 316 606 375; x_wconf 78' lang='lat'>158</span> <span class='ocrx_word' id='word_1_2' title='bbox 1634 318 1832 372; x_wconf 67' lang='lat' dir='ltr'><em>0060oe</em></span> <span class='ocrx_word' id='word_1_3' title='bbox 1878 319 1910 371; x_wconf 87' lang='lat'><em>1</em></span> <span class='ocrx_word' id='word_1_4' title='bbox 1912 320 2040 372; x_wconf 68' lang='lat' dir='ltr'>uris</span> <span class='ocrx_word' id='word_1_5' title='bbox 2079 320 2361 373; x_wconf 58' lang='lat' dir='ltr'>canonio}</span> 
     </span>
    </p>
   </div>
   <div class='ocr_carea' id='block_1_2' title="bbox 462 506 3501 1910">
    <p class='ocr_par' dir='ltr' id='par_1_2' title="bbox 500 506 3491 706">
     <span class='ocr_line' id='line_1_2' title="bbox 505 506 3491 601; baseline 0.003 -28"><span class='ocrx_word' id='word_1_6' title='bbox 505 506 1066 588; x_wconf 88' lang='lat' dir='ltr'>testimoniales,</span> <span class='ocrx_word' id='word_1_7' title='bbox 1109 507 1329 574; x_wconf 89' lang='lat' dir='ltr'>datae</span> <span class='ocrx_word' id='word_1_8' title='bbox 1361 526 1500 591; x_wconf 89' lang='lat' dir='ltr'>pro</span> <span class='ocrx_word' id='word_1_9' title='bbox 1527 507 1841 575; x_wconf 86' lang='lat' dir='ltr'>diversis</span> <span class='ocrx_word' id='word_1_10' title='bbox 1869 509 2167 576; x_wconf 79' lang='lat' dir='ltr'>casibus</span> <span class='ocrx_word' id='word_1_11' title='bbox 2195 528 2242 577; x_wconf 91' lang='lat' dir='ltr'>a</span> <span class='ocrx_word' id='word_1_12' title='bbox 2276 514 2560 581; x_wconf 88' lang='lat' dir='ltr'>rectore</span> <span class='ocrx_word' id='word_1_13' title='bbox 2593 512 2989 581; x_wconf 90' lang='lat' dir='ltr'>Seminarii</span> <span class='ocrx_word' id='word_1_14' title='bbox 3019 513 3137 582; x_wconf 80' lang='lat' dir='ltr'>vel</span> <span class='ocrx_word' id='word_1_15' title='bbox 3165 515 3491 601; x_wconf 81' lang='lat' dir='ltr'>collegii,</span> 
     </span>
     <span class='ocr_line' id='line_1_3' title="bbox 500 616 2964 706; baseline 0.003 -25"><span class='ocrx_word' id='word_1_16' title='bbox 500 616 760 683; x_wconf 88' lang='lat' dir='ltr'>audito</span> <span class='ocrx_word' id='word_1_17' title='bbox 804 618 1206 684; x_wconf 89' lang='lat' dir='ltr'>Ordinario</span> <span class='ocrx_word' id='word_1_18' title='bbox 1251 618 1418 700; x_wconf 90' lang='lat' dir='ltr'>loci,</span> <span class='ocrx_word' id='word_1_19' title='bbox 1466 622 1603 685; x_wconf 87' lang='lat' dir='ltr'>aut</span> <span class='ocrx_word' id='word_1_20' title='bbox 1645 637 1690 684; x_wconf 90' lang='lat' dir='ltr'>a</span> <span class='ocrx_word' id='word_1_21' title='bbox 1738 620 2015 686; x_wconf 87' lang='lat' dir='ltr'>maiore</span> <span class='ocrx_word' id='word_1_22' title='bbox 2055 620 2433 705; x_wconf 79' lang='lat' dir='ltr'>religionis</span> <span class='ocrx_word' id='word_1_23' title='bbox 2476 622 2872 706; x_wconf 91' lang='lat' dir='ltr'>Superiore</span> <span class='ocrx_word' id='word_1_24' title='bbox 2916 623 2964 689; x_wconf 87' lang='lat'>¹.</span> 
     </span>
    </p>

    <p class='ocr_par' dir='ltr' id='par_1_3' title="bbox 501 724 3501 1140">
     <span class='ocr_line' id='line_1_4' title="bbox 680 724 3489 818; baseline 0.005 -28"><span class='ocrx_word' id='word_1_25' title='bbox 680 724 725 805; x_wconf 72' lang='lat'>§⁴</span> <span class='ocrx_word' id='word_1_26' title='bbox 760 726 827 791; x_wconf 83' lang='lat'>4.</span> <span class='ocrx_word' id='word_1_27' title='bbox 879 726 1028 805; x_wconf 84' lang='lat' dir='ltr'>Pro</span> <span class='ocrx_word' id='word_1_28' title='bbox 1052 727 1343 795; x_wconf 83' lang='lat' dir='ltr'>clericis</span> <span class='ocrx_word' id='word_1_29' title='bbox 1377 728 1887 811; x_wconf 77' lang='lat' dir='ltr'>admittendis,</span> <span class='ocrx_word' id='word_1_30' title='bbox 1921 738 2216 814; x_wconf 83' lang='lat' dir='ltr'>praeter</span> <span class='ocrx_word' id='word_1_31' title='bbox 2251 732 2755 799; x_wconf 86' lang='lat' dir='ltr'>testimonium</span> <span class='ocrx_word' id='word_1_32' title='bbox 2788 734 3307 818; x_wconf 81' lang='lat' dir='ltr'>ordinationis,</span> <span class='ocrx_word' id='word_1_33' title='bbox 3339 741 3489 805; x_wconf 79' lang='lat' dir='ltr'>sut·</span> 
     </span>
     <span class='ocr_line' id='line_1_5' title="bbox 503 833 3500 928; baseline 0.004 -28"><span class='ocrx_word' id='word_1_34' title='bbox 503 833 766 903; x_wconf 84' lang='lat' dir='ltr'>ficiunt</span> <span class='ocrx_word' id='word_1_35' title='bbox 815 837 1112 904; x_wconf 78' lang='lat' dir='ltr'>litterae</span> <span class='ocrx_word' id='word_1_36' title='bbox 1161 837 1698 906; x_wconf 79' lang='lat' dir='ltr'>testimoniales</span> <span class='ocrx_word' id='word_1_37' title='bbox 1739 836 2306 906; x_wconf 82' lang='lat' dir='ltr'>ordinariorum</span> <span class='ocrx_word' id='word_1_38' title='bbox 2351 840 2429 906; x_wconf 93' lang='lat' dir='ltr'>in</span> <span class='ocrx_word' id='word_1_39' title='bbox 2474 858 2783 926; x_wconf 90' lang='lat' dir='ltr'>quorum</span> <span class='ocrx_word' id='word_1_40' title='bbox 2825 842 3281 912; x_wconf 86' lang='lat' dir='ltr'>dioecesibus</span> <span class='ocrx_word' id='word_1_41' title='bbox 3324 850 3500 928; x_wconf 83' lang='lat' dir='ltr'>post</span> 
     </span>
     <span class='ocr_line' id='line_1_6' title="bbox 501 944 3501 1034; baseline 0.003 -23"><span class='ocrx_word' id='word_1_42' title='bbox 501 944 1042 1013; x_wconf 82' lang='lat' dir='ltr'>ordinationem</span> <span class='ocrx_word' id='word_1_43' title='bbox 1090 946 1291 1013; x_wconf 86' lang='lat' dir='ltr'>ultra</span> <span class='ocrx_word' id='word_1_44' title='bbox 1334 964 1611 1012; x_wconf 91' lang='lat' dir='ltr'>annum</span> <span class='ocrx_word' id='word_1_45' title='bbox 1655 948 2040 1015; x_wconf 80' lang='lat' dir='ltr'>moraliter</span> <span class='ocrx_word' id='word_1_46' title='bbox 2082 949 2517 1017; x_wconf 87' lang='lat' dir='ltr'>continuum</span> <span class='ocrx_word' id='word_1_47' title='bbox 2573 951 2728 1019; x_wconf 88' lang='lat' dir='ltr'>sint</span> <span class='ocrx_word' id='word_1_48' title='bbox 2768 952 3229 1034; x_wconf 88' lang='lat' dir='ltr'>commorati,</span> <span class='ocrx_word' id='word_1_49' title='bbox 3288 953 3501 1021; x_wconf 83' lang='lat' dir='ltr'>salvo</span> 
     </span>
     <span class='ocr_line' id='line_1_7' title="bbox 502 1055 1192 1140; baseline 0.007 -20"><span class='ocrx_word' id='word_1_50' title='bbox 502 1055 964 1140; x_wconf 85' lang='lat' dir='ltr'>praescripto</span> <span class='ocrx_word' id='word_1_51' title='bbox 992 1056 1025 1138; x_wconf 68' lang='grc' dir='ltr'>ἓ</span> <span class='ocrx_word' id='word_1_52' title='bbox 1057 1058 1102 1125; x_wconf 89' lang='grc'>3</span> <span class='ocrx_word' id='word_1_53' title='bbox 1140 1056 1192 1124; x_wconf 81' lang='lat'>².</span> 
     </span>
    </p>

    <p class='ocr_par' dir='ltr' id='par_1_4' title="bbox 502 1165 3500 1366">
     <span class='ocr_line' id='line_1_8' title="bbox 681 1165 3500 1254; baseline 0.003 -23"><span class='ocrx_word' id='word_1_54' title='bbox 681 1165 713 1247; x_wconf 70' lang='grc' dir='ltr'><strong>ξ</strong></span> <span class='ocrx_word' id='word_1_55' title='bbox 762 1165 827 1231; x_wconf 87' lang='grc'>5.</span> <span class='ocrx_word' id='word_1_56' title='bbox 877 1165 1253 1252; x_wconf 86' lang='lat' dir='ltr'>Religioso</span> <span class='ocrx_word' id='word_1_57' title='bbox 1297 1167 1653 1251; x_wconf 76' lang='lat' dir='ltr'>professo,</span> <span class='ocrx_word' id='word_1_58' title='bbox 1713 1168 1808 1235; x_wconf 88' lang='lat' dir='ltr'>ad</span> <span class='ocrx_word' id='word_1_59' title='bbox 1855 1168 2081 1234; x_wconf 84' lang='lat' dir='ltr'>aliam</span> <span class='ocrx_word' id='word_1_60' title='bbox 2131 1168 2551 1251; x_wconf 81' lang='lat' dir='ltr'>religionem</span> <span class='ocrx_word' id='word_1_61' title='bbox 2601 1188 2689 1236; x_wconf 81' lang='lat' dir='ltr'>ex</span> <span class='ocrx_word' id='word_1_62' title='bbox 2735 1169 3146 1254; x_wconf 88' lang='lat' dir='ltr'>apostolico</span> <span class='ocrx_word' id='word_1_63' title='bbox 3199 1170 3500 1240; x_wconf 87' lang='lat' dir='ltr'>indulto</span> 
     </span>
     <span class='ocr_line' id='line_1_9' title="bbox 502 1278 3497 1366; baseline 0.001 -23"><span class='ocrx_word' id='word_1_64' title='bbox 502 1278 949 1360; x_wconf 79' lang='lat' dir='ltr'>transeunti,</span> <span class='ocrx_word' id='word_1_65' title='bbox 982 1280 1169 1345; x_wconf 86' lang='lat' dir='ltr'>satis</span> <span class='ocrx_word' id='word_1_66' title='bbox 1196 1283 1311 1346; x_wconf 88' lang='lat' dir='ltr'>est</span> <span class='ocrx_word' id='word_1_67' title='bbox 1345 1279 1851 1345; x_wconf 88' lang='lat' dir='ltr'>testimonium</span> <span class='ocrx_word' id='word_1_68' title='bbox 1892 1279 2313 1362; x_wconf 85' lang='lat' dir='ltr'>Superioris</span> <span class='ocrx_word' id='word_1_69' title='bbox 2357 1279 2661 1346; x_wconf 90' lang='lat' dir='ltr'>maioris</span> <span class='ocrx_word' id='word_1_70' title='bbox 2704 1280 2977 1364; x_wconf 89' lang='lat' dir='ltr'>prioris</span> <span class='ocrx_word' id='word_1_71' title='bbox 3022 1280 3403 1366; x_wconf 86' lang='lat' dir='ltr'>religionis</span> <span class='ocrx_word' id='word_1_72' title='bbox 3439 1280 3497 1347; x_wconf 81' lang='lat'>³.</span> 
     </span>
    </p>

    <p class='ocr_par' dir='ltr' id='par_1_5' title="bbox 502 1384 3498 1583">
     <span class='ocr_line' id='line_1_10' title="bbox 680 1384 3493 1473; baseline 0.002 -21"><span class='ocrx_word' id='word_1_73' title='bbox 680 1385 714 1467; x_wconf 84' lang='lat'><strong>§</strong></span> <span class='ocrx_word' id='word_1_74' title='bbox 762 1385 828 1452; x_wconf 87' lang='grc'>6.</span> <span class='ocrx_word' id='word_1_75' title='bbox 878 1384 1188 1454; x_wconf 84' lang='lat' dir='ltr'>Praeter</span> <span class='ocrx_word' id='word_1_76' title='bbox 1228 1385 1407 1453; x_wconf 87' lang='lat' dir='ltr'>haec</span> <span class='ocrx_word' id='word_1_77' title='bbox 1461 1386 1888 1455; x_wconf 84' lang='lat' dir='ltr'>testimonia</span> <span class='ocrx_word' id='word_1_78' title='bbox 1932 1406 1980 1454; x_wconf 90' lang='lat' dir='ltr'>a</span> <span class='ocrx_word' id='word_1_79' title='bbox 2021 1388 2184 1455; x_wconf 92' lang='lat' dir='ltr'>iure</span> <span class='ocrx_word' id='word_1_80' title='bbox 2229 1388 2611 1472; x_wconf 85' lang='lat' dir='ltr'>requisita,</span> <span class='ocrx_word' id='word_1_81' title='bbox 2661 1394 2972 1473; x_wconf 86' lang='lat' dir='ltr'>possunt</span> <span class='ocrx_word' id='word_1_82' title='bbox 3031 1389 3493 1472; x_wconf 83' lang='lat' dir='ltr'>Superiores,</span> 
     </span>
     <span class='ocr_line' id='line_1_11' title="bbox 502 1494 3498 1583; baseline 0.002 -23"><span class='ocrx_word' id='word_1_83' title='bbox 502 1494 768 1578; x_wconf 83' lang='lat' dir='ltr'>quibus</span> <span class='ocrx_word' id='word_1_84' title='bbox 802 1496 921 1562; x_wconf 91' lang='lat' dir='ltr'>ius</span> <span class='ocrx_word' id='word_1_85' title='bbox 955 1500 1070 1563; x_wconf 89' lang='lat' dir='ltr'>est</span> <span class='ocrx_word' id='word_1_86' title='bbox 1101 1495 1573 1579; x_wconf 83' lang='lat' dir='ltr'>adspirantes</span> <span class='ocrx_word' id='word_1_87' title='bbox 1607 1495 1685 1561; x_wconf 90' lang='lat' dir='ltr'>in</span> <span class='ocrx_word' id='word_1_88' title='bbox 1723 1496 2149 1578; x_wconf 85' lang='lat' dir='ltr'>religionem</span> <span class='ocrx_word' id='word_1_89' title='bbox 2182 1495 2606 1580; x_wconf 90' lang='lat' dir='ltr'>cooptandi,</span> <span class='ocrx_word' id='word_1_90' title='bbox 2652 1497 2804 1563; x_wconf 86' lang='lat' dir='ltr'>alia</span> <span class='ocrx_word' id='word_1_91' title='bbox 2849 1515 3134 1581; x_wconf 90' lang='lat' dir='ltr'>quoque</span> <span class='ocrx_word' id='word_1_92' title='bbox 3176 1498 3498 1583; x_wconf 84' lang='lat' dir='ltr'>exigere,</span> 
     </span>
    </p>

    <p class='ocr_par' dir='ltr' id='par_1_6' title="bbox 462 1603 3498 1910">
     <span class='ocr_line' id='line_1_12' title="bbox 504 1603 3056 1689; baseline 0.001 -20"><span class='ocrx_word' id='word_1_93' title='bbox 504 1621 690 1688; x_wconf 89' lang='lat' dir='ltr'>quae</span> <span class='ocrx_word' id='word_1_94' title='bbox 723 1604 907 1687; x_wconf 90' lang='lat' dir='ltr'>ipsis</span> <span class='ocrx_word' id='word_1_95' title='bbox 937 1604 1033 1671; x_wconf 91' lang='lat' dir='ltr'>ad</span> <span class='ocrx_word' id='word_1_96' title='bbox 1068 1604 1264 1670; x_wconf 89' lang='lat' dir='ltr'>bunc</span> <span class='ocrx_word' id='word_1_97' title='bbox 1301 1603 1512 1670; x_wconf 83' lang='lat' dir='ltr'>finem</span> <span class='ocrx_word' id='word_1_98' title='bbox 1556 1605 1973 1671; x_wconf 85' lang='lat' dir='ltr'>necessaria</span> <span class='ocrx_word' id='word_1_99' title='bbox 2003 1608 2139 1670; x_wconf 89' lang='lat' dir='ltr'>aut</span> <span class='ocrx_word' id='word_1_100' title='bbox 2178 1608 2598 1689; x_wconf 87' lang='lat' dir='ltr'>opportuna</span> <span class='ocrx_word' id='word_1_101' title='bbox 2637 1605 3056 1674; x_wconf 86' lang='lat' dir='ltr'>videantur.</span> 
     </span>
     <span class='ocr_line' id='line_1_13' title="bbox 462 1702 3498 1798; baseline 0.002 -19"><span class='ocrx_word' id='word_1_102' title='bbox 462 1702 480 1725; x_wconf 67' lang='lat'>²</span> <span class='ocrx_word' id='word_1_103' title='bbox 681 1714 715 1796; x_wconf 68' lang='grc' dir='ltr'>ξ</span> <span class='ocrx_word' id='word_1_104' title='bbox 760 1713 827 1780; x_wconf 82' lang='grc'>7.</span> <span class='ocrx_word' id='word_1_105' title='bbox 881 1714 1231 1781; x_wconf 83' lang='lat' dir='ltr'>Mulieres</span> <span class='ocrx_word' id='word_1_106' title='bbox 1260 1714 1577 1798; x_wconf 86' lang='lat' dir='ltr'>denique</span> <span class='ocrx_word' id='word_1_107' title='bbox 1606 1732 1698 1782; x_wconf 90' lang='lat' dir='ltr'>ne</span> <span class='ocrx_word' id='word_1_108' title='bbox 1729 1714 2213 1798; x_wconf 83' lang='lat' dir='ltr'>recipiantur,</span> <span class='ocrx_word' id='word_1_109' title='bbox 2249 1715 2394 1781; x_wconf 90' lang='lat' dir='ltr'>nisi</span> <span class='ocrx_word' id='word_1_110' title='bbox 2430 1716 2856 1798; x_wconf 81' lang='lat' dir='ltr'>praemissis</span> <span class='ocrx_word' id='word_1_111' title='bbox 2887 1717 3258 1783; x_wconf 86' lang='lat' dir='ltr'>accuratis</span> <span class='ocrx_word' id='word_1_112' title='bbox 3297 1716 3498 1784; x_wconf 81' lang='lat' dir='ltr'>inve·</span> 
     </span>
     <span class='ocr_line' id='line_1_14' title="bbox 499 1824 3269 1910; baseline -0 -19"><span class='ocrx_word' id='word_1_113' title='bbox 499 1824 1027 1910; x_wconf 85' lang='lat' dir='ltr'>stigationibus</span> <span class='ocrx_word' id='word_1_114' title='bbox 1067 1824 1265 1891; x_wconf 85' lang='lat' dir='ltr'>circa</span> <span class='ocrx_word' id='word_1_115' title='bbox 1309 1842 1562 1891; x_wconf 87' lang='lat' dir='ltr'>earum</span> <span class='ocrx_word' id='word_1_116' title='bbox 1598 1824 1917 1892; x_wconf 84' lang='lat' dir='ltr'>indolem</span> <span class='ocrx_word' id='word_1_117' title='bbox 1963 1829 2038 1892; x_wconf 92' lang='lat' dir='ltr'>et</span> <span class='ocrx_word' id='word_1_118' title='bbox 2075 1843 2337 1904; x_wconf 87' lang='lat' dir='ltr'>mores,</span> <span class='ocrx_word' id='word_1_119' title='bbox 2379 1824 2590 1891; x_wconf 85' lang='lat' dir='ltr'>firmo</span> <span class='ocrx_word' id='word_1_120' title='bbox 2624 1825 3084 1908; x_wconf 86' lang='lat' dir='ltr'>praescripto</span> <span class='ocrx_word' id='word_1_121' title='bbox 3123 1825 3157 1906; x_wconf 69' lang='grc' dir='ltr'><strong>ξ</strong></span> <span class='ocrx_word' id='word_1_122' title='bbox 3202 1826 3269 1891; x_wconf 89' lang='grc'>3.</span> 
     </span>
    </p>
   </div>
   <div class='ocr_carea' id='block_1_3' title="bbox 1797 2065 2171 2134">
    <p class='ocr_par' dir='ltr' id='par_1_7' title="bbox 1797 2065 2171 2134">
     <span class='ocr_line' id='line_1_15' title="bbox 1797 2065 2171 2134; baseline -0.005 0"><span class='ocrx_word' id='word_1_123' title='bbox 1797 2065 1976 2134; x_wconf 72' lang='lat' dir='ltr'>CAN.</span> <span class='ocrx_word' id='word_1_124' title='bbox 2018 2065 2171 2133; x_wconf 83' lang='lat'><strong>545.</strong></span> 
     </span>
    </p>
   </div>
   <div class='ocr_carea' id='block_1_4' title="bbox 494 2224 3504 4306">
    <p class='ocr_par' dir='ltr' id='par_1_8' title="bbox 497 2224 3504 2752">
     <span class='ocr_line' id='line_1_16' title="bbox 683 2224 3504 2309; baseline 0.001 -17"><span class='ocrx_word' id='word_1_125' title='bbox 683 2228 716 2307; x_wconf 67' lang='grc' dir='ltr'><strong>ξ</strong></span> <span class='ocrx_word' id='word_1_126' title='bbox 764 2229 829 2292; x_wconf 88' lang='grc'><strong>1.</strong></span> <span class='ocrx_word' id='word_1_127' title='bbox 879 2224 1027 2305; x_wconf 83' lang='lat' dir='ltr'>Qui</span> <span class='ocrx_word' id='word_1_128' title='bbox 1062 2226 1358 2293; x_wconf 81' lang='lat' dir='ltr'>litteras</span> <span class='ocrx_word' id='word_1_129' title='bbox 1391 2225 1926 2293; x_wconf 78' lang='lat' dir='ltr'>testimoniales</span> <span class='ocrx_word' id='word_1_130' title='bbox 1959 2244 2047 2293; x_wconf 83' lang='lat' dir='ltr'>ex</span> <span class='ocrx_word' id='word_1_131' title='bbox 2085 2225 2547 2309; x_wconf 88' lang='lat' dir='ltr'>praescripto</span> <span class='ocrx_word' id='word_1_132' title='bbox 2587 2224 2776 2292; x_wconf 87' lang='lat' dir='ltr'>iuris</span> <span class='ocrx_word' id='word_1_133' title='bbox 2809 2225 2987 2293; x_wconf 88' lang='lat' dir='ltr'>dare</span> <span class='ocrx_word' id='word_1_134' title='bbox 3030 2224 3321 2309; x_wconf 89' lang='lat' dir='ltr'>debent,</span> <span class='ocrx_word' id='word_1_135' title='bbox 3369 2245 3504 2294; x_wconf 85' lang='lat' dir='ltr'>eas</span> 
     </span>
     <span class='ocr_line' id='line_1_17' title="bbox 503 2335 3498 2422; baseline 0.001 -19"><span class='ocrx_word' id='word_1_136' title='bbox 503 2356 648 2406; x_wconf 91' lang='lat' dir='ltr'>non</span> <span class='ocrx_word' id='word_1_137' title='bbox 695 2338 881 2422; x_wconf 88' lang='lat' dir='ltr'>ipsis</span> <span class='ocrx_word' id='word_1_138' title='bbox 918 2337 1504 2421; x_wconf 83' lang='lat' dir='ltr'>adspirantibus,</span> <span class='ocrx_word' id='word_1_139' title='bbox 1548 2336 1672 2404; x_wconf 90' lang='lat' dir='ltr'>sed</span> <span class='ocrx_word' id='word_1_140' title='bbox 1717 2336 2241 2422; x_wconf 82' lang='lat' dir='ltr'>Superioribus</span> <span class='ocrx_word' id='word_1_141' title='bbox 2282 2335 2647 2419; x_wconf 85' lang='lat' dir='ltr'>religiosis</span> <span class='ocrx_word' id='word_1_142' title='bbox 2687 2336 2868 2403; x_wconf 88' lang='lat' dir='ltr'>dent</span> <span class='ocrx_word' id='word_1_143' title='bbox 2907 2337 3240 2420; x_wconf 87' lang='lat' dir='ltr'>gratuito</span> <span class='ocrx_word' id='word_1_144' title='bbox 3289 2337 3498 2405; x_wconf 87' lang='lat' dir='ltr'>intra</span> 
     </span>
     <span class='ocr_line' id='line_1_18' title="bbox 504 2445 3501 2539; baseline -0 -23"><span class='ocrx_word' id='word_1_145' title='bbox 504 2448 875 2516; x_wconf 86' lang='lat' dir='ltr'>trimestre</span> <span class='ocrx_word' id='word_1_146' title='bbox 916 2449 1240 2533; x_wconf 89' lang='lat' dir='ltr'>spatium</span> <span class='ocrx_word' id='word_1_147' title='bbox 1272 2448 1367 2514; x_wconf 87' lang='lat' dir='ltr'>ab</span> <span class='ocrx_word' id='word_1_148' title='bbox 1407 2466 1660 2514; x_wconf 84' lang='lat' dir='ltr'>earum</span> <span class='ocrx_word' id='word_1_149' title='bbox 1700 2447 2204 2534; x_wconf 86' lang='lat' dir='ltr'>requisitione,</span> <span class='ocrx_word' id='word_1_150' title='bbox 2242 2446 2491 2539; x_wconf 80' lang='lat' dir='ltr'>sigillo</span> <span class='ocrx_word' id='word_1_151' title='bbox 2520 2446 2814 2512; x_wconf 88' lang='lat' dir='ltr'>clausas</span> <span class='ocrx_word' id='word_1_152' title='bbox 2850 2451 2949 2527; x_wconf 89' lang='lat' dir='ltr'>et,</span> <span class='ocrx_word' id='word_1_153' title='bbox 2996 2445 3060 2512; x_wconf 91' lang='lat' dir='ltr'>si</span> <span class='ocrx_word' id='word_1_154' title='bbox 3096 2450 3366 2529; x_wconf 86' lang='lat' dir='ltr'>agatur</span> <span class='ocrx_word' id='word_1_155' title='bbox 3401 2447 3501 2515; x_wconf 90' lang='lat' dir='ltr'>de</span> 
     </span>
     <span class='ocr_line' id='line_1_19' title="bbox 498 2554 3494 2645; baseline -0.001 -19"><span class='ocrx_word' id='word_1_156' title='bbox 498 2559 653 2627; x_wconf 91' lang='lat' dir='ltr'>illis</span> <span class='ocrx_word' id='word_1_157' title='bbox 683 2560 913 2645; x_wconf 90' lang='lat' dir='ltr'>quiin</span> <span class='ocrx_word' id='word_1_158' title='bbox 946 2558 1385 2634; x_wconf 83' lang='lat' dir='ltr'>Seminari0‚</span> <span class='ocrx_word' id='word_1_159' title='bbox 1413 2554 1726 2643; x_wconf 90' lang='lat' dir='ltr'>collegio</span> <span class='ocrx_word' id='word_1_160' title='bbox 1752 2558 1868 2626; x_wconf 87' lang='lat' dir='ltr'>vel</span> <span class='ocrx_word' id='word_1_161' title='bbox 1899 2557 2094 2624; x_wconf 91' lang='lat' dir='ltr'>alius</span> <span class='ocrx_word' id='word_1_162' title='bbox 2125 2556 2505 2639; x_wconf 87' lang='lat' dir='ltr'>religionis</span> <span class='ocrx_word' id='word_1_163' title='bbox 2533 2557 2916 2640; x_wconf 88' lang='lat' dir='ltr'>postulatu</span> <span class='ocrx_word' id='word_1_164' title='bbox 2954 2559 3089 2623; x_wconf 91' lang='lat' dir='ltr'>aut</span> <span class='ocrx_word' id='word_1_165' title='bbox 3122 2555 3494 2623; x_wconf 83' lang='lat' dir='ltr'>novitiatu</span> 
     </span>
     <span class='ocr_line' id='line_1_20' title="bbox 497 2665 2233 2752; baseline -0.003 -15"><span class='ocrx_word' id='word_1_166' title='bbox 497 2672 807 2752; x_wconf 85' lang='lat' dir='ltr'>fuerint,</span> <span class='ocrx_word' id='word_1_167' title='bbox 851 2689 895 2735; x_wconf 92' lang='lat' dir='ltr'>a</span> <span class='ocrx_word' id='word_1_168' title='bbox 930 2669 1325 2752; x_wconf 88' lang='lat' dir='ltr'>Superiore</span> <span class='ocrx_word' id='word_1_169' title='bbox 1358 2670 1776 2735; x_wconf 87' lang='lat' dir='ltr'>iura-mento</span> <span class='ocrx_word' id='word_1_170' title='bbox 1809 2667 2145 2732; x_wconf 86' lang='lat' dir='ltr'>firmatas</span> <span class='ocrx_word' id='word_1_171' title='bbox 2181 2665 2233 2730; x_wconf 80' lang='lat'>⁴.</span> 
     </span>
    </p>

    <p class='ocr_par' dir='ltr' id='par_1_9' title="bbox 495 2773 3496 2974">
     <span class='ocr_line' id='line_1_21' title="bbox 677 2773 3496 2860; baseline -0.002 -17"><span class='ocrx_word' id='word_1_172' title='bbox 677 2780 711 2860; x_wconf 69' lang='grc' dir='ltr'><strong>ξ</strong></span> <span class='ocrx_word' id='word_1_173' title='bbox 757 2778 824 2844; x_wconf 90' lang='grc'>2.</span> <span class='ocrx_word' id='word_1_174' title='bbox 878 2777 960 2845; x_wconf 88' lang='lat' dir='ltr'>Si</span> <span class='ocrx_word' id='word_1_175' title='bbox 996 2779 1086 2845; x_wconf 92' lang='lat' dir='ltr'>ob</span> <span class='ocrx_word' id='word_1_176' title='bbox 1125 2795 1384 2860; x_wconf 83' lang='lat' dir='ltr'>graves</span> <span class='ocrx_word' id='word_1_177' title='bbox 1430 2778 1756 2843; x_wconf 89' lang='lat' dir='ltr'>rationes</span> <span class='ocrx_word' id='word_1_178' title='bbox 1790 2775 2286 2842; x_wconf 86' lang='lat' dir='ltr'>iudicaverint</span> <span class='ocrx_word' id='word_1_179' title='bbox 2322 2792 2400 2841; x_wconf 88' lang='lat' dir='ltr'>se</span> <span class='ocrx_word' id='word_1_180' title='bbox 2434 2774 2541 2840; x_wconf 91' lang='lat' dir='ltr'>eis</span> <span class='ocrx_word' id='word_1_181' title='bbox 2578 2773 3017 2856; x_wconf 90' lang='lat' dir='ltr'>respondere</span> <span class='ocrx_word' id='word_1_182' title='bbox 3064 2790 3209 2838; x_wconf 91' lang='lat' dir='ltr'>non</span> <span class='ocrx_word' id='word_1_183' title='bbox 3251 2789 3496 2854; x_wconf 87' lang='lat' dir='ltr'>posse,</span> 
     </span>
     <span class='ocr_line' id='line_1_22' title="bbox 495 2884 2680 2974; baseline -0.004 -17"><span class='ocrx_word' id='word_1_184' title='bbox 495 2907 762 2957; x_wconf 87' lang='lat' dir='ltr'>causas</span> <span class='ocrx_word' id='word_1_185' title='bbox 786 2888 1259 2974; x_wconf 88' lang='lat' dir='ltr'>Apostolieae</span> <span class='ocrx_word' id='word_1_186' title='bbox 1299 2887 1471 2955; x_wconf 84' lang='lat' dir='ltr'>Sedi</span> <span class='ocrx_word' id='word_1_187' title='bbox 1500 2886 1702 2954; x_wconf 87' lang='lat' dir='ltr'>intra</span> <span class='ocrx_word' id='word_1_188' title='bbox 1740 2884 1932 2953; x_wconf 90' lang='lat' dir='ltr'>idem</span> <span class='ocrx_word' id='word_1_189' title='bbox 1965 2889 2255 2968; x_wconf 89' lang='lat' dir='ltr'>tempus</span> <span class='ocrx_word' id='word_1_190' title='bbox 2283 2887 2680 2968; x_wconf 81' lang='lat' dir='ltr'>exponant.</span> 
     </span>
    </p>

    <p class='ocr_par' dir='ltr' id='par_1_10' title="bbox 497 2990 3502 3420">
     <span class='ocr_line' id='line_1_23' title="bbox 679 2990 3502 3083; baseline -0.004 -16"><span class='ocrx_word' id='word_1_191' title='bbox 679 3000 713 3082; x_wconf 68' lang='grc' dir='ltr'><strong>ξ</strong></span> <span class='ocrx_word' id='word_1_192' title='bbox 759 3000 827 3067; x_wconf 89' lang='grc'>3.</span> <span class='ocrx_word' id='word_1_193' title='bbox 879 3000 963 3067; x_wconf 93' lang='lat' dir='ltr'>Si</span> <span class='ocrx_word' id='word_1_194' title='bbox 1009 2997 1474 3083; x_wconf 90' lang='lat' dir='ltr'>reposuerint</span> <span class='ocrx_word' id='word_1_195' title='bbox 1518 2996 2024 3080; x_wconf 89' lang='lat' dir='ltr'>adspirantem</span> <span class='ocrx_word' id='word_1_196' title='bbox 2071 2993 2257 3060; x_wconf 88' lang='lat' dir='ltr'>satis</span> <span class='ocrx_word' id='word_1_197' title='bbox 2302 3011 2451 3059; x_wconf 90' lang='lat' dir='ltr'>non</span> <span class='ocrx_word' id='word_1_198' title='bbox 2504 3010 2661 3059; x_wconf 89' lang='lat' dir='ltr'>esse</span> <span class='ocrx_word' id='word_1_199' title='bbox 2709 2990 2849 3057; x_wconf 89' lang='lat' dir='ltr'>sibi</span> <span class='ocrx_word' id='word_1_200' title='bbox 2894 2991 3298 3075; x_wconf 89' lang='lat' dir='ltr'>cognitum,</span> <span class='ocrx_word' id='word_1_201' title='bbox 3359 3008 3502 3074; x_wconf 87' lang='lat' dir='ltr'>per</span> 
     </span>
     <span class='ocr_line' id='line_1_24' title="bbox 497 3101 3502 3194; baseline -0.004 -14"><span class='ocrx_word' id='word_1_202' title='bbox 497 3112 725 3180; x_wconf 85' lang='lat' dir='ltr'>aliam</span> <span class='ocrx_word' id='word_1_203' title='bbox 775 3115 1200 3178; x_wconf 85' lang='lat' dir='ltr'>accuratam</span> <span class='ocrx_word' id='word_1_204' title='bbox 1252 3108 1894 3194; x_wconf 87' lang='lat' dir='ltr'>investigationem</span> <span class='ocrx_word' id='word_1_205' title='bbox 1946 3125 2034 3173; x_wconf 89' lang='lat' dir='ltr'>ac</span> <span class='ocrx_word' id='word_1_206' title='bbox 2096 3106 2238 3172; x_wconf 86' lang='lat' dir='ltr'>fide</span> <span class='ocrx_word' id='word_1_207' title='bbox 2285 3105 2583 3189; x_wconf 88' lang='lat' dir='ltr'>dignam</span> <span class='ocrx_word' id='word_1_208' title='bbox 2651 3101 3081 3170; x_wconf 88' lang='lat' dir='ltr'>relationem</span> <span class='ocrx_word' id='word_1_209' title='bbox 3135 3101 3502 3185; x_wconf 87' lang='lat' dir='ltr'>Superior</span> 
     </span>
     <span class='ocr_line' id='line_1_25' title="bbox 501 3213 3499 3309; baseline -0.004 -17"><span class='ocrx_word' id='word_1_210' title='bbox 501 3224 890 3309; x_wconf 90' lang='lat' dir='ltr'>religiosus</span> <span class='ocrx_word' id='word_1_211' title='bbox 942 3223 1309 3307; x_wconf 85' lang='lat' dir='ltr'>suppleat3</span> <span class='ocrx_word' id='word_1_212' title='bbox 1352 3221 1417 3287; x_wconf 92' lang='lat' dir='ltr'>si</span> <span class='ocrx_word' id='word_1_213' title='bbox 1462 3239 1637 3288; x_wconf 85' lang='lat' dir='ltr'>vero</span> <span class='ocrx_word' id='word_1_214' title='bbox 1690 3219 1798 3286; x_wconf 91' lang='lat' dir='ltr'>nil</span> <span class='ocrx_word' id='word_1_215' title='bbox 1843 3218 2334 3302; x_wconf 85' lang='lat' dir='ltr'>reposuerint,</span> <span class='ocrx_word' id='word_1_216' title='bbox 2383 3214 2738 3299; x_wconf 85' lang='lat' dir='ltr'>Superior</span> <span class='ocrx_word' id='word_1_217' title='bbox 2785 3213 3166 3296; x_wconf 90' lang='lat' dir='ltr'>requirens</span> <span class='ocrx_word' id='word_1_218' title='bbox 3206 3213 3298 3279; x_wconf 92' lang='lat' dir='ltr'>de</span> <span class='ocrx_word' id='word_1_219' title='bbox 3342 3231 3499 3280; x_wconf 89' lang='lat' dir='ltr'>non</span> 
     </span>
     <span class='ocr_line' id='line_1_26' title="bbox 507 3323 2811 3420; baseline -0.006 -17"><span class='ocrx_word' id='word_1_220' title='bbox 507 3339 799 3420; x_wconf 87' lang='lat' dir='ltr'>recepta</span> <span class='ocrx_word' id='word_1_221' title='bbox 844 3334 1317 3418; x_wconf 88' lang='lat' dir='ltr'>responsione</span> <span class='ocrx_word' id='word_1_222' title='bbox 1354 3331 1704 3400; x_wconf 89' lang='lat' dir='ltr'>Sanctam</span> <span class='ocrx_word' id='word_1_223' title='bbox 1754 3329 2014 3398; x_wconf 89' lang='lat' dir='ltr'>Sedem</span> <span class='ocrx_word' id='word_1_224' title='bbox 2051 3328 2439 3396; x_wconf 90' lang='lat' dir='ltr'>certiorem</span> <span class='ocrx_word' id='word_1_225' title='bbox 2480 3325 2741 3392; x_wconf 89' lang='lat' dir='ltr'>reddat</span> <span class='ocrx_word' id='word_1_226' title='bbox 2759 3323 2811 3389; x_wconf 66' lang='lat'>³.</span> 
     </span>
    </p>

    <p class='ocr_par' dir='ltr' id='par_1_11' title="bbox 494 3431 3502 4306">
     <span class='ocr_line' id='line_1_27' title="bbox 675 3431 3494 3528; baseline -0.004 -18"><span class='ocrx_word' id='word_1_227' title='bbox 675 3446 708 3528; x_wconf 68' lang='grc' dir='ltr'><strong>ξ</strong></span> <span class='ocrx_word' id='word_1_228' title='bbox 755 3446 821 3510; x_wconf 81' lang='grc'>4.</span> <span class='ocrx_word' id='word_1_229' title='bbox 873 3445 964 3510; x_wconf 89' lang='lat' dir='ltr'>In</span> <span class='ocrx_word' id='word_1_230' title='bbox 1000 3443 1157 3509; x_wconf 88' lang='lat' dir='ltr'>suis</span> <span class='ocrx_word' id='word_1_231' title='bbox 1192 3441 1470 3510; x_wconf 82' lang='lat' dir='ltr'>litteris</span> <span class='ocrx_word' id='word_1_232' title='bbox 1505 3437 2154 3519; x_wconf 85' lang='lat' dir='ltr'>testimonialibus,</span> <span class='ocrx_word' id='word_1_233' title='bbox 2194 3440 2583 3520; x_wconf 88' lang='lat' dir='ltr'>postquam</span> <span class='ocrx_word' id='word_1_234' title='bbox 2629 3433 3054 3517; x_wconf 86' lang='lat' dir='ltr'>diligentem</span> <span class='ocrx_word' id='word_1_235' title='bbox 3097 3431 3494 3515; x_wconf 85' lang='lat' dir='ltr'>investiga-</span> 
     </span>
     <span class='ocr_line' id='line_1_28' title="bbox 498 3535 3502 3640; baseline -0.006 -13"><span class='ocrx_word' id='word_1_236' title='bbox 498 3559 798 3640; x_wconf 90' lang='lat' dir='ltr'>tionem,</span> <span class='ocrx_word' id='word_1_237' title='bbox 833 3557 1058 3623; x_wconf 90' lang='lat' dir='ltr'>etiam</span> <span class='ocrx_word' id='word_1_238' title='bbox 1098 3573 1231 3637; x_wconf 90' lang='lat' dir='ltr'>per</span> <span class='ocrx_word' id='word_1_239' title='bbox 1261 3557 1581 3620; x_wconf 85' lang='lat' dir='ltr'>secretas</span> <span class='ocrx_word' id='word_1_240' title='bbox 1614 3550 1950 3632; x_wconf 86' lang='lat' dir='ltr'>notitias,</span> <span class='ocrx_word' id='word_1_241' title='bbox 1985 3547 2482 3630; x_wconf 89' lang='lat' dir='ltr'>instituerint,</span> <span class='ocrx_word' id='word_1_242' title='bbox 2521 3535 2796 3613; x_wconf 78' lang='lat' dir='ltr'>referre</span> <span class='ocrx_word' id='word_1_243' title='bbox 2836 3543 3128 3624; x_wconf 88' lang='lat' dir='ltr'>debent,</span> <span class='ocrx_word' id='word_1_244' title='bbox 3162 3543 3502 3626; x_wconf 85' lang='lat' dir='ltr'>graviter</span> 
     </span>
     <span class='ocr_line' id='line_1_29' title="bbox 496 3651 3499 3747; baseline -0.007 -9"><span class='ocrx_word' id='word_1_245' title='bbox 496 3689 747 3737; x_wconf 89' lang='lat' dir='ltr'>eornm</span> <span class='ocrx_word' id='word_1_246' title='bbox 805 3666 1259 3735; x_wconf 87' lang='lat' dir='ltr'>conscientia</span> <span class='ocrx_word' id='word_1_247' title='bbox 1310 3667 1618 3732; x_wconf 87' lang='lat' dir='ltr'>onerata</span> <span class='ocrx_word' id='word_1_248' title='bbox 1677 3681 1901 3747; x_wconf 90' lang='lat' dir='ltr'>super</span> <span class='ocrx_word' id='word_1_249' title='bbox 1947 3661 2264 3728; x_wconf 85' lang='lat' dir='ltr'>veritate</span> <span class='ocrx_word' id='word_1_250' title='bbox 2310 3657 2836 3742; x_wconf 85' lang='lat' dir='ltr'>expositorum,</span> <span class='ocrx_word' id='word_1_251' title='bbox 2889 3655 2979 3721; x_wconf 93' lang='lat' dir='ltr'>de</span> <span class='ocrx_word' id='word_1_252' title='bbox 3029 3651 3499 3735; x_wconf 89' lang='lat' dir='ltr'>adspirantis</span> 
     </span>
     <span class='ocr_line' id='line_1_30' title="bbox 496 3764 3489 3861; baseline -0.006 -15"><span class='ocrx_word' id='word_1_253' title='bbox 496 3781 896 3861; x_wconf 89' lang='lat' dir='ltr'>natalibus,</span> <span class='ocrx_word' id='word_1_254' title='bbox 931 3778 1283 3860; x_wconf 89' lang='lat' dir='ltr'>moribus,</span> <span class='ocrx_word' id='word_1_255' title='bbox 1323 3776 1645 3860; x_wconf 84' lang='lat' dir='ltr'>ingenio,</span> <span class='ocrx_word' id='word_1_256' title='bbox 1678 3774 1862 3855; x_wconf 86' lang='lat' dir='ltr'>vita,</span> <span class='ocrx_word' id='word_1_257' title='bbox 1897 3774 2124 3855; x_wconf 89' lang='lat' dir='ltr'>fama,</span> <span class='ocrx_word' id='word_1_258' title='bbox 2157 3769 2603 3849; x_wconf 86' lang='lat' dir='ltr'>conditione,</span> <span class='ocrx_word' id='word_1_259' title='bbox 2642 3767 2973 3850; x_wconf 86' lang='lat' dir='ltr'>scientia;</span> <span class='ocrx_word' id='word_1_260' title='bbox 3016 3765 3209 3832; x_wconf 88' lang='lat' dir='ltr'>sitne</span> <span class='ocrx_word' id='word_1_261' title='bbox 3248 3764 3489 3849; x_wconf 90' lang='lat' dir='ltr'>inqui·</span> 
     </span>
     <span class='ocr_line' id='line_1_31' title="bbox 495 3877 3487 3976; baseline -0.006 -15"><span class='ocrx_word' id='word_1_262' title='bbox 495 3894 711 3974; x_wconf 89' lang='lat' dir='ltr'>situs,</span> <span class='ocrx_word' id='word_1_263' title='bbox 746 3892 999 3976; x_wconf 83' lang='lat' dir='ltr'>aliqua</span> <span class='ocrx_word' id='word_1_264' title='bbox 1030 3907 1369 3971; x_wconf 66' lang='lat' dir='ltr'>censura,</span> <span class='ocrx_word' id='word_1_265' title='bbox 1405 3886 1965 3970; x_wconf 86' lang='lat' dir='ltr'>irregularitate</span> <span class='ocrx_word' id='word_1_266' title='bbox 1994 3890 2129 3953; x_wconf 90' lang='lat' dir='ltr'>aut</span> <span class='ocrx_word' id='word_1_267' title='bbox 2171 3883 2322 3950; x_wconf 88' lang='lat' dir='ltr'>alio</span> <span class='ocrx_word' id='word_1_268' title='bbox 2355 3880 2709 3948; x_wconf 86' lang='lat' dir='ltr'>canonico</span> <span class='ocrx_word' id='word_1_269' title='bbox 2753 3877 3276 3961; x_wconf 88' lang='lat' dir='ltr'>impedimento</span> <span class='ocrx_word' id='word_1_270' title='bbox 3310 3878 3487 3942; x_wconf 89' lang='lat' dir='ltr'>irre·</span> 
     </span>
     <span class='ocr_line' id='line_1_32' title="bbox 495 3984 3496 4087; baseline -0.007 -14"><span class='ocrx_word' id='word_1_271' title='bbox 495 4005 707 4085; x_wconf 88' lang='lat' dir='ltr'>titus,</span> <span class='ocrx_word' id='word_1_272' title='bbox 752 4022 925 4069; x_wconf 91' lang='lat' dir='ltr'>num</span> <span class='ocrx_word' id='word_1_273' title='bbox 958 3999 1263 4087; x_wconf 86' lang='lat' dir='ltr'>propria</span> <span class='ocrx_word' id='word_1_274' title='bbox 1292 3997 1580 4065; x_wconf 84' lang='lat' dir='ltr'>familia</span> <span class='ocrx_word' id='word_1_275' title='bbox 1613 3998 1773 4066; x_wconf 90' lang='lat' dir='ltr'>eius</span> <span class='ocrx_word' id='word_1_276' title='bbox 1806 3995 2091 4063; x_wconf 85' lang='lat' dir='ltr'>auxilio</span> <span class='ocrx_word' id='word_1_277' title='bbox 2122 3993 2478 4077; x_wconf 90' lang='lat' dir='ltr'>indigeat,</span> <span class='ocrx_word' id='word_1_278' title='bbox 2515 3996 2589 4058; x_wconf 90' lang='lat' dir='ltr'>et</span> <span class='ocrx_word' id='word_1_279' title='bbox 2628 3989 2953 4069; x_wconf 84' lang='lat' dir='ltr'>tandem,</span> <span class='ocrx_word' id='word_1_280' title='bbox 2998 3987 3062 4052; x_wconf 91' lang='lat' dir='ltr'>si</span> <span class='ocrx_word' id='word_1_281' title='bbox 3095 3988 3371 4069; x_wconf 87' lang='lat' dir='ltr'>agatur</span> <span class='ocrx_word' id='word_1_282' title='bbox 3400 3984 3496 4052; x_wconf 89' lang='lat' dir='ltr'>de</span> 
     </span>
     <span class='ocr_line' id='line_1_33' title="bbox 494 4094 3489 4199; baseline -0.008 -16"><span class='ocrx_word' id='word_1_283' title='bbox 494 4115 650 4184; x_wconf 90' lang='lat' dir='ltr'>illis</span> <span class='ocrx_word' id='word_1_284' title='bbox 700 4115 827 4199; x_wconf 88' lang='lat' dir='ltr'>qui</span> <span class='ocrx_word' id='word_1_285' title='bbox 866 4114 943 4179; x_wconf 92' lang='lat' dir='ltr'>in</span> <span class='ocrx_word' id='word_1_286' title='bbox 988 4110 1425 4188; x_wconf 89' lang='lat' dir='ltr'>Seminari0‚</span> <span class='ocrx_word' id='word_1_287' title='bbox 1471 4108 1803 4191; x_wconf 88' lang='lat' dir='ltr'>collegio,</span> <span class='ocrx_word' id='word_1_288' title='bbox 1849 4112 1985 4175; x_wconf 89' lang='lat' dir='ltr'>aut</span> <span class='ocrx_word' id='word_1_289' title='bbox 2025 4105 2221 4173; x_wconf 91' lang='lat' dir='ltr'>alius</span> <span class='ocrx_word' id='word_1_290' title='bbox 2264 4101 2642 4186; x_wconf 85' lang='lat' dir='ltr'>religionis</span> <span class='ocrx_word' id='word_1_291' title='bbox 2683 4098 3067 4184; x_wconf 89' lang='lat' dir='ltr'>postulatu</span> <span class='ocrx_word' id='word_1_292' title='bbox 3109 4100 3242 4163; x_wconf 90' lang='lat' dir='ltr'>aut</span> <span class='ocrx_word' id='word_1_293' title='bbox 3290 4094 3489 4162; x_wconf 82' lang='lat' dir='ltr'>novi-</span> 
     </span>
     <span class='ocr_line' id='line_1_34' title="bbox 495 4204 3347 4306; baseline -0.009 -11"><span class='ocrx_word' id='word_1_294' title='bbox 495 4227 692 4295; x_wconf 87' lang='lat' dir='ltr'>tiatu</span> <span class='ocrx_word' id='word_1_295' title='bbox 726 4224 1035 4305; x_wconf 84' lang='lat' dir='ltr'>fuerint,</span> <span class='ocrx_word' id='word_1_296' title='bbox 1081 4239 1398 4306; x_wconf 83' lang='lat' dir='ltr'>quanam</span> <span class='ocrx_word' id='word_1_297' title='bbox 1431 4221 1523 4288; x_wconf 90' lang='lat' dir='ltr'>de</span> <span class='ocrx_word' id='word_1_298' title='bbox 1554 4238 1780 4287; x_wconf 88' lang='lat' dir='ltr'>causa</span> <span class='ocrx_word' id='word_1_299' title='bbox 1813 4216 2099 4286; x_wconf 89' lang='lat' dir='ltr'>dimissi</span> <span class='ocrx_word' id='word_1_300' title='bbox 2144 4216 2298 4283; x_wconf 89' lang='lat' dir='ltr'>sint</span> <span class='ocrx_word' id='word_1_301' title='bbox 2337 4213 2452 4281; x_wconf 82' lang='lat' dir='ltr'>vel</span> <span class='ocrx_word' id='word_1_302' title='bbox 2490 4216 2751 4295; x_wconf 89' lang='lat' dir='ltr'>sponte</span> <span class='ocrx_word' id='word_1_303' title='bbox 2783 4207 3256 4276; x_wconf 83' lang='lat' dir='ltr'>discesserint</span> <span class='ocrx_word' id='word_1_304' title='bbox 3296 4204 3347 4270; x_wconf 77' lang='lat'>⁸.</span> 
     </span>
    </p>
   </div>
   <div class='ocr_carea' id='block_1_5' title="bbox 493 4554 3491 5467">
    <p class='ocr_par' dir='ltr' id='par_1_12' title="bbox 681 4554 2424 4623">
     <span class='ocr_line' id='line_1_35' title="bbox 681 4554 2424 4623; baseline -0.007 -6"><span class='ocrx_word' id='word_1_305' title='bbox 681 4567 699 4600; x_wconf 82' lang='lat'><strong>¹</strong></span> <span class='ocrx_word' id='word_1_306' title='bbox 738 4564 795 4616; x_wconf 87' lang='lat' dir='ltr'>S.</span> <span class='ocrx_word' id='word_1_307' title='bbox 836 4564 900 4616; x_wconf 82' lang='grc' dir='ltr'>Ο.</span> <span class='ocrx_word' id='word_1_308' title='bbox 943 4563 1016 4616; x_wconf 88' lang='lat' dir='ltr'>de</span> <span class='ocrx_word' id='word_1_309' title='bbox 1056 4560 1389 4623; x_wconf 79' lang='lat' dir='ltr'>Religiosis,</span> <span class='ocrx_word' id='word_1_310' title='bbox 1428 4559 1643 4611; x_wconf 78' lang='lat' dir='ltr'>declar.</span> <span class='ocrx_word' id='word_1_311' title='bbox 1682 4559 1716 4610; x_wconf 86' lang='lat'>5</span> <span class='ocrx_word' id='word_1_312' title='bbox 1754 4569 1880 4617; x_wconf 83' lang='lat' dir='ltr'>apr.</span> <span class='ocrx_word' id='word_1_313' title='bbox 1922 4557 2069 4616; x_wconf 95' lang='grc'><strong>1910,</strong></span> <span class='ocrx_word' id='word_1_314' title='bbox 2120 4555 2197 4607; x_wconf 86' lang='lat' dir='ltr'>ad</span> <span class='ocrx_word' id='word_1_315' title='bbox 2239 4554 2424 4606; x_wconf 80' lang='lat' dir='ltr'>11-1v.</span> 
     </span>
    </p>

    <p class='ocr_par' dir='ltr' id='par_1_13' title="bbox 674 4640 2674 4716">
     <span class='ocr_line' id='line_1_36' title="bbox 674 4640 2674 4716; baseline -0.008 -7"><span class='ocrx_word' id='word_1_316' title='bbox 674 4661 701 4697; x_wconf 80' lang='lat'>²</span> <span class='ocrx_word' id='word_1_317' title='bbox 736 4657 793 4708; x_wconf 87' lang='lat' dir='ltr'>S.</span> <span class='ocrx_word' id='word_1_318' title='bbox 826 4640 897 4708; x_wconf 67' lang='grc' dir='ltr'>Ο.</span> <span class='ocrx_word' id='word_1_319' title='bbox 927 4668 1102 4716; x_wconf 83' lang='lat' dir='ltr'>super</span> <span class='ocrx_word' id='word_1_320' title='bbox 1143 4655 1317 4707; x_wconf 85' lang='lat' dir='ltr'>Statu</span> <span class='ocrx_word' id='word_1_321' title='bbox 1351 4652 1752 4713; x_wconf 82' lang='lat' dir='ltr'>Regularium,</span> <span class='ocrx_word' id='word_1_322' title='bbox 1794 4649 2011 4701; x_wconf 88' lang='lat' dir='ltr'>declar.</span> <span class='ocrx_word' id='word_1_323' title='bbox 2054 4648 2120 4700; x_wconf 86' lang='grc'>29</span> <span class='ocrx_word' id='word_1_324' title='bbox 2151 4647 2294 4698; x_wconf 85' lang='lat' dir='ltr'>mall</span> <span class='ocrx_word' id='word_1_325' title='bbox 2324 4645 2473 4704; x_wconf 82' lang='grc'><strong>1857,</strong></span> <span class='ocrx_word' id='word_1_326' title='bbox 2507 4645 2585 4696; x_wconf 86' lang='lat' dir='ltr'>ad</span> <span class='ocrx_word' id='word_1_327' title='bbox 2625 4647 2674 4694; x_wconf 82' lang='lat' dir='ltr'>L</span> 
     </span>
    </p>

    <p class='ocr_par' dir='ltr' id='par_1_14' title="bbox 668 4731 3491 4808">
     <span class='ocr_line' id='line_1_37' title="bbox 668 4731 3491 4808; baseline -0.007 -7"><span class='ocrx_word' id='word_1_328' title='bbox 668 4754 695 4790; x_wconf 82' lang='lat'>³</span> <span class='ocrx_word' id='word_1_329' title='bbox 742 4749 799 4800; x_wconf 88' lang='lat' dir='ltr'>S.</span> <span class='ocrx_word' id='word_1_330' title='bbox 823 4750 887 4802; x_wconf 84' lang='lat' dir='ltr'>C.</span> <span class='ocrx_word' id='word_1_331' title='bbox 917 4761 1093 4808; x_wconf 85' lang='lat' dir='ltr'>super</span> <span class='ocrx_word' id='word_1_332' title='bbox 1118 4747 1290 4800; x_wconf 85' lang='lat' dir='ltr'>Statu</span> <span class='ocrx_word' id='word_1_333' title='bbox 1316 4745 1718 4806; x_wconf 78' lang='lat' dir='ltr'>Regularlum,</span> <span class='ocrx_word' id='word_1_334' title='bbox 1743 4743 1961 4795; x_wconf 85' lang='lat' dir='ltr'>declar.</span> <span class='ocrx_word' id='word_1_335' title='bbox 1989 4742 2022 4793; x_wconf 86' lang='lat'><strong>5</strong></span> <span class='ocrx_word' id='word_1_336' title='bbox 2043 4753 2174 4792; x_wconf 86' lang='lat' dir='ltr'>nov.</span> <span class='ocrx_word' id='word_1_337' title='bbox 2208 4739 2355 4801; x_wconf 82' lang='grc'><strong>1852,</strong></span> <span class='ocrx_word' id='word_1_338' title='bbox 2381 4738 2457 4789; x_wconf 77' lang='lat' dir='ltr'>ad</span> <span class='ocrx_word' id='word_1_339' title='bbox 2481 4739 2530 4795; x_wconf 88' lang='lat'>1,</span> <span class='ocrx_word' id='word_1_340' title='bbox 2558 4737 2604 4796; x_wconf 85' lang='lat'>2;</span> <span class='ocrx_word' id='word_1_341' title='bbox 2633 4736 2850 4788; x_wconf 82' lang='lat' dir='ltr'>declar.</span> <span class='ocrx_word' id='word_1_342' title='bbox 2884 4734 2948 4786; x_wconf 81' lang='lat'>29</span> <span class='ocrx_word' id='word_1_343' title='bbox 2972 4733 3115 4784; x_wconf 78' lang='lat' dir='ltr'>mall</span> <span class='ocrx_word' id='word_1_344' title='bbox 3146 4732 3296 4792; x_wconf 83' lang='grc'><strong>1857,</strong></span> <span class='ocrx_word' id='word_1_345' title='bbox 3329 4731 3409 4783; x_wconf 86' lang='lat' dir='ltr'>ad</span> <span class='ocrx_word' id='word_1_346' title='bbox 3439 4732 3491 4783; x_wconf 83' lang='lat'>3.</span> 
     </span>
    </p>

    <p class='ocr_par' dir='ltr' id='par_1_15' title="bbox 493 4823 3488 4996">
     <span class='ocr_line' id='line_1_38' title="bbox 671 4823 3488 4900; baseline -0.007 -6"><span class='ocrx_word' id='word_1_347' title='bbox 671 4845 702 4880; x_wconf 79' lang='lat'><strong>⁴</strong></span> <span class='ocrx_word' id='word_1_348' title='bbox 739 4840 795 4893; x_wconf 86' lang='lat' dir='ltr'>S.</span> <span class='ocrx_word' id='word_1_349' title='bbox 825 4841 889 4893; x_wconf 85' lang='lat' dir='ltr'>C.</span> <span class='ocrx_word' id='word_1_350' title='bbox 919 4852 1094 4900; x_wconf 87' lang='lat' dir='ltr'>super</span> <span class='ocrx_word' id='word_1_351' title='bbox 1128 4839 1302 4890; x_wconf 85' lang='lat' dir='ltr'>Statu</span> <span class='ocrx_word' id='word_1_352' title='bbox 1330 4837 1733 4898; x_wconf 75' lang='lat' dir='ltr'>Regularium,</span> <span class='ocrx_word' id='word_1_353' title='bbox 1767 4836 1984 4888; x_wconf 87' lang='lat' dir='ltr'>declar.</span> <span class='ocrx_word' id='word_1_354' title='bbox 2020 4835 2053 4884; x_wconf 91' lang='lat'>1</span> <span class='ocrx_word' id='word_1_355' title='bbox 2078 4832 2221 4883; x_wconf 78' lang='lat' dir='ltr'>mall</span> <span class='ocrx_word' id='word_1_356' title='bbox 2247 4830 2396 4890; x_wconf 89' lang='grc'><strong>1851,</strong></span> <span class='ocrx_word' id='word_1_357' title='bbox 2425 4829 2502 4881; x_wconf 88' lang='lat' dir='ltr'>ad</span> <span class='ocrx_word' id='word_1_358' title='bbox 2534 4831 2585 4889; x_wconf 73' lang='grc' dir='ltr'>,ις</span> <span class='ocrx_word' id='word_1_359' title='bbox 2615 4828 2671 4881; x_wconf 85' lang='lat' dir='ltr'>S.</span> <span class='ocrx_word' id='word_1_360' title='bbox 2705 4828 2768 4879; x_wconf 88' lang='lat' dir='ltr'>C.</span> <span class='ocrx_word' id='word_1_361' title='bbox 2798 4826 2871 4878; x_wconf 87' lang='lat' dir='ltr'>de</span> <span class='ocrx_word' id='word_1_362' title='bbox 2899 4824 3233 4886; x_wconf 62' lang='grc'><strong>3911310313,</strong></span> <span class='ocrx_word' id='word_1_363' title='bbox 3266 4823 3488 4875; x_wconf 82' lang='lat' dir='ltr'>declar.</span> 
     </span>
     <span class='ocr_line' id='line_1_39' title="bbox 493 4930 1201 4996; baseline -0.008 -9"><span class='ocrx_word' id='word_1_364' title='bbox 493 4937 526 4987; x_wconf 85' lang='lat'>5</span> <span class='ocrx_word' id='word_1_365' title='bbox 559 4947 684 4996; x_wconf 87' lang='lat' dir='ltr'>apr.</span> <span class='ocrx_word' id='word_1_366' title='bbox 720 4934 868 4991; x_wconf 89' lang='grc'><strong>1910,</strong></span> <span class='ocrx_word' id='word_1_367' title='bbox 902 4932 981 4984; x_wconf 90' lang='lat' dir='ltr'>ad</span> <span class='ocrx_word' id='word_1_368' title='bbox 1014 4930 1201 4982; x_wconf 80' lang='lat' dir='ltr'>11-1v.</span> 
     </span>
    </p>

    <p class='ocr_par' dir='ltr' id='par_1_16' title="bbox 664 5013 2800 5088">
     <span class='ocr_line' id='line_1_40' title="bbox 664 5013 2800 5088; baseline -0.008 -7"><span class='ocrx_word' id='word_1_369' title='bbox 664 5032 692 5068; x_wconf 69' lang='grc' dir='ltr'><strong><em>δ</em></strong></span> <span class='ocrx_word' id='word_1_370' title='bbox 733 5027 791 5080; x_wconf 86' lang='lat' dir='ltr'>S.</span> <span class='ocrx_word' id='word_1_371' title='bbox 831 5028 896 5080; x_wconf 83' lang='lat' dir='ltr'>C.</span> <span class='ocrx_word' id='word_1_372' title='bbox 932 5038 1107 5088; x_wconf 82' lang='lat' dir='ltr'>super</span> <span class='ocrx_word' id='word_1_373' title='bbox 1146 5026 1321 5077; x_wconf 80' lang='lat' dir='ltr'>Statu</span> <span class='ocrx_word' id='word_1_374' title='bbox 1352 5023 1752 5085; x_wconf 79' lang='lat' dir='ltr'>Regularlum,</span> <span class='ocrx_word' id='word_1_375' title='bbox 1786 5020 2004 5072; x_wconf 85' lang='lat' dir='ltr'>declar.</span> <span class='ocrx_word' id='word_1_376' title='bbox 2046 5021 2078 5070; x_wconf 90' lang='lat'>1</span> <span class='ocrx_word' id='word_1_377' title='bbox 2108 5017 2253 5069; x_wconf 81' lang='lat' dir='ltr'>mali</span> <span class='ocrx_word' id='word_1_378' title='bbox 2282 5016 2429 5076; x_wconf 87' lang='lat'>1851,</span> <span class='ocrx_word' id='word_1_379' title='bbox 2463 5015 2541 5067; x_wconf 89' lang='lat' dir='ltr'>ad</span> <span class='ocrx_word' id='word_1_380' title='bbox 2576 5014 2629 5073; x_wconf 77' lang='lat'>8,</span> <span class='ocrx_word' id='word_1_381' title='bbox 2664 5015 2713 5074; x_wconf 89' lang='grc'><strong>5,</strong></span> <span class='ocrx_word' id='word_1_382' title='bbox 2749 5013 2800 5065; x_wconf 80' lang='grc'>0.</span> 
     </span>
    </p>

    <p class='ocr_par' dir='ltr' id='par_1_17' title="bbox 493 5102 3487 5467">
     <span class='ocr_line' id='line_1_41' title="bbox 665 5102 3487 5180; baseline -0.009 -6"><span class='ocrx_word' id='word_1_383' title='bbox 665 5126 690 5161; x_wconf 77' lang='lat'>⁶</span> <span class='ocrx_word' id='word_1_384' title='bbox 732 5121 938 5174; x_wconf 79' lang='lat' dir='ltr'>Slxtus</span> <span class='ocrx_word' id='word_1_385' title='bbox 962 5121 1031 5180; x_wconf 86' lang='lat' dir='ltr'>V.</span> <span class='ocrx_word' id='word_1_386' title='bbox 1057 5122 1242 5171; x_wconf 82' lang='lat' dir='ltr'>const.</span> <span class='ocrx_word' id='word_1_387' title='bbox 1272 5135 1302 5168; x_wconf 82' lang='lat'><strong>«</strong></span> <span class='ocrx_word' id='word_1_388' title='bbox 1329 5118 1473 5169; x_wconf 78' lang='lat' dir='ltr'>Cum</span> <span class='ocrx_word' id='word_1_389' title='bbox 1504 5119 1574 5168; x_wconf 76' lang='lat' dir='ltr'>de</span> <span class='ocrx_word' id='word_1_390' title='bbox 1602 5116 1869 5167; x_wconf 72' lang='lat' dir='ltr'>omnibus</span> <span class='ocrx_word' id='word_1_391' title='bbox 1896 5128 1947 5173; x_wconf 69' lang='grc' dir='ltr'>ι,</span> <span class='ocrx_word' id='word_1_392' title='bbox 1979 5111 2047 5164; x_wconf 74' lang='grc'>26</span> <span class='ocrx_word' id='word_1_393' title='bbox 2069 5124 2200 5163; x_wconf 79' lang='lat' dir='ltr'>nov.</span> <span class='ocrx_word' id='word_1_394' title='bbox 2229 5109 2377 5169; x_wconf 84' lang='grc'><strong>1587,</strong></span> <span class='ocrx_word' id='word_1_395' title='bbox 2408 5109 2435 5169; x_wconf 67' lang='lat' dir='ltr'>s</span> <span class='ocrx_word' id='word_1_396' title='bbox 2470 5111 2519 5169; x_wconf 74' lang='lat'>4;</span> <span class='ocrx_word' id='word_1_397' title='bbox 2544 5107 2862 5168; x_wconf 80' lang='lat' dir='ltr'>Gregorius</span> <span class='ocrx_word' id='word_1_398' title='bbox 2887 5105 3037 5166; x_wconf 80' lang='lat' dir='ltr'>XIV,</span> <span class='ocrx_word' id='word_1_399' title='bbox 3072 5105 3260 5156; x_wconf 83' lang='lat' dir='ltr'>const.</span> <span class='ocrx_word' id='word_1_400' title='bbox 3294 5118 3326 5152; x_wconf 76' lang='grc' dir='ltr'>ι</span> <span class='ocrx_word' id='word_1_401' title='bbox 3362 5102 3487 5152; x_wconf 71' lang='lat' dir='ltr'>Gir-</span> 
     </span>
     <span class='ocr_line' id='line_1_42' title="bbox 494 5195 3486 5277; baseline -0.006 -9"><span class='ocrx_word' id='word_1_402' title='bbox 494 5221 827 5277; x_wconf 71' lang='lat' dir='ltr'>cumspecta</span> <span class='ocrx_word' id='word_1_403' title='bbox 859 5231 908 5276; x_wconf 73' lang='grc' dir='ltr'>ιο,</span> <span class='ocrx_word' id='word_1_404' title='bbox 936 5215 1002 5265; x_wconf 85' lang='grc'>15</span> <span class='ocrx_word' id='word_1_405' title='bbox 1031 5216 1206 5264; x_wconf 88' lang='lat' dir='ltr'>mart.</span> <span class='ocrx_word' id='word_1_406' title='bbox 1232 5212 1380 5273; x_wconf 87' lang='grc'><strong>1591,</strong></span> <span class='ocrx_word' id='word_1_407' title='bbox 1412 5213 1438 5271; x_wconf 68' lang='lat' dir='ltr'>fi</span> <span class='ocrx_word' id='word_1_408' title='bbox 1470 5211 1520 5271; x_wconf 78' lang='lat'>33</span> <span class='ocrx_word' id='word_1_409' title='bbox 1545 5210 1814 5261; x_wconf 86' lang='lat' dir='ltr'>Clemens</span> <span class='ocrx_word' id='word_1_410' title='bbox 1839 5206 2008 5264; x_wconf 79' lang='lat' dir='ltr'>V111,</span> <span class='ocrx_word' id='word_1_411' title='bbox 2035 5207 2218 5256; x_wconf 85' lang='lat' dir='ltr'>const.</span> <span class='ocrx_word' id='word_1_412' title='bbox 2258 5219 2288 5253; x_wconf 81' lang='grc' dir='ltr'>ι</span> <span class='ocrx_word' id='word_1_413' title='bbox 2316 5203 2464 5254; x_wconf 69' lang='lat' dir='ltr'>Ovem</span> <span class='ocrx_word' id='word_1_414' title='bbox 2491 5204 2567 5257; x_wconf 81' lang='lat' dir='ltr'>ad</span> <span class='ocrx_word' id='word_1_415' title='bbox 2599 5201 2928 5261; x_wconf 65' lang='lat' dir='ltr'>reantur-em</span> <span class='ocrx_word' id='word_1_416' title='bbox 2953 5213 3002 5258; x_wconf 85' lang='lat'>»‚</span> <span class='ocrx_word' id='word_1_417' title='bbox 3032 5198 3099 5250; x_wconf 88' lang='grc'>19</span> <span class='ocrx_word' id='word_1_418' title='bbox 3123 5200 3301 5248; x_wconf 81' lang='lat' dir='ltr'>mart.</span> <span class='ocrx_word' id='word_1_419' title='bbox 3330 5195 3486 5256; x_wconf 79' lang='grc'><strong>1603,</strong></span> 
     </span>
     <span class='ocr_line' id='line_1_43' title="bbox 494 5289 3487 5373; baseline -0.008 -10"><span class='ocrx_word' id='word_1_420' title='bbox 494 5312 520 5373; x_wconf 65' lang='lat'>3</span> <span class='ocrx_word' id='word_1_421' title='bbox 549 5312 599 5372; x_wconf 85' lang='lat'>3;</span> <span class='ocrx_word' id='word_1_422' title='bbox 630 5311 771 5361; x_wconf 81' lang='lat' dir='ltr'>Plus</span> <span class='ocrx_word' id='word_1_423' title='bbox 802 5308 898 5369; x_wconf 85' lang='lat' dir='ltr'>IX,</span> <span class='ocrx_word' id='word_1_424' title='bbox 929 5318 1019 5367; x_wconf 90' lang='lat' dir='ltr'>ep.</span> <span class='ocrx_word' id='word_1_425' title='bbox 1053 5306 1270 5366; x_wconf 78' lang='lat' dir='ltr'>encycl.</span> <span class='ocrx_word' id='word_1_426' title='bbox 1308 5320 1339 5356; x_wconf 72' lang='grc' dir='ltr'>ι</span> <span class='ocrx_word' id='word_1_427' title='bbox 1368 5302 1569 5355; x_wconf 65' lang='lat' dir='ltr'>Nonus</span> <span class='ocrx_word' id='word_1_428' title='bbox 1605 5305 1668 5352; x_wconf 78' lang='lat' dir='ltr'>et</span> <span class='ocrx_word' id='word_1_429' title='bbox 1696 5299 2013 5350; x_wconf 72' lang='lat' dir='ltr'>Nobiscum</span> <span class='ocrx_word' id='word_1_430' title='bbox 2043 5314 2091 5359; x_wconf 72' lang='grc' dir='ltr'>ιο,</span> <span class='ocrx_word' id='word_1_431' title='bbox 2124 5297 2157 5349; x_wconf 85' lang='grc'><strong>8</strong></span> <span class='ocrx_word' id='word_1_432' title='bbox 2193 5297 2316 5348; x_wconf 91' lang='lat' dir='ltr'>dec.</span> <span class='ocrx_word' id='word_1_433' title='bbox 2350 5295 2497 5355; x_wconf 73' lang='lat'>1849:</span> <span class='ocrx_word' id='word_1_434' title='bbox 2528 5293 2587 5346; x_wconf 83' lang='lat' dir='ltr'>S.</span> <span class='ocrx_word' id='word_1_435' title='bbox 2620 5295 2684 5345; x_wconf 84' lang='lat' dir='ltr'>C.</span> <span class='ocrx_word' id='word_1_436' title='bbox 2719 5293 2807 5352; x_wconf 74' lang='grc'>(3.,</span> <span class='ocrx_word' id='word_1_437' title='bbox 2847 5291 3003 5343; x_wconf 88' lang='lat' dir='ltr'>decr.</span> <span class='ocrx_word' id='word_1_438' title='bbox 3037 5289 3102 5341; x_wconf 82' lang='lat'>21</span> <span class='ocrx_word' id='word_1_439' title='bbox 3143 5292 3294 5350; x_wconf 84' lang='lat' dir='ltr'>sept.</span> <span class='ocrx_word' id='word_1_440' title='bbox 3331 5289 3487 5350; x_wconf 76' lang='lat'>1624,</span> 
     </span>
     <span class='ocr_line' id='line_1_44' title="bbox 493 5381 3485 5467; baseline -0.008 -11"><span class='ocrx_word' id='word_1_441' title='bbox 493 5406 520 5466; x_wconf 68' lang='grc' dir='ltr'>ς</span> <span class='ocrx_word' id='word_1_442' title='bbox 555 5406 603 5467; x_wconf 89' lang='grc'>1;</span> <span class='ocrx_word' id='word_1_443' title='bbox 633 5404 690 5455; x_wconf 87' lang='lat' dir='ltr'>S.</span> <span class='ocrx_word' id='word_1_444' title='bbox 726 5404 791 5456; x_wconf 83' lang='lat' dir='ltr'>C.</span> <span class='ocrx_word' id='word_1_445' title='bbox 822 5413 997 5462; x_wconf 86' lang='lat' dir='ltr'>super</span> <span class='ocrx_word' id='word_1_446' title='bbox 1026 5399 1201 5452; x_wconf 87' lang='lat' dir='ltr'>Statu</span> <span class='ocrx_word' id='word_1_447' title='bbox 1236 5398 1638 5459; x_wconf 74' lang='lat' dir='ltr'>Regularlum,</span> <span class='ocrx_word' id='word_1_448' title='bbox 1668 5395 1823 5447; x_wconf 85' lang='lat' dir='ltr'>decr.</span> <span class='ocrx_word' id='word_1_449' title='bbox 1854 5409 1886 5444; x_wconf 72' lang='grc' dir='ltr'><strong>α</strong></span> <span class='ocrx_word' id='word_1_450' title='bbox 1913 5391 2165 5443; x_wconf 71' lang='lat' dir='ltr'>Romani</span> <span class='ocrx_word' id='word_1_451' title='bbox 2202 5388 2514 5449; x_wconf 70' lang='lat' dir='ltr'>Pontifices</span> <span class='ocrx_word' id='word_1_452' title='bbox 2541 5402 2592 5445; x_wconf 69' lang='grc' dir='ltr'>ι.</span> <span class='ocrx_word' id='word_1_453' title='bbox 2626 5386 2690 5437; x_wconf 82' lang='grc'><strong>25</strong></span> <span class='ocrx_word' id='word_1_454' title='bbox 2722 5387 2841 5437; x_wconf 80' lang='lat' dir='ltr'>lan.</span> <span class='ocrx_word' id='word_1_455' title='bbox 2875 5383 3024 5443; x_wconf 77' lang='lat'>1848.</span> <span class='ocrx_word' id='word_1_456' title='bbox 3056 5396 3110 5434; x_wconf 89' lang='lat' dir='ltr'>n.</span> <span class='ocrx_word' id='word_1_457' title='bbox 3149 5382 3229 5442; x_wconf 87' lang='lat'>11;</span> <span class='ocrx_word' id='word_1_458' title='bbox 3258 5381 3485 5433; x_wconf 80' lang='lat' dir='ltr'>declar.</span> 
     </span>
    </p>
   </div>
   <div class='ocr_carea' id='block_1_6' title="bbox 490 5479 2660 5555">
    <p class='ocr_par' dir='ltr' id='par_1_18' title="bbox 490 5479 2660 5555">
     <span class='ocr_line' id='line_1_45' title="bbox 490 5479 2660 5555; baseline -0.009 -6"><span class='ocrx_word' id='word_1_459' title='bbox 490 5500 520 5549; x_wconf 92' lang='lat'>1</span> <span class='ocrx_word' id='word_1_460' title='bbox 551 5498 692 5548; x_wconf 79' lang='lat' dir='ltr'>maii</span> <span class='ocrx_word' id='word_1_461' title='bbox 724 5496 869 5555; x_wconf 86' lang='grc'><strong>1851,</strong></span> <span class='ocrx_word' id='word_1_462' title='bbox 908 5494 987 5546; x_wconf 84' lang='lat' dir='ltr'>&#39;ad</span> <span class='ocrx_word' id='word_1_463' title='bbox 1026 5492 1074 5552; x_wconf 85' lang='lat'>2;</span> <span class='ocrx_word' id='word_1_464' title='bbox 1106 5492 1160 5544; x_wconf 86' lang='lat' dir='ltr'>S.</span> <span class='ocrx_word' id='word_1_465' title='bbox 1197 5490 1261 5542; x_wconf 87' lang='lat' dir='ltr'>C.</span> <span class='ocrx_word' id='word_1_466' title='bbox 1296 5490 1369 5542; x_wconf 89' lang='lat' dir='ltr'>de</span> <span class='ocrx_word' id='word_1_467' title='bbox 1400 5487 1733 5550; x_wconf 79' lang='lat' dir='ltr'>Reuglosis,</span> <span class='ocrx_word' id='word_1_468' title='bbox 1766 5486 1984 5537; x_wconf 83' lang='lat' dir='ltr'>declar.</span> <span class='ocrx_word' id='word_1_469' title='bbox 2025 5486 2058 5535; x_wconf 88' lang='grc'><strong>5</strong></span> <span class='ocrx_word' id='word_1_470' title='bbox 2089 5495 2214 5544; x_wconf 82' lang='lat' dir='ltr'>apr.</span> <span class='ocrx_word' id='word_1_471' title='bbox 2252 5482 2401 5542; x_wconf 87' lang='grc'><strong>1910,</strong></span> <span class='ocrx_word' id='word_1_472' title='bbox 2437 5479 2514 5532; x_wconf 88' lang='lat' dir='ltr'>ad</span> <span class='ocrx_word' id='word_1_473' title='bbox 2545 5479 2660 5531; x_wconf 92' lang='lat'>111.</span> 
     </span>
    </p>
   </div>
  </div>
 </body>
</html>
