3753 5871
478 343 629 387 xxiv
1624 330 1819 381 Gom
1864 329 2027 379 lin-ts
2065 329 2345 380 canonici

479 521 680 601 ipsis,
726 521 812 584 in
861 537 1090 585 unum
1150 516 1470 601 Librum3
1520 536 1685 584 cum
1728 516 2112 585 nonnullis
2170 517 2453 585 Nostris
2522 515 3175 602 Constitutionibus,
3240 520 3471 604 redivi

476 660 993 728 mandavimus
1038 661 1100 727 et
1144 659 1278 728 sub
1321 659 1573 728 debitis
1618 659 1855 728 titulis
1900 659 2250 728 collocari.
2303 660 2519 741 Quem
2564 659 2884 741 Izibruvm
2932 661 3108 727 aliis
3150 662 3467 747 quinque

479 786 727 870 Libris
768 803 945 870 dicti
986 802 1378 871 voluminis
1422 803 1902 871 Deci-statium
1946 802 2486 884 oenmoenaum,
2521 800 2815 869 smum
2844 806 3256 870 caminatis
3288 822 3467 870 nun-

476 945 742 1028 cupari
795 945 875 1009 ut
932 944 1123 1011 idem
1189 944 1541 1026 volumen,
1597 945 1978 1011 senarium
2044 942 2409 1025 librorum,
2465 942 2597 1009 illo
2663 941 3025 1023 adiuncto,
3079 960 3465 1008 numerum

476 1088 1085 1169 comprehendens,
1131 1088 1517 1171 perfectam
1560 1088 1645 1155 in
1687 1085 1898 1153 rebus
1926 1086 2226 1170 emendis
2255 1087 2570 1170 formam
2601 1085 2872 1153 tribuat
2901 1086 2964 1152 et
3010 1087 3094 1150 in
3145 1083 3463 1153 moribus

475 1230 949 1315 disciplinam
981 1256 1041 1298 ».
1078 1227 1222 1313 Qui
1256 1232 1501 1298 autem
1536 1227 1992 1311 maluissent,
2024 1226 2350 1316 quinque
2384 1226 2872 1297 Decretalium
2917 1225 3197 1310 Libros,
3231 1245 3464 1295 acces·

476 1368 814 1464 sionibus
861 1369 1255 1454 adiunctis,
1302 1370 1548 1440 denuo
1593 1369 1733 1453 edi,
1780 1390 2004 1459 quam
2040 1391 2313 1441 novum
2348 1369 2607 1440 confici
2641 1369 2974 1454 Librum,
3006 1369 3095 1439 iis
3141 1368 3249 1439 sic
3281 1368 3463 1437 Pon·

412 1563 415 1567 >
478 1510 652 1580 tifex
726 1511 1188 1600 obloquitur:
1260 1538 1298 1575 «
1343 1512 1483 1580 Nec
1541 1514 1700 1580 sine
1756 1531 1988 1579 causa
2055 1532 2317 1580 morem
2374 1512 3003 1580 Praedones-eorum
3046 1510 3462 1578 Nostrorum

476 1657 852 1724 misimus
895 1658 978 1724 in
1024 1657 1163 1723 hac
1195 1658 1411 1739 parto
1450 1674 1778 1723 servare:
1823 1655 1998 1722 haec
2054 1656 2244 1723 enim
2313 1655 2635 1738 fecimus,
2701 1674 2787 1721 ne
2851 1655 3181 1739 infinitos
3249 1652 3466 1720 libros

476 1798 755 1865 ‹te-strui
797 1800 861 1866 et
914 1798 1104 1867 alios
1148 1818 1298 1866 non
1361 1799 1520 1867 sine
1584 1798 1937 1866 maximis
2002 1797 2428 1882 dispendiis,
2480 1796 2844 1864 laboribus
2886 1797 2950 1863 et
3001 1798 3337 1881 musis
3380 1795 3467 1859 de

482 1960 657 2009 novo
701 1942 862 2027 fieri
904 1943 1247 2026 oporteret
1281 1968 1343 2010 ιι.
1390 1941 1797 2026 Postrem0,
1843 1938 2266 2010 Decretales
2311 1958 2573 2008 omnes
2621 1937 2930 2027 abrogat
2977 1936 3464 2008 Decessorum

481 2103 809 2169 suorum,
857 2103 1048 2173 quae
1097 2082 1172 2152 in
1223 2083 1448 2155 Sexto
1497 2082 1798 2153 minime
1859 2080 2321 2172 reperiantur
2382 2100 2521 2151 nec
2576 2080 2652 2150 in
2714 2101 2805 2151 eo
2859 2080 3008 2150 sint
3061 2076 3475 2168 specialiter

482 2232 929 2298 reservatae:
968 2256 1004 2290 «
1052 2230 1515 2298 Univcrsitati
1556 2231 1832 2297 vestrae
1878 2230 2106 2314 iyitur
2149 2247 2278 2313 per
2321 2226 2720 2311 Apostolioa
2763 2227 2962 2295 dicta
3003 2225 3467 2306 mandamus,

480 2374 839 2458 quatenus
883 2373 1182 2441 Librum
1224 2373 1660 2457 huiusmodi,
1711 2393 1874 2441 cum
1919 2372 2155 2440 multa
2196 2372 2619 2438 maturitate
2661 2371 3036 2455 dioestum,
3087 2388 3292 2454 quem
3336 2367 3470 2435 sub

484 2514 714 2581 Bulla
761 2515 1025 2583 Nostra
1069 2515 1260 2583 vobis
1317 2517 1898 2598 transmittimus,
1944 2515 2276 2598 prompto
2330 2514 2799 2597 suscipientes
2855 2513 3138 2598 affectu,
3184 2530 3260 2577 eo
3311 2513 3471 2577 κέαρ

481 2660 670 2725 mini
713 2658 803 2746 de
843 2660 1061 2725 cetero
1106 2660 1188 2725 in
1230 2659 1531 2726 iudiciis
1573 2660 1636 2724 et
1680 2660 1766 2725 in
1807 2658 2100 2724 scholis:
2147 2656 2399 2723 nullas
2443 2654 2664 2738 alias,
2700 2656 2996 2739 praeter
3036 2654 3235 2736 illas,
3285 2672 3471 2738 quac

480 2803 926 2884 inseruntur,
958 2804 1091 2869 aut
1118 2802 1522 2886 specialiter
1564 2803 2028 2869 reservantur
2069 2802 2156 2867 in
2183 2818 2279 2881 eo,
2312 2798 2712 2866 Decretates
2754 2799 2886 2864 aut
2921 2795 3472 2865 Constitutione

483 2966 533 3013 a
593 2947 1152 3032 quibuscumque
1213 2945 1876 3014 Prmcessoribus
1937 2944 2290 3012 Romanis
2350 2940 2831 3026 Pontificibus,
2882 2942 3049 3024 post
3097 2940 3474 3007 editionem

482 3092 657 3158 dicti
702 3092 1092 3157 voluminis
1126 3091 1648 3175 promutqatas,
1679 3090 2035 3173 recepturi
2076 3089 2385 3155 ulterius
2428 3087 2561 3153 aut
2593 3104 2733 3170 pro
2763 3082 3251 3152 Decretalibus
3279 3082 3476 3150 hobi-

488 3236 641 3301 turi
691 3259 749 3301 ».

669 3375 886 3445 Haud
934 3374 1081 3445 alio
1127 3395 1308 3445 sane
1356 3372 1664 3445 consilio
1712 3376 2116 3461 permotus,
2165 3370 2483 3440 Ioannes
2529 3367 2737 3437 XXII
2800 3387 2931 3437 sex
2978 3363 3467 3436 Decretalium

488 3517 723 3587 Libris
770 3515 1337 3587 constitutiones
1370 3515 1796 3586 Decessoris
1841 3513 1958 3584 sui
1994 3511 2396 3584 Clementis
2421 3511 2480 3580 V
2513 3508 2819 3593 addidit,
2853 3529 3072 3598 quae,
3104 3528 3144 3577 e
3175 3505 3473 3576 nomine

488 3661 810 3731 auctoris
872 3659 1351 3730 Clementinae
1417 3663 1912 3747 nuncupatae,
1977 3677 2106 3745 per
2168 3654 2445 3725 bullam
2500 3656 2858 3736 Quoniam
2924 3651 3161 3733 nulla,
3211 3647 3329 3718 die
3388 3646 3478 3716 25

489 3803 766 3873 mensis
811 3804 1136 3898 octobris
1182 3823 1300 3872 an.
1354 3804 1524 3872 1317
1573 3801 1846 3884 datam,
1894 3797 2275 3868 Avenione
2323 3795 2831 3885 promulgatae
2881 3798 3076 3863 sunt.

673 3946 857 4015 Cum
905 3946 1224 4034 denique
1274 3942 1595 4028 Parisiis,
1643 3963 1759 4013 an.
1813 3941 2008 4026 1500,
2058 3940 2333 4025 Corpus
2375 3943 2570 4009 iuris
2612 3938 2946 4006 canonici
2989 3932 3237 4003 denuo
3284 3932 3477 4020 typis

494 4090 988 4173 mandaretur,
1014 4088 1330 4157 lomnes
1357 4085 1754 4170 CHAPrms,
1777 4083 1907 4173 qui
1932 4083 2328 4155 editionem
2362 4080 2690 4164 curabat,
2713 4074 2997 4148 addidit
3024 4080 3186 4144 tum
3218 4072 3477 4163 viginti

496 4233 912 4304 Decretales
929 4234 1515 4317 Ecetramqantes‘
1538 4227 1839 4299 loannis
1859 4227 2091 4312 XXII,
2115 4245 2306 4316 quae
2338 4224 2508 4294 inde
2541 4223 2637 4292 ab
2659 4218 3181 4304 ann01325‚in
3214 4238 3484 4306 appen-

494 4377 676 4448 dicis
749 4376 1071 4460 modum,
1144 4372 1623 4448 clementinis
1684 4372 2273 4461 apponebantur,
2320 4373 2475 4437 tum
2545 4363 3015 4453 septuaginta
3061 4361 3482 4433 Decretales

494 4526 1075 4609 Eoetravaaantes
1144 4519 1453 4589 aliorum
1537 4510 2003 4597 Pontificum,
2079 4513 2652 4598 E'oetravaqantes
2716 4509 3138 4578 OEmmuncs
3216 4498 3485 4576 idciioo

495 4664 928 4753 appellatas,
960 4663 1160 4752 quod
1209 4661 1283 4730 in
1321 4662 1594 4746 Corpus
1630 4661 1824 4728 iuris
1866 4657 2200 4726 canonici
2244 4656 2725 4735 cmnmunitcr,
2758 4647 3187 4738 appendicis
3235 4647 3489 4731 instar,

501 4809 719 4879 inseri
769 4807 1129 4878 solebant.
1157 4803 1463 4894 Utrique
1511 4809 1703 4874 certe
1736 4801 2397 4884 Eoetravaaantium
2441 4793 2737 4883 sylloge,
2791 4812 2940 4882 qua
2985 4790 3265 4880 sylloge
3311 4795 3491 4874 erat,

498 4950 966 5040 Apostolicae
1015 4948 1230 5018 Sedis
1278 4966 1658 5035 nunquam
1727 4940 2168 5029 adprobatio
2230 4936 2574 5021 accessit;
2635 4935 2867 5023 liquet
2914 4939 3186 5017 tamen,
3235 4932 3494 5002 Decre-

502 5089 689 5163 tales
737 5092 808 5160 in
857 5096 1249 5178 utramque
1305 5087 1673 5168 collectas,
1741 5103 1909 5153 cum
1973 5077 2442 5151 authenticae
2503 5080 2751 5146 essent
2816 5079 2891 5145 et
2951 5094 3084 5164 pro
3150 5072 3497 5143 universa

503 5234 827 5304 Ecclesia
872 5232 1086 5315 latae,
1135 5230 1283 5300 vim
1332 5229 1511 5319 legis
1561 5227 1635 5296 in
1683 5224 2049 5295 catholico
2096 5222 2273 5292 orbe
2321 5218 2694 5302 habuisse,
2741 5216 2882 5287 nisi
2931 5216 3324 5304 abrogatas
3364 5235 3497 5286 eas

508 5398 671 5446 esse
718 5376 1188 5445 constitisset.

690 5516 846 5586 Hae
895 5516 1113 5605 igitur
1167 5514 1605 5605 praecipuae
1668 5514 1880 5581 erant
1935 5513 2097 5578 novi
2149 5510 2344 5578 iuris
2389 5502 2737 5592 syllegae,
2783 5500 3055 5590 quibus
3108 5499 3502 5569 constabat
