3753 5871
501 0 603 17 Ινυ
1000 0 1288 15 auu-flav·
1638 0 1816 5 vv---
1856 0 2012 7 --v-*-

2682 0 2714 14 ·
2735 0 2794 14 V·
2827 0 2863 14 -
2881 0 2994 14 vv„

496 143 871 195 Patrocinium
901 142 1233 205 gratuitum:
1271 141 1481 205 quibus
1521 138 1974 215 concedendumx
2043 140 2292 206 [Periti12

618 224 679 273 et
707 221 1008 286 quomodo,
1049 220 1337 282 1914-1916,
1374 221 1514 274 1631.

497 303 753 354 Patroni:
791 301 921 353 vide
953 301 1050 352 Ius
1076 302 1457 368 patronatus.

497 409 558 420 —·-
588 383 926 437 nationum,
974 383 1111 440 etc..
1162 379 1441 445 quomodo
1490 380 1946 440 constituantur,

2165 221 2293 274 m
2323 221 2422 288 53,
2445 221 2519 273 cf.
2540 221 2669 275 2093
2690 221 2789 289 52,
2811 222 2956 282 2118,
2978 222 3124 286 2119,
3147 223 3276 275 2122
3296 224 3478 291 552-4ς

2165 300 2235 353 de
2257 301 2460 367 peritis
2485 303 2541 352 in
2562 302 2754 353 causis
2777 303 3311 367 matrimonialibus,
3343 305 3479 358 1975-

2168 380 2318 441 19823
2353 381 2483 432 vide
2515 381 2796 445 Inspectio
2827 382 3179 447 corporalis.

622 461 772 523 1278ς
816 475 887 512 an
935 474 1129 512 eorum
1177 459 1299 511 dies
1332 459 1465 511 resti
1514 459 1635 511 sint
1678 459 1749 511 de
1791 472 1948 524 prae-
2041 460 2293 511 Periuri=
2332 463 2390 511 in
2424 460 2624 512 ordine
2655 461 2729 513 ad
2762 462 3157 514 testimonium
3189 463 3249 515 in
3282 464 3480 517 iudicio

619 543 801 607 cepto,
838 540 960 591 1247
992 540 1025 605 5
1047 541 1096 590 2.

495 624 792 687 Pauperea:
829 621 971 687 ipsis
1003 620 1211 671 debent
1245 619 1473 684 parochi
1507 619 1823 686 gratuitum
1848 619 1946 671 mi-

619 702 917 753 nisterium
964 702 1268 766 praestare.
1302 700 1397 753 463
1438 700 1470 765 5
1503 701 1561 760 4;
1606 700 1942 766 praesertim

614 782 764 848 quod
796 782 1005 833 attinet
1036 781 1107 832 ad
1141 794 1335 832 eorum
1377 780 1548 831 funus
1588 781 1647 831 et
1688 781 1945 845 sepultu-

616 877 757 925 ram,
784 862 905 914 1235
925 862 957 927 5
975 862 1032 921 2ς
1059 860 1186 912 vide
1213 861 1590 912 Patrocinium
1614 861 1942 923 gratuitum.

492 945 727 996 Peccata
770 942 897 993 vide
931 938 1301 1004 Paenitentia,
1334 941 1688 992 Reservatio.

491 1025 822 1075 Peccatores
864 1023 1097 1087 publici:
1153 1021 1226 1070 ab
1277 1019 1633 1071 Eucharistia
1685 1019 1940 1082 arcendi,

613 1103 735 1163 8553
778 1102 912 1168 quid
955 1102 1004 1152 si
1040 1102 1235 1165 petant
1266 1100 1338 1151 ad
1385 1100 1812 1152 matrimonium
1844 1101 1943 1152 ad-

615 1182 781 1244 mitti,
822 1181 970 1243 10663
1009 1180 1237 1232 arcendi
1279 1194 1315 1231 a
1355 1179 1653 1245 sepultura
1685 1180 1942 1232 ecclesia-

612 1264 776 1325 stica,
811 1262 936 1314 1240
976 1261 1008 1328 5
1043 1263 1066 1312 1
1110 1275 1165 1313 n.
1197 1260 1249 1321 0,
1286 1260 1436 1321 1241;
1476 1274 1551 1312 an
1588 1260 1768 1312 valide
1800 1260 1940 1313 recl-

617 1344 846 1409 piantur
878 1341 938 1393 in
971 1341 1383 1392 associationes
1418 1341 1561 1405 pias,
1593 1340 1690 1392 093
1722 1341 1754 1406 5
1781 1342 1826 1392 1.

490 1425 818 1476 Pensiones:
843 1419 1171 1487 personales
1197 1433 1310 1471 non
1334 1420 1580 1471 veniunt
1602 1420 1662 1471 in
1696 1420 1821 1474 iure
1845 1435 1940 1473 no-

616 1503 771 1555 mine
802 1501 1080 1562 beneficii,
1116 1500 1239 1551 1412
1272 1513 1327 1551 n.
1356 1499 1415 1559 4;
1449 1513 1525 1550 an
1558 1500 1615 1550 et
1646 1514 1789 1565 quas
1817 1513 1940 1564 pos-

613 1583 733 1634 sint
782 1581 1060 1633 Ordinarii
1110 1580 1394 1644 imponere
1450 1579 1764 1642 beneflciis,
1816 1578 1940 1631 1429

614 1662 681 1728 55
719 1665 760 1721 1,
794 1664 853 1722 2;
886 1659 1167 1726 quomodo
1201 1658 1309 1710 liae
1340 1661 1567 1710 cessent
1601 1660 1659 1710 et
1695 1673 1771 1711 an
1806 1673 1939 1724 pen-

613 1741 849 1793 sionarii
900 1740 1117 1806 possint
1150 1753 1247 1790 eas
1272 1737 1545 1800 allenare,
1574 1739 1698 1791 lm
1728 1739 1760 1805 5
1782 1741 1840 1800 33
1866 1739 1935 1791 de

613 1823 881 1889 pensione
916 1820 1005 1872 vel
1034 1819 1417 1886 aequivalenti
1449 1820 1806 1871 concedenda
1845 1833 1939 1885 pa-

613 1902 783 1955 rocho
800 1900 1178 1963 renuntianti,
1192 1899 1339 1961 2154,
1360 1899 1513 1959 2101ς
1538 1900 1666 1951 eius
1693 1900 1938 1964 privatio

614 1981 701 2034 vel
723 1980 1024 2045 suspensio
1046 1979 1229 2046 infligi
1253 1980 1435 2045 potest
1455 1979 1516 2030 in
1535 1993 1792 2043 poenam,
1807 1979 1933 2031 2291

613 2078 670 2115 n.
704 2062 753 2123 7,
784 2060 913 2113 ΜΘ
950 2074 1006 2110 n.
1037 2061 1096 2120 63
1133 2074 1245 2112 non
1283 2061 1473 2111 tamen
1510 2061 1558 2111 si
1590 2060 1830 2111 clericus
1861 2059 1935 2111 ad

610 2143 735 2194 eius
767 2141 994 2192 titulum
1027 2139 1323 2192 ordinatus
1355 2142 1462 2202 est,
1487 2139 1619 2200 nisi,
1647 2141 1777 2200 etc..
1808 2138 1937 2192 2299

611 2222 643 2288 5
664 2223 723 2276 3;
757 2222 991 2286 quinam
1027 2220 1095 2272 iis
1130 2221 1333 2285 privati
1356 2222 1461 2272 aut
1484 2219 1764 2284 privandi,
1788 2218 1934 2282 m,

610 2304 746 2353 2322
767 2315 822 2352 ιι.
847 2305 893 2358 1.
922 2304 1058 2354 2336
1082 2307 1111 2371 5
1135 2305 1181 2362 1,
1205 2304 1342 2354 2343
1366 2307 1395 2370 5
1416 2305 1446 2353 2
1468 2317 1522 2354 n.
1545 2304 1595 2359 3.
1617 2302 1770 2357 2345.
1794 2303 1932 2356 2360

613 2381 718 2447 52;
744 2381 979 2446 quinam
1000 2379 1073 2430 ad
1095 2393 1193 2432 eas
1217 2378 1518 2440 inhabiles,
1539 2378 1668 2430 m
1689 2378 1722 2445 5
1743 2380 1767 2430 1
1794 2393 1852 2430 n.
1868 2379 1929 2442 2;

612 2461 851 2527 promoti
872 2460 945 2511 ad
967 2458 1303 2526 dignitatem
1322 2458 1741 2510 cardinalitiam
1772 2460 1934 2511 amit-

612 2543 743 2593 tunt
777 2541 1097 2605 pensiones,
1128 2540 1241 2592 235.

484 2625 865 2675 Pentecosten:
912 2633 979 2671 ea
1020 2620 1111 2671 die
1141 2619 1514 2685 suspenditur
1544 2620 1929 2680 interdictum,

486 2782 874 2846 Peregrinatio
902 2780 1229 2832 recensetur
1252 2779 1407 2831 inter
1437 2779 1769 2846 praecipuas
1804 2793 1931 2845 poe-

611 2863 906 2921 nitentias,
938 2861 1067 2914 2313
1105 2862 1138 2925 5
1165 2860 1188 2910 1
1225 2874 1280 2911 n.
1304 2860 1352 2909 2.

485 2944 805 3007 Peregrini:
840 2942 1092 3007 quinam,
1122 2942 1218 3001 913
1252 2941 1401 3006 quod
1444 2940 1655 2992 attinet
1691 2940 1761 2991 ad
1795 2939 1932 2991 obli-

609 3024 895 3090 gationem
926 3036 997 3073 ex
1031 3021 1151 3086 lege
1184 3020 1581 3079 ecclesiastica,
1619 3020 1680 3072 14
1709 3020 1743 3086 5
1769 3021 1822 3084 1;
1855 3019 1929 3070 ad

608 3104 969 3169 baptismum,
1000 3102 1097 3155 738
1138 3100 1171 3166 5
1202 3100 1261 3161 2;
1295 3100 1367 3151 ad
1399 3099 1812 3152 absolutionem
1843 3114 1931 3152 sa-

608 3183 1027 3242 cramentalem,
1076 3182 1170 3235 881
1225 3181 1354 3247 51;
1404 3182 1475 3232 ad
1515 3180 1929 3247 indulgentias,

607 3264 729 3324 9273
764 3264 836 3314 ad
869 3262 1072 3323 forum,
1110 3261 1233 3313 1562
1263 3261 1295 3328 5
1322 3262 1367 3313 1.

428 3360 429 3363 ’
483 3346 824 3409 Peremptio:
861 3342 1138 3407 rescripti,
1160 3341 1250 3402 61;
1279 3342 1588 3393 instantiae
1607 3341 1749 3402 litis,
1774 3340 1929 3396 1736-

614 3425 751 3485 1739,
790 3424 932 3483 1741,
972 3424 1110 3476 1850.

482 3508 819 3560 Periculum:
845 3504 1072 3555 animae
1094 3502 1184 3553 vel
1205 3502 1454 3568 corporis
1478 3516 1549 3553 ex
1580 3502 1810 3568 proprio
1842 3515 1930 3554 co-

608 3587 801 3651 niuge.
839 3585 958 3637 1131
1008 3584 1040 3648 5
1077 3584 1129 3643 1;
1165 3582 1294 3633 fidei
1334 3581 1423 3634 vel
1456 3582 1771 3647 religionis,
1807 3581 1932 3635 1935

609 3667 641 3733 5
672 3665 733 3724 2;
771 3664 1051 3723 infamiae,
1088 3662 1210 3713 1755
1240 3662 1273 3728 5
1293 3662 1326 3712 2
1358 3676 1413 3713 n.
1447 3662 1507 3723 2;
1546 3661 1930 3727 perversionis

608 3746 866 3810 coniugis
899 3744 988 3795 vel
1023 3743 1214 3809 prolis,
1254 3743 1393 3796 1060.

481 3830 683 3880 Periti:
719 3824 949 3892 quando
993 3837 1187 3875 eorum
1228 3837 1398 3889 opera
1443 3821 1737 3883 utendum,
1783 3821 1925 3883 1792,

611 3909 757 3967 1808;
793 3921 827 3958 a
860 3919 1106 3972 quonam
1138 3903 1495 3971 designandi,
1530 3901 1655 3955 1793
1695 3902 1833 3968 551,
1865 3902 1926 3963 2;

607 4002 894 4048 numerus,
933 3986 1055 4038 1793
1091 3985 1204 4051 53ς
1247 3999 1476 4044 munus,
1513 3983 1653 4043 1794,
1698 3984 1768 4034 cr.
1805 3982 1930 4036 1743

608 4070 639 4136 5
672 4072 727 4129 3;
770 4069 1000 4133 quinam
1040 4065 1394 4132 designandi,
1432 4065 1579 4123 1795;
1625 4065 1925 4125 recusatio,

609 4150 755 4209 17963
790 4147 1067 4214 quomodo
1099 4160 1312 4197 munus
1342 4144 1631 4208 suscipere
1663 4136 1931 4195 censeati-

608 4232 721 4289 tur,
758 4228 877 4280 1797
921 4227 955 4292 5
989 4229 1042 4286 1;
1082 4227 1217 4293 quid
1261 4227 1312 4277 si
1353 4227 1680 4289 susceptum
1712 4238 1928 4276 munus

607 4309 929 4361 dimiserint
950 4309 1050 4359 aut
1074 4321 1186 4359 non
1211 4305 1590 4372 impleverint,
1615 4304 1762 4365 17983
1787 4305 1926 4371 quid

606 4404 675 4441 ex
705 4389 899 4455 peritis
933 4387 1104 4439 iudex
1142 4388 1410 4452 requirat,
1443 4386 1580 4447 1799,
1609 4387 1755 4446 180ος
1791 4399 1926 4451 quo·

606 4471 770 4522 modo
795 4469 954 4533 periti
981 4482 1187 4519 munus
1209 4481 1377 4519 suum
1396 4466 1629 4532 exsequi
1662 4466 1924 4527 debeant,

607 4552 745 4610 1801,
789 4549 936 4607 1802;
971 4548 1108 4613 quid
1141 4548 1192 4599 si
1228 4549 1393 4612 periti
1428 4548 1746 4613 discrepent
1772 4547 1926 4600 inter

605 4646 685 4693 se,
723 4631 846 4683 1803
877 4629 908 4695 5
941 4630 986 4689 1,
1009 4628 1111 4677 aut
1135 4628 1265 4677 {acti
1288 4628 1406 4677 sint
1428 4628 1676 4692 suspecti
1701 4627 1786 4678 vel
1808 4641 1925 4679 non

604 4711 810 4770 idonei,
849 4710 971 4761 1803
1012 4707 1121 4773 523
1158 4707 1227 4758 de
1262 4707 1463 4772 peritia
1485 4721 1521 4758 a
1548 4708 1730 4759 iudice
1752 4708 1922 4758 simul

599 4805 731 4843 cum
770 4803 974 4841 causae
1023 4788 1307 4839 adiunctis
1354 4788 1709 4839 aestimanda
1762 4789 1821 4840 et
1852 4788 1921 4839 de

603 4870 814 4922 iudicis
846 4870 1146 4926 decisione,
1177 4868 1322 4927 1804;
1358 4868 1427 4919 de
1449 4869 1713 4933 expensis
1735 4869 1791 4919 et
1826 4868 1923 4920 ho-

603 4950 839 5019 norariis
864 4950 1193 5014 peritorum,
1223 4948 1371 5007 1805;
1399 4948 1468 4998 de
1493 4949 1691 5013 peritis
1713 4948 1770 4999 in
1793 4963 1923 5001 cau-

602 5031 683 5081 sis
729 5029 1091 5092 Sanctorum,
1133 5028 1276 5089 2031,
1315 5028 1442 5081 203ss
1481 5028 1514 5094 5
1551 5030 1597 5091 1,
1629 5028 1755 5083 w
1803 5028 1835 5096 5
1868 5032 1919 5092 3,

2166 540 2482 602 ferendum,
2518 540 2641 592 1757
2673 540 2706 607 5
2728 542 2762 591 2
2800 554 2859 592 ιι.
2895 542 2942 603 1,
2988 542 3112 594 1795
3151 541 3269 608 52ς
3317 544 3377 596 111
3405 558 3480 596 or·

2166 619 2303 671 dine
2335 619 2410 670 ad
2440 634 2675 685 poenas,
2706 621 2851 674 2333.

2038 700 2410 751 Permutatio:
2455 699 2877 762 beneficiorum,
2929 700 3064 763 1481,
3110 702 3261 763 1483;
3301 718 3475 756 rerum

2166 792 2475 840 sacrarum,
2512 779 2635 832 1539
2677 780 2777 845 51,
2809 779 3048 842 727-7ως
3085 781 3383 835 titulorum
3411 784 3476 836 ad

2167 859 2420 922 latorem,
2456 860 2580 913 1539
2611 859 2643 925 5
2665 860 2716 911 2.

2038 939 2345 991 Pei-mixtio
2377 939 2694 1004 epularum,
2729 940 2848 991 151
2886 941 2919 1007 5
2941 942 2990 991 2.

2034 1020 2377 1083 Perquiaitio
2419 1021 2767 1085 scriptorum
2805 1021 2869 1072 in
2901 1022 3095 1073 causis
3130 1022 3475 1098 Sanctorum,

2035 1180 2346 1232 Personae:
2401 1179 2550 1231 aliae
2591 1181 2892 1245 physicae,
2925 1181 3077 1233 aliae
3112 1182 3381 1234 morales:
3423 1183 3476 1235 in

2162 1259 2407 1312 Ecclesia
2446 1261 2729 1326 quomodo
2770 1262 2899 1326 quis
2939 1263 3330 1314 constituatur
3368 1277 3477 1328 per-

2161 1354 2324 1399 sona,
2344 1340 2436 1401 873
2460 1341 2741 1406 quomodo
2762 1343 3193 1394 constituantur
3216 1357 3476 1409 personae

2162 1420 2421 1481 morales,
2468 1422 2562 1474 100
2613 1420 2736 1486 513
2797 1422 2906 1473 hae
2952 1422 3102 1473 aliae
3142 1423 3474 1486 collegiales.

2160 1500 2309 1552 aliae
2342 1514 2455 1552 non
2497 1500 2840 1567 collegiales,
2882 1503 2974 1561 993
3011 1502 3331 1569 collegialis
3361 1518 3476 1556 con·

2158 1580 2326 1632 stitui
2362 1594 2479 1632 non
2513 1582 2703 1646 potest
2735 1581 2846 1633 nisi
2880 1595 2953 1633 ex
2985 1583 3172 1634 tribus
3204 1583 3474 1644 membris,

2161 1661 2255 1714 100
2276 1660 2308 1726 5
2324 1661 2376 1724 2,
2409 1661 2509 1712 sed
2531 1658 2849 1714 constituta
2872 1665 3082 1724 manet,
3104 1662 3288 1715 donec
3309 1677 3475 1716 unum

2158 1741 2425 1807 supersit,
2458 1740 2519 1792 in
2553 1741 2706 1807 quod
2743 1743 2948 1794 recidit
2981 1743 3043 1794 in
3078 1757 3216 1795 casu
3250 1743 3344 1795 ius
3374 1758 3477 1796 om-

2157 1822 2334 1881 nium.
2372 1821 2463 1875 102
2500 1821 2533 1886 5
2560 1821 2612 1884 2,
2645 1821 2883 1886 proinde
2913 1825 3118 1874 natura
3156 1837 3263 1874 sua
3296 1837 3477 1890 perpe-

2159 1902 2258 1952 tua
2288 1902 2396 1961 est,
2430 1902 2492 1952 at
2536 1902 2828 1967 exstingui
2859 1905 3044 1967 potest
3091 1905 3153 1953 et
3183 1905 3472 1969 quomodo,

2162 1980 2253 2032 102
2282 1981 2317 2047 5
2343 1982 2396 2043 1;
2431 1981 2570 2047 quid
2603 1981 2674 2033 de
2705 1982 2931 2034 actibus
2953 1996 3226 2049 personae
3255 1983 3475 2036 moralis

2155 2061 2277 2112 sive
2310 2060 2622 2127 collegialis
2653 2062 2774 2113 sive
2809 2075 2948 2124 non,
2981 2062 3097 2124 1013
3134 2063 3228 2114 ius
3268 2064 3472 2114 habent

2155 2141 2508 2206 acquirendi,
2574 2141 2857 2195 retinendi
2921 2144 2979 2194 et
3042 2142 3473 2194 administrandi

2159 2219 2305 2271 bona
2348 2220 2698 2286 temporalia,
2743 2222 2869 2273 1495
2898 2221 2932 2288 5
2953 2222 3001 2281 2,
3039 2222 3180 2283 1498,
3216 2223 3344 2275 1⁴oe
3373 2223 3472 2288 51,

2156 2302 2215 2352 et
2248 2301 2556 2352 minoribus
2575 2302 3040 2367 aequiparantur,
3076 2303 3170 2355 1oe
3199 2303 3311 2368 53;
3343 2301 3470 2368 quid

2155 2379 2226 2432 de
2249 2379 2503 2445 ipsarum
2524 2381 2687 2433 bonis
2704 2382 2888 2434 diviso
2912 2383 3158 2447 ipsarum
3177 2384 3474 2443 territorio,

2159 2461 2302 2523 1500,
2343 2463 2447 2513 aut
2486 2461 2632 2527 ipsis
2672 2462 2994 2525 exstinctis,
3040 2464 3192 2523 15013
3237 2464 3310 2514 de
3342 2463 3474 2528 ipsis

2154 2540 2310 2606 quod
2330 2541 2542 2609 attinet
2563 2540 2635 2593 ad
2660 2542 2891 2603 iudicia,
2923 2542 3064 2604 1610,
3091 2543 3215 2594 1557
3237 2542 3319 2608 52
3339 2557 3393 2594 11.
3414 2542 3471 2602 2;

2155 2621 2225 2672 de
2249 2622 2446 2686 poenis
2478 2635 2575 2674 eas
2606 2622 3007 2684 afficientibus,
3037 2623 3168 2674 m
3200 2622 3305 2690 52,
3336 2622 3473 2682 mi,

2153 2701 2298 2761 2235.
2332 2702 2458 2753 2291
2494 2716 2549 2753 ιι.
2578 2704 2624 2756 1.

2025 2781 2594 2835 Perterreiaclentes:
2634 2783 2922 2849 quoslibet
2961 2783 3035 2835 ad
3081 2783 3472 2849 impediendas

2153 2862 2392 2925 litteras,
2446 2865 2573 2924 etc..
2628 2863 2788 2915 Sedis
2824 2863 3189 2928 Apostolicae
3241 2866 3472 2931 eiusque

2156 2943 2371 3009 Legati.
2404 2957 2640 3009 poenae,
2673 2945 2819 2998 2333.

2028 3024 2492 3076 Per-turbationes
2522 3025 2800 3089 publicae:
2837 3023 2910 3075 iis
2930 3037 3094 3090 opem
3120 3024 3268 3077 terre
3290 3024 3470 3078 cleriei

2157 3104 2442 3166 vetantur,
2479 3103 2564 3155 141
2599 3102 2702 3170 51.

2028 3184 2202 3234 Petra
2232 3196 2394 3235 sacra
2425 3183 2557 3235 vide
2589 3186 2802 3236 altare.

2028 3263 2408 3328 Philosophia:
2454 3277 2736 3329 quaenam
2777 3263 3048 3316 sectanda
3089 3264 3153 3315 in
3192 3264 3472 3329 religioni-

2153 3343 2262 3394 bus
2308 3343 2680 3403 clericalibus,
2723 3343 2820 3396 589
2848 3343 2881 3409 5
2927 3345 2981 3403 13
3022 3344 3082 3395 in
3119 3343 3468 3403 Semimriis,

2157 3422 2279 3475 1366
2308 3422 2416 3489 52;
2451 3425 2668 3488 quanto
2707 3425 2958 3489 tempore
2992 3423 3106 3489 ipsi
3139 3425 3469 3479 vacandum.

2154 3503 2250 3555 539
2280 3502 2311 3568 5
2335 3504 2382 3564 1,
2419 3503 2543 3556 1365
2571 3503 2604 3569 5
2628 3504 2674 3553 1.

2027 3584 2369 3635 Phreneticii
2410 3582 2562 3648 quod
2602 3582 2811 3634 attinet
2854 3583 2928 3633 ad
2972 3583 3342 3648 baptismum,
3377 3582 3472 3635 764

2024 3745 2294 3797 Plleolus:
2320 3743 2581 3796 sacerdos
2604 3743 2666 3795 in
2690 3741 2863 3796 Kissa
2883 3744 3173 3796 abstineat
3194 3759 3230 3796 a
3251 3743 3468 3810 pileolo.

2152 3826 2211 3877 et
2240 3825 2474 3890 quinam
2515 3825 2589 3876 ab
2632 3823 2739 3876 hac
2769 3825 2966 3890 regula
2997 3826 3345 3886 eximantur,
3377 3826 3469 3878 811

2151 3904 2260 3972 52ς
2287 3906 2508 3971 praeter
2539 3903 2841 3971 Episcopos
2874 3905 2957 3956 uti
2993 3909 3236 3970 possunt
3270 3905 3470 3971 pileolo

2151 3984 2401 4037 violaceo
2424 3985 2674 4037 Abbates
2706 3984 2795 4037 vel
2827 3984 3071 4037 Praelati
3099 3985 3339 4048 nullius,
3357 3986 3468 4044 εἰ.

2151 4079 2268 4118 non
2299 4067 2492 4118 autem
2522 4066 2758 4118 abbates
2788 4066 2860 4118 de
2890 4066 3188 4132 regimine,
3207 4067 3325 4119 θῶ.

2024 4148 2352 4199 Pluralltaaz
2395 4146 2792 4199 beneficiorum
2827 4146 2954 4197 vide
2991 4148 3305 4211 Bentian
3336 4145 3470 4197 deii-

2148 4229 2384 4288 ctorum,
2418 4226 2560 4281 Q.

2023 4309 2266 4361 Poenae:
2305 4307 2397 4359 ius
2435 4306 2710 4359 Ecclesiae
2742 4321 2839 4358 eas
2861 4306 3180 4373 infligendi,
3200 4307 3334 4359 221⁴
3361 4307 3467 4374 513

2147 4388 2426 4453 quomodo
2446 4402 2481 4440 a
2503 4387 2775 4455 praelatis
2796 4387 3193 4439 ecclesiasticis
3219 4388 3326 4440 hoc
3348 4388 3467 4439 iure

2150 4469 2443 4531 utendum,
2463 4468 2594 4521 2214
2623 4468 2728 4535 52ς
2765 4481 2945 4533 poena
2966 4468 3120 4533 quid,
3154 4467 3313 4528 2215„
3345 4483 3472 4534 poe·

2149 4563 2348 4601 narum
2393 4562 2601 4614 genera
2641 4550 2700 4600 in
2742 4547 3004 4610 Ecclesia,
3044 4547 3199 4608 ml&
3245 4548 3471 4599 divisio

2148 4643 2269 4690 nes,
2289 4629 2442 4689 2217ς
2470 4629 2609 4695 quid
2642 4628 3009 4693 spectandum
3031 4629 3088 4679 in
3116 4628 3470 4681 decernenda

2149 4723 2345 4775 poena,
2370 4709 2499 4760 2218
2530 4708 2562 4774 5
2587 4710 2640 4769 1;
2663 4722 2735 4759 an
2769 4722 2917 4774 quae
2937 4711 3213 4760 excusant
3236 4709 3470 4774 aaroni

2148 4788 2590 4855 imputabilitate
2622 4789 2720 4841 sed
2755 4802 2870 4841 non
2902 4790 2976 4840 ab
2996 4790 3171 4843 omni.
3193 4789 3466 4841 excusent

2147 4884 2184 4920 a
2210 4883 2409 4935 poena,
2444 4869 2614 4920 etiam
2650 4870 2710 4920 in
2745 4869 2866 4920 toro
2898 4872 3155 4929 externe,
3186 4868 3319 4921 2218
3345 4868 3378 4934 5
3406 4868 3465 4927 2;

2145 4963 2456 5015 poenarum
2490 4949 2895 5015 interpretatio,
2928 4949 3055 5001 2219
3094 4948 3207 5014 513
3242 4949 3379 5015 quid
3404 4950 3464 4999 in

2146 5030 2321 5081 dubio
2367 5030 2436 5081 de
2485 5030 2707 5081 iustitia
2758 5043 2973 5095 poenae
3019 5029 3295 5089 inflictae,
3339 5030 3466 5081 2219
