3753 5871
570 217 682 279 518
1706 216 1906 269 Uodoe
1942 216 2104 268 luris
2151 214 2433 268 Cano-id

574 407 833 472 caveat
871 407 1119 471 autem
1159 402 1379 470 iudex
1421 421 1513 470 ne
1551 401 1750 469 mala
1788 400 1933 469 fide
1969 401 2050 469 in
2088 401 2457 487 longiores
2497 406 2573 470 et
2623 419 2768 470 non
2810 401 3288 470 necessarias
3338 419 3574 470 moras

574 509 931 578 iudicium
972 508 1482 595 protrahatur.

1845 617 2025 685 ΟΑΝ.
2073 616 2269 685 1847.

753 743 934 811 Post
976 742 1208 810 latam
1251 760 1426 810 vero
1469 741 1939 825 sententiam,
1996 744 2394 809 contumax
2449 739 2878 809 beneficium
2938 739 3466 810 restitutionis
3507 741 3579 806 in

574 850 946 936 integrum
973 850 1070 919 ad
1100 850 1625 936 appellandum
1654 850 1749 917 ab
1777 850 1944 935 ipso
1966 849 2211 918 iudice
2239 848 2364 935 qui
2390 867 2552 917 eam
2580 848 2786 932 tulit,
2825 852 3074 933 petere
3102 852 3395 933 potest,
3437 866 3577 915 non

576 957 778 1026 ultra
829 961 1076 1025 tamen
1129 958 1505 1026 trimestre
1542 959 1638 1025 ab
1677 958 1917 1043 ipsius
1958 956 2369 1027 sententiae
2418 956 2913 1038 intimatione,
2959 956 3109 1023 nisi
3163 959 3457 1041 agatur
3496 956 3579 1023 de

573 1065 821 1133 causis
858 1083 1045 1149 quae
1079 1083 1225 1132 non
1261 1069 1658 1134 transeunt
1693 1065 1774 1132 in
1813 1084 1968 1132 rem
2008 1063 2412 1133 iudicatam
2454 1060 2509 1129 ².

1836 1224 2016 1292 om.
2063 1224 2260 1292 1848.

750 1347 1055 1434 Regulis
1097 1350 1440 1433 superius
1471 1348 1778 1418 traditis
1812 1350 2038 1417 etiam
2076 1354 2236 1418 tum
2273 1350 2480 1418 locus
2515 1354 2630 1418 est
2659 1366 2827 1417 cum
2863 1368 3058 1432 reus,
3095 1350 3248 1417 etsi
3294 1349 3579 1433 primae

568 1458 911 1526 citationi
941 1459 1581 1543 obtemperaverit,
1612 1458 1700 1527 fit
1725 1462 1975 1526 tamen
2005 1463 2287 1543 postea,
2323 1476 2721 1544 progressu
2747 1456 3033 1538 iudicii,
3068 1461 3495 1525 contumax
3522 1455 3570 1521 ².

1839 1619 2020 1688 om.
2069 1619 2266 1688 1849.

755 1742 840 1812 Si
880 1744 1002 1812 die
1051 1751 1131 1814 et
1180 1744 1388 1827 hora,
1437 1761 1584 1829 qua
1637 1762 1807 1812 reus
1847 1743 2247 1812 secundum
2292 1743 2676 1812 citationis
2719 1743 3269 1828 praescriptum
3326 1759 3579 1810 coram

577 1850 822 1919 iudice
868 1852 1190 1937 primum
1237 1870 1316 1920 se
1362 1852 1591 1934 sistit,
1640 1854 1850 1919 actor
1897 1870 2045 1918 non
2087 1851 2312 1935 adsit,
2362 1851 2787 1937 nullamque
2840 1851 2961 1919 vel
3005 1849 3579 1918 insufficientem

578 1957 956 2027 absentiae
992 1959 1537 2028 excusationem
1571 1960 1943 2041 attulerit,
1992 1959 2213 2028 iudex
2247 1977 2415 2027 eum
2459 1960 2556 2027 ad
2602 1958 3041 2027 instantiam
3078 1959 3187 2026 rei
3225 1958 3581 2026 conventi

574 2065 759 2135 citet
787 2066 1081 2150 iterum3
1119 2072 1196 2135 et
1228 2068 1293 2136 si
1324 2072 1534 2136 actor
1565 2084 1796 2136 novae
1831 2068 2177 2135 citationi
2219 2086 2364 2136 non
2399 2066 2737 2153 paruerit
2768 2067 2884 2135 vel
2917 2070 3178 2151 postea
3207 2066 3579 2134 iudicium

577 2172 926 2242 inchoare
978 2173 1096 2240 vel
1138 2175 1565 2242 inchoatum
1620 2175 1966 2260 prosequi
2012 2175 2441 2261 neglexerit,
2490 2175 2821 2242 instante
2877 2192 3003 2241 reo
3046 2176 3428 2241 convento
3472 2174 3583 2240 vel

576 2286 998 2365 promotore
1027 2281 1363 2351 iustitiae
1394 2288 1529 2352 aut
1561 2282 1945 2351 defensore
1976 2283 2282 2367 vinculi,
2323 2288 2722 2352 contumax
2754 2301 2800 2349 a
2832 2281 3077 2350 iudice
3117 2281 3579 2360 declaretur,

571 2390 832 2458 iisdem
865 2391 1179 2459 servatis
1208 2391 1483 2473 regulis
1511 2409 1697 2474 quae
1725 2410 1957 2477 supra
1980 2391 2307 2459 traditae
2333 2395 2511 2459 sunt
2537 2407 2675 2475 pro
2706 2390 2814 2458 rei
2847 2389 3326 2457 contumacia
3350 2386 3415 2455 ⁸.

1842 2547 2021 2616 CAN.
2075 2547 2270 2616 1850.

754 2672 788 2755 ξ
835 2675 902 2740 1.
951 2674 1250 2742 Actoris
1292 2673 1760 2742 contumacia
1803 2692 1851 2741 a
1885 2674 2128 2743 iudice
2169 2673 2550 2743 declarata
2584 2672 2886 2758 perimit
2919 2672 3251 2740 eiusdem
3298 2672 3585 2741 actoris

576 2778 698 2848 ius
737 2780 833 2849 ad
876 2800 1085 2850 suam
1127 2781 1565 2849 instantiam
1610 2781 2191 2867 prosequendam
2234 2778 2288 2845 ⁴.

756 2887 790 2971 ξ
836 2888 902 2957 2.
952 2889 1432 2959 Permittitur
1482 2894 1730 2959 tamen
1792 2891 2200 2977 promotori
2268 2889 2606 2959 iustitiae
2665 2889 2781 2958 vel
2844 2887 3127 2957 vinculi
3195 2887 3585 2958 defensori

578 2996 1017 3067 instantiam
1065 2999 1311 3066 facere
1357 3017 1566 3067 suam
1623 3017 1929 3083 eamque
1985 2999 2355 3083 prosequi,
2407 2997 2695 3084 quoties
2741 2996 3116 3082 publicum
3175 2996 3471 3065 bonum
3514 2997 3584 3065 id

579 3104 961 3188 postulare
997 3103 1362 3173 videatur.

757 3210 790 3293 ξ
837 3211 904 3278 3.
954 3211 1153 3280 Reus
1181 3217 1429 3281 autem
1459 3213 1722 3283 exinde
1753 3213 1873 3281 ius
1907 3215 2128 3282 habet
2161 3213 2458 3299 petendi
2493 3218 2578 3282 ut
2615 3213 2731 3281 vel
2770 3212 2999 3281 libere
3028 3211 3275 3296 possit
3303 3230 3350 3280 a
3395 3213 3580 3281 iudi·

577 3320 697 3387 cio
733 3319 963 3403 abire,
1004 3321 1123 3389 vel
1165 3322 1373 3388 nulla
1413 3322 1828 3391 habeantur
1875 3322 2126 3390 omnia
2163 3340 2251 3390 eo
2287 3339 2519 3407 usque
2556 3324 2789 3407 gesta,
2828 3320 2947 3388 vel
2984 3318 3378 3388 definitive
3430 3321 3581 3407 ipse

577 3426 1010 3494 absolvatur
1045 3445 1093 3494 a
1131 3427 1488 3513 petitione
1536 3429 1838 3504 actoris.
1881 3429 1997 3498 vel
2040 3429 2423 3505 iudicium,
2466 3428 2769 3497 absente
2820 3445 3107 3512 quoque
3145 3430 3442 3512 actore,
3492 3426 3577 3496 ad

579 3531 797 3600 finem
838 3534 1279 3602 adducatur.

1846 3645 2026 3714 om.
2086 3646 2283 3714 1851.

761 3766 794 3849 ξ
842 3768 908 3835 1.
957 3766 1104 3846 Qui
1149 3772 1546 3836 contumax
1592 3769 2017 3838 declaratus
2061 3772 2601 3842 contumaciam
2648 3792 2857 3842 sua-m
2915 3794 3064 3843 non
3109 3777 3569 3861 purgaverit,

582 3873 735 3943 sive
780 3880 991 3944 actor
1047 3875 1151 3944 sit
1194 3876 1349 3944 sive
1396 3895 1589 3960 reus,
1638 3878 2169 3947 condemnetur
2215 3883 2376 3948 tum
2436 3881 2534 3950 ad
2593 3881 2755 3950 litis
2801 3900 3186 3966 expensas,
3242 3901 3443 3967 quae
3486 3885 3569 3953 ob

581 4000 789 4050 suam
826 3984 1367 4051 contumaciam
1397 3984 1643 4053 factae
1673 3989 1874 4064 sunt,
1914 3990 2073 4054 tum
2104 3988 2355 4070 etiam,
2392 3989 2457 4056 si
2488 4007 2674 4073 opus
2705 3989 2830 4071 sit,
2871 3990 2969 4057 ad
3007 3989 3566 4060 indemnitatem

579 4089 800 4157 alteri
839 4091 1040 4174 parti
1075 4092 1598 4175 praestandam
1628 4093 1681 4161 ⁸.

757 4196 790 4279 ξ
839 4196 905 4263 2.
958 4197 1040 4264 Si
1076 4202 1233 4265 tum
1264 4203 1474 4268 actor
1502 4204 1661 4269 tum
1693 4220 1862 4269 reus
1892 4202 2048 4270 sint
2075 4207 2570 4276 contumaces.
2605 4204 2699 4272 ad
2730 4223 3088 4289 expensas
3124 4204 3289 4273 litis
3326 4209 3564 4275 tenen·

581 4308 709 4371 tur
754 4305 831 4371 in
891 4305 1232 4373 solidum.

764 4493 786 4527 1
823 4492 887 4543 0.
920 4492 1003 4552 18,
1035 4492 1101 4551 X,
1134 4492 1204 4542 de
1234 4489 1529 4542 sententia
1559 4496 1618 4545 ei
1646 4504 1710 4543 re
1742 4490 2025 4551 iudicata,
2061 4493 2144 4553 11,
2180 4493 2261 4545 27.

747 4583 782 4623 *2
826 4583 890 4635 Ο.
933 4581 1015 4642 43,
1048 4582 1112 4633 0.
1146 4583 1245 4642 XI,
1287 4595 1340 4644 q.
1375 4582 1426 4635 3.
1996 4653 1999 4656 y

773 4678 798 4714 ³
827 4674 891 4725 Ο.
922 4675 971 4733 4,
998 4674 1065 4733 x,
1096 4674 1167 4723 de
1193 4673 1378 4732 officio
1407 4677 1464 4725 et
1492 4677 1785 4735 potestate
1811 4673 2029 4726 iudicis
2059 4674 2333 4735 delavati,
2367 4675 2417 4736 1.
2448 4675 2530 4738 293
2563 4687 2613 4728 c.
2646 4676 2696 4737 3,
2729 4677 2795 4736 X,
2827 4677 2898 4727 de
2928 4675 3059 4728 dolo
3096 4681 3156 4729 et
3186 4678 3562 4736 contumacia.

587 4766 669 4827 11,
696 4766 779 4827 143
810 4776 860 4815 c.
890 4765 940 4824 1,
981 4767 1050 4815 de
1080 4763 1212 4814 dolo
1239 4768 1298 4815 et
1333 4765 1722 4825 contumacia,
1754 4766 1837 4826 11,
1870 4765 1923 4825 6,
1958 4766 2019 4816 in
2049 4765 2175 4827 V1⁰;
2204 4766 2343 4828 Reg.
2377 4765 2460 4826 25,
2491 4766 2561 4816 R.
2595 4766 2632 4817 J
2639 4802 2674 4825 .,
2706 4766 2769 4817 in
2799 4765 2927 4817 V10.

761 4861 789 4898 ⁴
823 4855 963 4917 Reg.
999 4855 1080 4915 25,
1117 4855 1186 4905 R.
1224 4854 1261 4906 J
1268 4891 1301 4913 .,
1337 4855 1400 4905 ln
1434 4855 1559 4918 V1⁰;
1592 4855 1852 4917 Regulae
1887 4855 2213 4909 servandae
2250 4858 2312 4907 ln
2350 4856 2588 4908 ludlclis
2623 4855 2781 4918 apud
2827 4856 2884 4909 S.
2923 4856 2994 4908 R.
3032 4856 3224 4911 Rotae
3266 4858 3558 4915 Tribumh

585 4948 616 4996 4
644 4958 778 5009 aug.
820 4946 967 5006 1910,
1002 4946 1028 5007 3
1069 4946 1180 4996 222.

762 5044 786 5078 ³
828 5038 893 5089 O.
920 5038 1003 5097 12,
1029 5039 1095 5098 x,
1123 5039 1194 5088 de
1217 5037 1718 5097 procuratoribus,
1744 5038 1794 5098 1,
1818 5038 1901 5100 383
1924 5051 1973 5090 c.
2005 5037 2055 5099 2,
2085 5039 2137 5098 5,
2165 5038 2215 5100 6,
2250 5039 2315 5099 Χ,
2345 5040 2415 5090 de
2448 5039 2580 5091 dolo
2605 5043 2662 5091 et
2697 5039 3086 5100 contumacia,
3116 5039 3202 5101 11,
3232 5041 3319 5102 14;
3344 5052 3398 5094 c.
3426 5042 3475 5102 3,
3502 5042 3560 5099 X.

588 5128 660 5179 de
689 5139 776 5187 eo,
809 5127 912 5188 qui
947 5128 1212 5178 mittitur
1239 5128 1300 5178 in
1339 5127 1764 5187 possessionem
1793 5139 1973 5180 causa
2011 5133 2102 5181 rei
2132 5131 2476 5189 servandae,
2515 5130 2597 5191 ΙΙ,
2632 5129 2714 5192 15;
2744 5141 2794 5181 c.
2827 5129 2911 5191 28,
2944 5131 3028 5190 44.
3059 5130 3144 5190 64,
3179 5131 3245 5189 X,
3284 5132 3356 5180 de
3385 5129 3559 5191 appel·

590 5219 932 5278 lationibus,
960 5219 1430 5270 recusationibus
1459 5223 1517 5270 et
1545 5217 1953 5279 relationibus,
1985 5221 2067 5282 11,
2097 5220 2178 5282 2&
2202 5232 2253 5272 c.
2284 5221 2335 5281 1,
2369 5223 2440 5272 de
2474 5220 2605 5272 dolo
2635 5225 2692 5271 et
2731 5217 3119 5277 contumacia,
3151 5219 3236 5279 11,
3275 5219 3329 5279 6.
3358 5221 3420 5272 ln
3454 5220 3562 5279 VI&

589 5320 638 5360 c.
675 5311 726 5369 1,
765 5310 836 5360 (le
879 5309 1393 5370 appellationibus,
1432 5310 1513 5371 ΙΙ,
1560 5310 1642 5371 15,
1684 5311 1742 5361 in
1788 5310 1914 5373 V1⁰;
1950 5311 2209 5372 Regulae
2248 5310 2574 5364 servandae
2612 5311 2675 5363 in
2712 5309 2951 5363 iudiciis
2983 5308 3142 5369 apud
3181 5308 3241 5362 S.
3284 5311 3355 5362 R.
3394 5311 3560 5365 Rotae

588 5400 892 5461 Tribunal,
927 5401 959 5451 4
990 5412 1123 5461 aug.
1156 5402 1305 5462 1910,
1342 5401 1368 5462 3
1400 5401 1515 5454 145.
