3753 5871
1055 476 1070 483 ᾖ
1191 394 1368 448 uber
1403 392 2253 456 omnus-Domum
3104 389 3212 449 501

399 586 435 668 5
479 586 547 651 4.
596 583 1048 670 Reprobatio
1091 581 1308 651 testis
1352 580 1514 651 fieri
1567 579 1784 650 debet
1829 580 2035 649 intra
2075 578 2412 649 triduum
2458 584 2853 665 postquam
2907 580 3214 647 testium

211 693 522 763 nomina
554 709 723 761 cum
765 696 981 777 parte
1027 690 1575 758 communicata
1613 689 1947 771 fuerunt,
1993 705 2127 755 nec
2178 690 2439 772 postea
2485 686 2694 754 facta
2734 678 3210 767 admittatur,

212 799 369 867 nisi
396 818 446 868 a
471 802 688 884 parte
707 797 1259 867 demonstretur
1287 796 1405 865 vel
1431 795 1692 865 saltem
1719 781 2141 863 iuramento
2166 793 2573 863 affirmetur
2597 793 2967 863 defectum
2995 795 3214 862 testis

209 910 443 976 antea
478 906 622 974 sibi
669 910 928 975 notum
968 922 1116 972 non
1152 905 1387 972 fuisse
1436 899 1488 966 ¹.

398 1014 433 1098 ξ
477 1015 546 1082 5.
597 1013 830 1082 Iudex
871 1017 1118 1080 autem
1157 1012 1700 1097 reprobationis
1730 1010 2262 1079 discussionem
2294 1010 2371 1077 in
2408 1007 2627 1077 finem
2670 1009 2831 1077 litis
2867 1013 3214 1093 reservet,

217 1122 371 1189 nisi
405 1125 671 1191 contra
711 1125 973 1191 testem
1014 1125 1161 1189 stet
1204 1120 1710 1205 praesumptio
1749 1119 1965 1203 iuris,
2006 1121 2143 1186 aut
2178 1118 2514 1186 defectus
2560 1117 2667 1186 sit
2717 1116 3055 1186 notorius
3094 1117 3213 1185 vel

217 1230 479 1297 statim
523 1248 611 1296 ac
644 1229 867 1297 facile
900 1227 1200 1313 probari
1237 1228 1475 1312 possit
1510 1228 1628 1295 vel
1671 1232 1929 1312 postea
1965 1227 2267 1313 probari
2311 1230 2629 1312 nequeat
2673 1222 2723 1287 ²·

1492 1422 1671 1490 CAN.
1723 1421 1918 1489 1765.

398 1565 684 1634 Citatio
717 1566 1022 1633 testium
1060 1564 1150 1634 fit
1184 1565 1599 1634 ministerio
1644 1565 1941 1646 iudicis,
1981 1566 2277 1634 decreto
2316 1564 2878 1646 interveniente,
2928 1566 3005 1631 et
3041 1563 3213 1631 inti·

221 1672 500 1742 manda
532 1678 647 1743 est
680 1674 998 1743 testibus
1032 1675 1128 1742 ad
1168 1691 1499 1742 normam
1537 1692 1702 1742 can.
1746 1673 2121 1742 1715-1723
2162 1668 2215 1735 ³.

1489 1870 1668 1942 om.
1719 1871 1913 1940 1766.

404 2009 438 2092 ξ
486 2013 552 2076 1,
603 2011 846 2080 Testis
873 2011 1016 2081 rite
1038 2011 1318 2080 citatus
1343 2030 1603 2097 parere
1628 2011 1843 2081 debet
1871 2016 2008 2080 aut
2037 2028 2339 2078 causam
2368 2027 2545 2079 suae
2577 2010 2958 2079 absentiae
2989 2008 3222 2077 iudici

222 2118 477 2184 notam
523 2119 769 2187 facere
813 2118 867 2184 ⁴.

404 2225 439 2308 ξ
485 2225 552 2291 2,
603 2226 846 2295 Testis
877 2225 1325 2311 inobediens,
1358 2227 1485 2312 qui
1510 2244 1770 2312 nempe
1800 2228 1962 2296 sine
1986 2227 2322 2313 legitima·
2343 2244 2571 2294 causa
2598 2243 2748 2294 non
2772 2225 3218 2308 comparuit,

223 2335 387 2416 aut,
437 2334 581 2402 etsi
638 2334 1082 2418 comparuit,
1139 2334 1388 2402 renuit
1438 2335 1879 2419 respondere
1926 2335 2044 2403 vel
2091 2333 2611 2402 iusiurandum
2674 2337 3057 2418 praestare
3106 2331 3222 2400 vel

223 2440 696 2509 attestationi
729 2440 1212 2522 subscribere,
1245 2461 1290 2510 a
1321 2442 1563 2510 iudice
1597 2445 1843 2527 potest
1872 2442 2224 2528 congruis
2254 2442 2511 2527 poenis
2548 2440 2870 2510 coerceri
2910 2443 2987 2508 et
3024 2440 3221 2507 insu·

217 2569 355 2633 per
379 2551 728 2618 mulctari
752 2569 892 2635 pro
916 2557 1086 2619 rata
1104 2552 1359 2620 damni
1385 2553 1577 2636 quod
1600 2572 1688 2621 ex
1711 2552 1874 2621 eius
1898 2551 2403 2620 inobedientia
2423 2549 2765 2634 partibus
2790 2549 3135 2617 obveniat
3159 2545 3211 2613 ⁵.

1010 2862 1180 2929 Am.
1228 2865 1350 2930 111.
1400 2899 1457 2912 -
1517 2866 1614 2927 De
1650 2866 2104 2929 iureiurando
2146 2865 2439 2928 testium.

1506 3065 1684 3132 OAN.
1735 3065 1909 3133 1767
1914 3113 1932 3131 .

411 3206 446 3289 ξ
492 3209 559 3274 1.
610 3207 877 3291 Testis,
955 3212 1353 3293 antequam
1415 3207 1922 3276 testimonium
1999 3207 2197 3289 edat,
2264 3206 2784 3274 iusiurandum
2848 3211 3233 3290 praestare

229 3313 449 3383 debet
481 3315 573 3382 de
609 3318 771 3383 tota
814 3333 904 3383 ac
939 3316 1096 3383 sola
1130 3316 1447 3384 veritate
1480 3314 1818 3397 dicenda,
1861 3316 2068 3383 salvo
2103 3314 2566 3399 praescripto
2599 3331 2766 3381 can.
2806 3314 2981 3382 1758
3030 3314 3079 3381 ⁸.

413 3420 447 3503 ξ
495 3421 561 3487 2,
612 3421 877 3490 Partes
913 3440 1255 3511 earumve
1291 3429 1811 3508 procuratores
1856 3422 2349 3507 praestationi
2385 3421 2877 3491 iurisiurandi
2925 3423 3231 3491 testium

233 3528 585 3596 assistere
631 3533 968 3613 possunt,
1010 3530 1218 3598 salvo
1254 3532 1720 3616 praescripto
1754 3549 1918 3598 can.
1965 3530 2160 3597 1763.
2927 3617 2929 3619 1

415 3636 449 3718 §
494 3635 562 3703 3.
614 3637 981 3719 Testibus,
1024 3639 1089 3704 si
1120 3638 1213 3707 de
1241 3639 1406 3706 iure
1445 3639 1772 3723 partium
1802 3656 2001 3706 mere
2038 3637 2337 3722 privato
2361 3641 2658 3724 agatur,
2693 3638 2972 3723 poterit
3001 3639 3228 3707 insin-

236 3743 578 3827 randum,
621 3749 937 3829 utraque
973 3750 1188 3829 parte
1227 3747 1757 3828 consentiente,
1802 3746 2086 3814 remitti
2148 3744 2200 3813 ⁷.

417 3849 450 3932 ξ
497 3851 563 3916 4.
617 3851 760 3919 Sed
794 3853 1019 3920 etiam
1052 3872 1219 3921 cum
1262 3853 1781 3921 iusiurandum
1814 3872 1859 3921 a
1904 3857 2094 3922 teste
2130 3872 2276 3921 non
2317 3852 2667 3939 exigitur,
2714 3853 2936 3922 iudex
2971 3855 3235 3922 testem

234 3958 846 4027 commonefaciat
872 3960 1122 4044 gravis
1145 3961 1645 4045 obligationis,
1675 3980 1818 4046 qua
1842 3980 2129 4046 semper
2153 3965 2475 4044 tenetur,
2499 3960 2890 4030 veritatem
2911 3960 3231 4030 dicendi.

420 4203 441 4238 ¹
480 4201 545 4255 Ο.
575 4203 659 4264 31,
687 4204 754 4263 Χ,
786 4204 857 4253 de
889 4202 1139 4252 testibus
1173 4205 1234 4255 et
1262 4201 1769 4262 attestationibus,
1800 4202 1885 4263 ΙΙ,
1918 4202 2000 4255 20.

413 4294 547 4347 ²C.
589 4295 639 4353 3,
681 4294 745 4345 C.
800 4294 902 4352 IV,
944 4306 999 4355 q.
1041 4293 1544 4355 2et3;c.„7X
1589 4294 2593 4356 detesiibusoooeudisveluon,
2640 4296 2723 4368 ΙΙ,
2767 4296 2849 4359 21;
2886 4297 3021 4357 c.,1
3067 4295 3133 4357 X,
3166 4296 3235 4346 de

245 4382 704 4442 acceptionibus,
735 4383 819 4442 ΙΙ,
851 4383 931 4434 25.

418 4472 3235 4539 ssmcsOff.,1nstr.(adnp.mtuumor1ent.,)a.1883,t1t.11,.ns;s.0·..de1>rop

249 4564 1086 4624 Fidewinstralsssiino

419 4661 443 4695 ⁴
484 4655 549 4707 G.
586 4655 637 4715 7,
666 4656 732 4714 X,
767 4656 838 4705 de
867 4654 1120 4706 testibus
1153 4660 1212 4706 et
1239 4654 1745 4714 attestationibus,
1778 4655 1859 4717 11,
1893 4655 1974 4717 Q
1998 4667 2050 4708 c.
2080 4655 2187 4717 1-3,
2223 4655 2275 4717 5,
2307 4655 2359 4717 6,
2389 4655 2529 4718 8-11,
2557 4657 2625 4716 X,
2656 4656 2728 4706 de
2758 4654 3008 4705 testibus
3039 4663 3238 4713 coacu-
3341 4717 3343 4719 q

248 4744 340 4796 dis
366 4744 460 4796 vel
483 4756 620 4803 vion,
649 4746 731 4806 ΙΙ,
760 4746 842 4796 21,

419 4842 444 4874 ⁵
487 4836 551 4887 O.
588 4837 691 4896 1·6,
734 4836 871 4897 8-11,
905 4837 970 4897 X,
1007 4837 1077 4886 eie
1121 4835 1370 4887 testibus
1403 4835 1677 4895 nocendis
1712 4836 1803 4886 vel
1837 4847 1972 4895 nou,
2010 4835 2093 4896 ΙΙ,
2130 4835 2211 4897 213
2244 4836 2505 4898 Regulae
2539 4834 2864 4886 servandae
2906 4833 2968 4885 in
3005 4834 3244 4887 iudiciis

249 4925 407 4986 apud
440 4925 498 4978 S.
530 4926 600 4978 R.
636 4926 826 4978 Rotae
855 4927 1161 4985 Tribunal,
1200 4927 1234 4977 4
1263 4938 1396 4986 aug.
1431 4926 1580 4985 1910,
1618 4926 1644 4987 5
1677 4927 1793 4986 114,
1825 4938 1884 4977 n.
1916 4927 1965 4976 4.

421 5023 447 5058 ⁶
489 5017 555 5068 C.
587 5016 638 5077 7,
679 5018 744 5068 G.
782 5017 863 5073 11,
897 5030 950 5078 q.
984 5018 1033 5079 1;
1069 5029 1118 5067 c.
1151 5015 1235 5077 20,
1267 5017 1332 5068 C.
1372 5016 1488 5076 ΙΙΙ,
1522 5029 1576 5078 (ι.
1608 5017 1658 5077 9;
1688 5028 1738 5066 c.
1770 5016 1821 5075 3,
1857 5017 1923 5068 G.
1958 5016 2060 5076 lv,
2094 5028 2149 5077 (ι.
2184 5016 2218 5067 2
2254 5019 2317 5067 et
2349 5015 2398 5077 3;
2430 5026 2480 5066 c.
2512 5014 2563 5076 5,
2596 5013 2679 5075 17,
2709 5013 2793 5076 29,
2825 5015 2909 5075 39,
2941 5014 3024 5075 47,
3056 5015 3143 5075 51,
3173 5015 3241 5077 X,

251 5110 324 5160 de
365 5105 616 5159 testibus
658 5110 716 5157 ei
761 5106 1268 5165 enodationibus,
1316 5107 1397 5167 11,
1453 5107 1534 5169 20;
1574 5118 1623 5158 c.
1670 5108 1721 5166 1,
1753 5107 1819 5166 X,
1868 5108 1939 5156 de
1985 5103 2495 5166 consanauiniwre
2537 5108 2598 5156 ei
2644 5102 2956 5164 affinitate,
3004 5105 3105 5166 lv,
3161 5107 3245 5167 14;

250 5210 300 5251 c.
341 5198 426 5258 31,
457 5198 524 5258 Χ,
568 5199 639 5247 de
670 5197 942 5255 simonia,
981 5202 1038 5249 ei
1070 5209 1144 5247 uc
1177 5196 1406 5257 aliquia
1440 5210 1546 5259 pro
1579 5197 1993 5256 spiritualibus
2026 5197 2304 5257 emautur
2341 5195 2436 5246 vel
2470 5195 2876 5256 promittatur,
2913 5194 2984 5256 V,
3019 5194 3070 5258 83
3106 5195 3238 5248 SD.

254 5288 358 5348 Dp.
394 5291 458 5340 et
491 5287 654 5349 Reg„
694 5288 864 5339 instr.
904 5289 968 5338 11
1013 5288 1133 5339 iun.
1170 5287 1319 5348 1880,
1355 5300 1414 5339 n.
1454 5287 1536 5350 18;
1573 5287 1630 5340 S.
1665 5287 1730 5340 G.
1763 5288 1850 5348 Ο..
1888 5288 2060 5340 instr.
2101 5287 2167 5338 22
2199 5298 2333 5348 aug.
2380 5284 2528 5348 :8403
2565 5284 2622 5338 S.
2669 5285 2736 5338 O.
2768 5284 2843 5337 de
2873 5286 3045 5347 Pron.
3079 5285 3245 5347 Fide,

254 5379 422 5431 instr.
463 5391 518 5430 a.
549 5377 697 5436 1883,
738 5390 794 5428 n.
826 5377 1042 5438 XV111;
1073 5377 1334 5439 Regulae
1364 5377 1690 5430 servandae
1723 5380 1783 5429 in
1817 5379 2056 5430 iudiciis
2085 5376 2244 5437 apud
2276 5375 2335 5429 S.
2377 5376 2448 5428 R.
2483 5375 2675 5428 Rotae
2703 5376 3013 5438 Tribumu,
3046 5378 3079 5428 4
3109 5389 3243 5438 aug.

251 5469 400 5531 1910,
433 5469 459 5530 5
490 5469 607 5528 114,
639 5481 697 5519 n.
730 5469 780 5520 2.

435 5564 457 5600 ⁷
491 5561 556 5612 G.
588 5560 671 5620 39,
701 5560 766 5620 Χ,
798 5561 870 5610 de
907 5558 1158 5613 testibus
1186 5563 1244 5610 et
1281 5558 1787 5618 attestationibus,
1823 5559 1906 5621 ΙΙ,
1937 5558 2018 5612 20.
