3753 5871
564 274 680 333 544
1713 274 1912 326 Gom
1948 272 2110 325 lum
2160 272 2443 325 oenomai

1856 498 2034 567 om.
2066 498 2264 566 1956.

750 641 842 708 In
873 642 1168 710 delictis
1192 641 1682 728 gravioribus,
1714 642 1780 709 si
1814 642 2262 710 Ordinarius
2293 646 2594 713 censeat
2620 662 2788 711 cum
2817 642 3145 713 fidelium
3173 644 3581 712 offensione

572 751 1025 836 imputatum
1057 751 1485 819 ministra-re
1522 752 1756 819 sacris
1792 756 1928 819 aut
1959 751 2194 820 officio
2223 752 2477 837 aliquo
2508 751 2891 837 spirituali
2922 751 3436 820 ecclesiastico
3465 751 3576 819 vel

574 859 702 942 pio
739 858 955 944 fungi
991 863 1125 927 aut
1164 859 1260 927 ad
1299 876 1583 926 sacram
1627 859 1982 946 synaxim
2033 860 2326 944 publice
2370 860 2738 944 accedere,
2782 863 3053 945 potest,
3094 860 3369 928 audito
3419 879 3577 945 pro

573 971 855 1036 motore
886 967 1247 1049 iustitiae,
1282 986 1449 1035 eum
1487 988 1535 1036 a
1571 985 1786 1035 sacro
1816 968 2256 1050 ministerio,
2291 969 2386 1036 ab
2417 968 2719 1035 illorum
2751 967 3153 1036 officiorum
3182 968 3577 1048 exercitio,

570 1075 690 1141 vel
724 1074 949 1142 etiam
984 1093 1032 1142 a
1065 1074 1361 1158 publica
1400 1093 1654 1143 sacrae
1701 1075 2022 1161 synaxis
2056 1075 2633 1161 participatione
2669 1076 3055 1160 prohibere
3098 1077 3197 1144 ad
3238 1095 3580 1144 normam

568 1198 737 1248 can.
768 1180 966 1263 2222,
1006 1181 1041 1265 ξ
1076 1180 1143 1247 2.

1852 1308 2031 1375 CAN.
2067 1308 2263 1375 1957.

748 1448 1046 1516 Pariter
1081 1448 1146 1516 si
1181 1448 1402 1517 iudex
1436 1454 1733 1519 censeat
1769 1453 2199 1518 accusatum
2245 1469 2459 1534 posse
2501 1452 2818 1520 testibus
2855 1450 3193 1519 timorem
3233 1452 3579 1521 incutere

573 1562 709 1625 aut
726 1576 851 1626 eos
878 1558 1308 1640 subornare,
1339 1562 1474 1625 aut
1498 1557 1650 1627 alio
1672 1558 1888 1626 modo
1910 1558 2248 1626 iustitiae
2268 1576 2569 1625 cursum
2593 1559 2977 1643 impedire,
3002 1563 3277 1643 potest,
3310 1561 3581 1628 audito

574 1667 992 1749 promotore
1026 1664 1387 1745 iustitiae,
1417 1665 1714 1733 decreto
1740 1684 1878 1733 suo
1911 1666 2287 1750 mandare,
2322 1670 2411 1735 ut
2436 1666 2565 1734 ille
2590 1667 2686 1735 ad
2716 1672 3008 1752 tempus
3034 1668 3338 1737 deserat
3373 1671 3579 1754 oppi-

568 1775 747 1842 dum
780 1776 891 1842 vel
935 1773 1349 1858 paroeciam
1394 1774 1790 1858 quandam,
1832 1775 1950 1841 vel
1980 1775 2204 1843 etiam
2241 1779 2327 1843 ut
2360 1775 2655 1843 secedat
2687 1775 2768 1842 in
2802 1770 3281 1860 praefinitum
3326 1778 3577 1845 locum

573 1883 820 1968 ibique
853 1883 990 1949 sub
1023 1882 1384 1966 peculiari
1418 1882 1812 1966 vigilantia
1846 1889 2168 1951 maneat.

1854 2078 2033 2145 CAN.
2070 2078 2266 2145 1958.

744 2215 1065 2284 Decreta
1089 2217 1182 2285 de
1211 2217 1477 2303 quibus
1504 2219 1583 2286 in
1617 2236 1782 2286 can.
1815 2219 2011 2297 1956,
2043 2219 2214 2286 1957
2242 2219 2427 2287 ferri
2456 2223 2853 2305 nequeunt,
2893 2221 3039 2287 nisi
3070 2240 3196 2289 reo
3230 2222 3486 2291 citato
3511 2230 3584 2291 et

564 2330 1038 2408 comparente
1073 2326 1190 2393 vel
1216 2332 1672 2410 contumace,
1707 2327 1860 2395 sive
1898 2331 2069 2411 post
2102 2328 2418 2413 prima-m
2450 2330 2610 2397 eius
2640 2328 3096 2397 auditionem
3129 2348 3264 2397 seu
3295 2332 3575 2399 consti·

568 2439 843 2512 tutum,
877 2434 1030 2503 sive
1059 2440 1318 2518 postea
1350 2435 1430 2502 in
1465 2436 1781 2503 decursu
1812 2453 2220 2520 processus;
2250 2440 2326 2503 et
2352 2441 2617 2504 contra
2646 2436 2898 2504 eadem
2929 2455 3078 2505 non
3105 2436 3359 2505 datur*
3384 2438 3579 2506 iuris

570 2543 995 2611 remedium.

1856 2653 2036 2721 CAN.
2068 2652 2265 2720 1959.

743 2794 834 2861 In
869 2794 1177 2879 reliquis
1209 2797 1597 2862 serventur
1629 2795 1928 2880 regulae
1957 2796 2037 2861 in
2081 2793 2422 2861 Sectione
2455 2793 2707 2861 Prima
2743 2793 2965 2861 huius
2998 2794 3206 2862 Libri
3244 2798 3585 2865 traditae

565 2906 640 2970 et
673 2902 750 2968 in
785 2900 1193 2972 inflictione
1229 2920 1631 2988 poenarum
1676 2901 2095 2970 sanctiones
2138 2901 2217 2969 in
2253 2901 2479 2970 Libro
2509 2896 2794 2981 Quinto
2833 2904 3186 2972 statutae.

1744 3252 2169 3321 TITULUS
2216 3252 2356 3319 XX.

1507 3400 1608 3467 De
1656 3401 1886 3467 causis
1935 3399 2607 3469 matrimonialibus.

1864 3607 2125 3674 CAPUT
2177 3607 2241 3673 Ι.

1636 3750 1749 3817 Do
1782 3753 1950 3837 foro
1988 3749 2456 3837 competenti.

1842 3949 2019 4016 CAN.
2058 3948 2253 4016 1960.

721 4091 1009 4161 Causae
1055 4091 1639 4160 matrimoniales
1678 4091 1876 4159 inter
1923 4090 2341 4177 baptizatos
2378 4091 2541 4159 iure
2582 4091 2891 4176 proprio
2925 4097 3001 4160 et
3037 4091 3425 4162 exclusivo
3467 4093 3563 4161 ad

553 4199 868 4268 iudicem
902 4199 1480 4269 ecclesiasticum
1515 4204 1854 4285 spectant
1899 4196 1950 4264 ².

1829 4377 2007 4446 CAN.
2041 4377 2235 4445 1961.

724 4519 1012 4589 Causae
1043 4522 1133 4589 de
1159 4520 1541 4590 effectibus
1576 4521 2033 4589 matrimonii
2059 4538 2255 4589 mere
2282 4521 2649 4604 civilibus,
2681 4520 2746 4588 si
2773 4520 3298 4606 principaliter
3324 4540 3557 4608 agan·

552 4633 703 4711 tur,
742 4629 1121 4714 pertinent
1159 4631 1254 4699 ad
1288 4629 1575 4698 civilem
1612 4630 2132 4715 magistratum
2168 4630 2262 4698 ad
2300 4648 2629 4698 normam
2665 4648 2829 4697 can.
2870 4629 3061 4713 10163
3095 4630 3221 4698 sed
3265 4631 3333 4697 si
3367 4632 3555 4700 inci-

732 4892 751 4928 1
791 4892 963 4944 Cone.
1008 4892 1296 4952 Trident„
1334 4904 1477 4944 sess.
1513 4892 1712 4953 xxn',
1755 4893 1825 4942 de
1860 4889 2256 4949 matrimonio,
2302 4901 2430 4940 can.
2468 4889 2549 4949 12:
2584 4890 2726 4941 Plus
2760 4890 2895 4948 vn,
2930 4891 3106 4941 breve
3150 4888 3227 4940 ad
3268 4890 3552 4951 archiep.

552 4983 900 5045 Moguntin..
926 4982 960 5035 8
982 4986 1095 5036 oct.
1121 4982 1268 5044 180&
1296 4980 1438 5034 Plus
1463 4983 1560 5044 IX,
1591 4983 1708 5036 litt.
1742 4994 1836 5043 ap.
1867 4997 1899 5033 α
1924 4981 2013 5033 Aa
2039 4981 2407 5040 apostoncae
2433 4996 2481 5040 n,
2518 4980 2582 5030 22
2607 4992 2742 5041 aug.
2775 4978 2921 5041 1851;
2943 4991 3034 5040 ep.
3065 4993 3097 5029 α
3125 4977 3210 5028 La
3242 4977 3472 5029 lettere
3502 4995 3550 5035 ι.

546 5076 581 5128 9
618 5076 765 5134 sept.
800 5072 946 5134 18523
974 5073 1211 5125 allocut.
1250 5089 1281 5122 α
1314 5071 1767 5123 acerbissimum
1809 5088 1856 5134 n,
1891 5073 1955 5124 27
1985 5075 2133 5133 sept.
2166 5071 2313 5133 1852:
2346 5070 2622 5132 Syllabas
2659 5081 2943 5129 errorum,
2980 5081 3141 5130 prop.
3175 5070 3261 5131 ⁷4:
3295 5071 3547 5123 allocut.

547 5182 579 5216 α
602 5166 914 5224 Nunquam
941 5167 1098 5214 certe
1123 5178 1172 5223 ι,
1201 5164 1267 5214 22
1293 5165 1411 5216 iun.
1441 5163 1588 5225 1868:
1617 5165 1735 5216 Leo
1759 5164 1927 5222 XIII,
1952 5175 2044 5223 ep.
2071 5163 2290 5224 encycl.
2320 5176 2352 5212 α
2382 5160 2725 5212 Immortale
2753 5160 2864 5210 Dei
2896 5175 2945 5220 ι,
2973 5163 3004 5211 1
3029 5172 3163 5212 nov.
3196 5159 3352 5223 1885;
3381 5160 3446 5213 S.
3480 5161 3545 5214 C.

549 5259 607 5309 Β.
659 5257 797 5317 Otr„
840 5255 1011 5308 lustr.
1061 5254 1163 5314 (ad
1206 5255 1402 5307 Praei.
1447 5255 1713 5306 Mission.
1766 5254 2120 5308 Martinicae
2155 5255 2317 5314 etc),
2357 5252 2391 5304 6
2429 5252 2533 5302 iul.
2575 5250 2722 5311 18173
2769 5250 2941 5302 lustr.
2994 5250 3096 5310 (ad
3137 5251 3245 5312 ΕΙ).
3296 5252 3545 5304 Rituum

545 5348 824 5407 Oricum,
866 5360 922 5398 a.
963 5345 1110 5407 188&
1147 5345 1210 5397 25
1250 5347 1370 5397 iun.
1412 5345 1558 5407 1885;
1595 5343 1750 5398 decr.
1800 5345 1864 5396 27
1901 5345 2047 5397 mail
2081 5344 2230 5405 1886,
2270 5343 2349 5395 ad
2387 5343 2436 5402 1,
2470 5343 2552 5403 112
2602 5341 2659 5394 S.
2711 5341 2775 5394 Ο.
2817 5340 2891 5393 de
2932 5342 3104 5402 Prop.
3152 5341 3324 5401 Fide,
3366 5344 3539 5394 lustr.

536 5451 600 5488 Aa.
628 5439 776 5498 1883,
807 5449 864 5487 n.
895 5438 944 5487 1.
