3753 5871
1312 391 1488 442 haber
1516 392 1756 443 Tertius
1787 416 1809 430 ·
1845 391 1936 442 Do
1975 393 2172 444 Rom
3152 392 3264 452 245

1558 600 1738 667 om.
1786 598 1942 667 854.

441 727 477 810 5
524 730 593 794 1.
643 727 932 811 Pueris,
978 726 1105 812 qui
1138 728 1445 812 propter
1475 723 1748 791 aetatis
1780 722 2364 790 imbecillitatem
2396 722 2724 790 nondum
2762 721 2984 788 huius
3015 739 3253 788 sacra-

264 837 494 904 menti
524 835 1020 921 cognitionem
1054 838 1135 903 et
1173 836 1472 919 gustum
1509 832 1806 913 habent,
1845 829 2327 897 Eucharistia
2373 849 2464 897 ne
2497 828 2967 896 ministretur
3004 826 3054 895 ¹.

442 943 478 1026 5
524 942 592 1008 2.
641 942 735 1009 In
762 942 1093 1028 periculo
1117 941 1405 1025 mortis,
1437 947 1523 1010 ut
1550 938 2024 1008 sanctissima
2048 937 2527 1005 Eucharistia
2554 936 2807 1021 pueris
2836 936 3253 1004 ministrari

262 1051 500 1136 possit
556 1069 647 1118 ac
705 1051 991 1133 debeat,
1043 1050 1230 1117 satis
1289 1053 1404 1117 est
1454 1052 1542 1117 ut
1588 1048 1834 1116 sciant
1893 1046 2184 1131 Corpus
2234 1045 2519 1113 Christi
2568 1064 2613 1112 a
2666 1045 3040 1113 communi
3087 1044 3252 1112 cibo

255 1158 676 1226 discernere
711 1157 1043 1242 illudque
1081 1158 1500 1225 reverenter
1536 1155 1856 1223 adorare
1884 1152 1938 1222 '.

431 1264 466 1347 §
512 1265 581 1333 3.
630 1265 871 1333 Extra
910 1265 1174 1332 mortis
1214 1263 1624 1347 periculum
1678 1262 1969 1347 plenior
2006 1261 2335 1346 cognitio
2377 1260 2762 1327 doctrinae
2800 1257 3254 1325 christianae

255 1377 335 1442 et
375 1372 802 1441 accuratior
835 1371 1312 1457 praeparatio
1354 1371 1621 1439 merito
1663 1370 2015 1455 exigitur,
2055 1387 2144 1437 ea
2182 1367 2490 1450 scilicet,
2533 1384 2677 1452 qua
2716 1366 2864 1450 ipsi
2900 1363 3073 1432 fidei
3110 1365 3248 1431 sal·

255 1485 407 1548 tem
444 1479 801 1566 mysteria
835 1479 1247 1547 necessaria
1278 1478 1717 1548 necessitate
1748 1478 1973 1546 medii
2011 1477 2106 1544 ad
2140 1475 2453 1543 salutem
2488 1493 2625 1559 pro
2658 1492 2792 1542 suo
2821 1476 3048 1557 captu
3091 1490 3248 1556 per·

253 1587 570 1672 cipiant‚
599 1591 678 1656 et
703 1587 963 1656 devote
988 1606 1127 1672 pro
1159 1606 1337 1655 suae
1363 1586 1638 1655 aetatis
1664 1586 1967 1654 modulo
1998 1585 2094 1652 ad
2125 1582 2667 1651 sanctissimam
2698 1580 3248 1647 Eucharistiam

254 1694 617 1761 accedant
649 1694 702 1762 ³.

435 1801 470 1884 §
516 1802 584 1867 4.
634 1802 747 1870 De
789 1800 1181 1870 sufficienti
1217 1819 1613 1886 puerorum
1648 1801 2135 1885 dispositione
2173 1802 2271 1870 ad
2305 1802 2621 1886 primam
2665 1800 3249 1870 communionem

250 1909 612 1977 iudicium
644 1914 804 1977 esto
834 1908 1197 1977 sacerdoti
1236 1928 1281 1977 a
1311 1908 1899 1977 confessionibus
1927 1926 2324 1994 eorumque
2361 1910 2796 1993 parentibus
2825 1913 2962 1977 aut
2993 1909 3089 1978 iis
3121 1909 3247 1994 qui

251 2015 418 2085 loco
456 2019 849 2100 parentum
901 2020 1079 2083 sunt
1105 2016 1158 2084 ⁴.

430 2124 465 2206 5
512 2124 579 2191 5.
630 2123 965 2192 Parocho
1005 2128 1254 2192 autem
1296 2127 1412 2193 est
1451 2121 1767 2191 officium
1820 2121 2306 2209 advigilandi,
2354 2122 2580 2214 etiam
2622 2142 2756 2209 per
2807 2140 3138 2205 examen,
3184 2124 3250 2190 si

250 2236 755 2316 opportunum
809 2231 1216 2317 prudenter
1259 2230 1726 2312 iudicaverit,
1773 2249 1865 2298 ne
1909 2229 2123 2314 pueri
2176 2229 2274 2298 ad
2318 2249 2605 2298 sacram
2651 2231 3005 2317 synaxim
3048 2248 3243 2299 acce-

250 2338 441 2407 dant
486 2342 664 2407 ante
698 2340 1049 2424 adeptum
1089 2356 1304 2408 usum
1346 2337 1664 2406 rationis
1698 2337 1815 2406 vel
1855 2337 2016 2405 sine
2054 2335 2446 2406 sufficienti
2492 2337 3001 2423 dispositione;
3041 2337 3246 2405 item-

251 2465 394 2532 que
426 2446 745 2515 curandi
783 2450 870 2515 ut
908 2464 1121 2514 usum
1163 2446 1479 2515 rationis
1514 2445 1838 2513 assecuti
1873 2449 1952 2512 et
1990 2443 2436 2513 sufficienter
2481 2445 2830 2531 dispositi
2878 2447 3246 2531 quampri-

249 2569 452 2620 mum
487 2553 623 2621 hoc
649 2552 906 2621 divino
935 2553 1102 2622 cibo
1134 2552 1566 2622 reficiantur
1591 2551 1646 2618 ⁸.

1550 2706 1729 2775 om.
1770 2706 1925 2775 855.

435 2810 470 2893 §
516 2812 583 2878 1.
633 2811 957 2881 Arcendi
1003 2816 1179 2879 sunt
1231 2812 1327 2880 ab
1371 2813 1850 2883 Eucharistia
1906 2816 2199 2901 publice
2241 2816 2556 2902 indigni,
2607 2818 2862 2903 quales
2909 2826 3087 2887 sunt
3129 2837 3244 2887 ex·

242 2919 802 3003 communicati,
834 2919 1218 2991 interdicti
1255 2922 1794 3008 manifestoque
1821 2922 2164 3005 infames,
2202 2924 2349 2992 nisi
2375 2923 2468 2993 de
2498 2945 2749 2994 eorum
2790 2925 3248 3011 poenitentia

246 3031 324 3096 et
354 3027 869 3097 emendatione
896 3032 1187 3098 constet
1220 3034 1295 3098 et
1329 3031 1626 3115 publico
1657 3032 2010 3100 scandalo
2051 3033 2262 3118 prius
2296 3033 2798 3102 satisfecerint
2825 3034 2876 3101 ⁸.

429 3134 465 3217 5
512 3134 580 3201 2.
631 3135 979 3205 Occultos
1011 3156 1184 3206 vero
1210 3142 1656 3223 peccatores,
1687 3141 1751 3207 si
1781 3141 2068 3210 occulte
2092 3145 2354 3226 petant
2386 3144 2465 3209 et
2489 3160 2614 3209 eos
2642 3161 2788 3210 non
2823 3142 3250 3210 emendatos

244 3242 663 3327 agnoverit,
692 3244 1033 3312 minister
1064 3246 1398 3331 repellat;
1424 3266 1570 3316 non
1598 3251 1872 3331 autem,
1895 3246 1971 3316 ‘si
1998 3249 2290 3333 publice
2315 3253 2578 3334 petant
2608 3255 2684 3320 et
2711 3250 2871 3319 sine
2897 3248 3248 3318 scandalo

244 3349 454 3435 ipsos
494 3351 903 3434 praeterire
936 3356 1253 3437 nequeat
1276 3354 1326 3421 ⁷.

432 3517 458 3553 ¹
493 3516 668 3570 conc.
721 3517 1007 3581 Trident„
1051 3532 1194 3573 sess.
1238 3521 1386 3583 m,
1437 3524 1511 3574 ae
1550 3523 1972 3585 communione,
2022 3538 2071 3578 c.
2109 3529 2160 3588 4,
2200 3539 2329 3580 can.
2375 3532 2426 3593 4:
2465 3531 2821 3586 Benedictus
2861 3533 3014 3595 xlv,
3060 3540 3245 3589 const.

250 3623 283 3657 α
317 3606 456 3656 Etsi
489 3607 810 3666 pastoratu
845 3622 894 3670 ι,
929 3608 995 3662 m
1028 3611 1172 3662 maii
1209 3610 1359 3673 1742,
1399 3613 1427 3674 5
1464 3613 1548 3673 ΙΙ,
1584 3624 1643 3665 ιι.
1680 3614 1816 3676 VIR
1847 3626 1940 3676 ep.
1975 3618 2195 3678 encycl.
2241 3633 2274 3668 α
2308 3618 2543 3671 Anniae
2587 3625 2726 3673 sunt
2764 3635 2813 3682 ι,
2852 3622 2919 3674 26
2960 3622 3067 3676 iul.
3098 3624 3246 3686 1755,

251 3697 281 3758 5
316 3694 403 3758 im
450 3694 509 3747 S.
545 3694 611 3748 O.
650 3694 709 3747 Β.
746 3696 884 3759 011„
923 3699 988 3750 14
1023 3699 1144 3750 iun.
1192 3699 1338 3763 17413
1379 3701 1623 3765 (Tcuely
1667 3703 2280 3768 mendic-orientium,
2317 3708 2384 3759 10
2418 3719 2545 3769 apr.
2583 3708 2734 3770 1861,
2773 3710 2853 3762 ad
2890 3713 2942 3774 13
2979 3711 3038 3764 S.
3075 3712 3140 3766 O.
3177 3712 3252 3766 de

251 3781 678 3846 flammantis.
709 3786 866 3839 decr.
899 3787 934 3839 8
963 3800 1098 3849 aug.
1135 3790 1284 3851 1910,
1317 3801 1371 3841 u.
1409 3790 1524 3852 1115
1558 3791 1801 3845 Bituale
1832 3793 2022 3856 Rom„
2057 3796 2152 3847 tit.
2189 3795 2292 3856 lv,
2323 3807 2374 3848 c.
2410 3798 2462 3858 1,
2506 3799 2578 3849 de
2608 3798 2983 3853 candissimo
3024 3799 3250 3851 Eucha-

249 3875 465 3925 ruma
498 3878 889 3934 caemento,
924 3887 983 3927 n.
1025 3877 1111 3929 11.

432 3967 461 4004 ²
500 3962 559 4016 Β.
595 3964 660 4016 G.
701 3965 760 4016 S.
795 3965 911 4018 Otr.
953 3966 1196 4029 (Tchely
1231 3967 1841 4033 Meridio-OrientaI.),
1876 3973 1944 4024 10
1973 3983 2101 4034 apr.
2137 3973 2287 4036 1861,
2321 3974 2400 4027 ad
2432 3977 2483 4037 13
2516 3974 2574 4029 S.
2611 3976 2676 4030 G.
2722 3977 2796 4029 de
2831 3977 3249 4041 sacramentis,

250 4054 412 4104 decr.
457 4051 492 4105 8
525 4065 667 4115 aug.
702 4054 852 4114 1910,
887 4066 946 4106 n.
981 4055 1149 4107 vlu.

432 4143 460 4182 ⁸
500 4142 880 4195 Innocentius
914 4145 1013 4205 xl,
1054 4148 1239 4198 const.
1285 4161 1317 4198 ι
1356 4146 1644 4200 eoelestia
1685 4147 1901 4201 Pastor
1937 4167 1988 4211 ι,
2027 4151 2093 4203 20
2128 4164 2260 4204 nov.
2302 4152 2449 4214 1687,
2492 4165 2653 4215 prop.
2704 4155 2788 4216 32,
2829 4155 3140 4209 Michaelis
3177 4155 3253 4209 de

250 4231 528 4292 Molinos,
570 4232 788 4293 damn:
839 4232 1195 4287 Benedictus
1242 4236 1393 4297 XIV,
1435 4248 1525 4298 ep.
1566 4239 1786 4300 encyel.
1840 4248 1872 4289 ct
1911 4238 2046 4291 Etsi
2084 4241 2324 4293 minime
2364 4257 2414 4304 n,
2456 4243 2490 4294 7
2531 4244 2679 4295 febr.
2717 4244 2865 4304 1742,
2912 4245 2938 4306 5
2983 4245 3033 4305 9,
3078 4244 3136 4297 Β.
3180 4244 3246 4298 O.

252 4318 315 4372 8.
349 4320 491 4382 off..
524 4320 679 4373 decr.
715 4321 749 4372 7
782 4321 906 4373 dec.
943 4322 1092 4383 1690,
1129 4335 1290 4384 prop.
1324 4324 1407 4385 23,
1442 4325 1660 4388 damn:
1694 4327 1753 4380 S.
1786 4327 1851 4380 Ο.
1888 4328 1963 4381 de
1999 4328 2417 4392 Sam-amentis,
2452 4332 2607 4383 decr.
2640 4331 2675 4385 8
2714 4345 2849 4395 aug.
2882 4333 3031 4394 1910,
3065 4345 3123 4384 n.
3164 4333 3248 4394 ΙΙ,

253 4409 373 4471 1113
415 4406 475 4461 S.
514 4409 582 4462 C.
619 4410 693 4462 de
725 4410 895 4472 Prop.
933 4411 1078 4465 ride
1126 4412 1216 4472 (C.
1255 4412 1370 4475 G.),
1404 4414 1471 4465 12
1502 4415 1621 4467 ian.
1656 4414 1803 4468 1869.

437 4502 466 4537 ⁴
498 4497 556 4550 S.
596 4499 661 4551 C.
697 4501 772 4552 de
806 4501 1223 4563 sacramentis,
1261 4502 1417 4554 decr.
1455 4503 1490 4556 8
1521 4516 1656 4566 aug.
1692 4506 1841 4567 1910,
1876 4507 1936 4558 n.
1975 4506 2076 4558 IV.

434 4590 463 4626 ὅ
498 4588 672 4640 conc.
701 4590 988 4652 irrident..
1018 4604 1162 4645 sess.
1195 4591 1346 4654 XXI,
1383 4594 1455 4645 do
1481 4594 1903 4656 communione,
1938 4607 1987 4647 c.
2017 4597 2067 4656 4,
2097 4608 2226 4648 can.
2264 4598 2313 4658 4;
2341 4598 2698 4651 Benedictus
2723 4599 2873 4660 XIV,
2903 4609 2994 4658 ep.
3026 4600 3248 4660 encycl.

252 4693 286 4729 ι
321 4677 457 4728 Bm
491 4677 731 4730 minime
772 4694 823 4740 n,
866 4680 900 4732 7
933 4681 1081 4734 febr.
1127 4681 1276 4742 1742,
1314 4683 1342 4744 5
1372 4684 1424 4745 9;
1455 4686 1641 4736 const.
1681 4699 1711 4736 ι
1745 4684 1881 4737 Em
1914 4686 2233 4745 pastoralis
2270 4700 2321 4746 ι,
2359 4686 2424 4737 26
2461 4687 2605 4738 maii
2641 4687 2789 4748 1742,
2829 4687 2855 4748 5
2896 4687 2980 4747 ΙΙ,
3017 4700 3076 4738 n.
3113 4686 3251 4751 vng

252 4764 315 4818 8.
352 4766 419 4820 O.
451 4766 526 4820 de
556 4766 728 4828 Prop.
767 4768 913 4822 mue
953 4769 1042 4831 (C.
1079 4770 1195 4832 G.),
1229 4771 1294 4831 12
1323 4772 1444 4824 ian.
1478 4772 1625 4835 18oe;
1656 4772 1902 4827 Bituule
1941 4774 2129 4836 Rom„
2163 4775 2259 4828 tit.
2298 4775 2400 4837 lv,
2441 4787 2492 4827 c.
2524 4777 2576 4838 1,
2621 4776 2693 4827 aa
2726 4775 3101 4826 nantissime
3133 4774 3250 4827 Bn-

251 4855 578 4906 cmfleuae
613 4860 1002 4916 sacramento,
1037 4871 1096 4910 n.
1139 4860 1225 4912 11.

437 4949 464 4985 ⁶
495 4944 559 4997 C.
597 4945 680 5006 24,
719 4946 791 4997 D.
833 4948 1129 5011 Lxxxvl;
1166 4961 1216 5001 c.
1258 4951 1309 5011 9,
1349 4950 1414 5003 0.
1447 4952 1547 5013 xl.
1587 4964 1641 5014 q.
1677 4953 1727 5014 ὃς
1765 4965 1816 5004 c.
1856 4953 1939 5012 20,
1981 4953 2045 5005 0.
2078 4954 2279 5014 XXIV,
2318 4966 2374 5018 q.
2405 4954 2457 5015 ὃς
2502 4964 2552 5005 c.
2584 4953 2667 5015 w,
2708 4952 2781 5004 1).
2814 4953 2899 5016 11,
2951 4956 3022 5004 de
3076 4963 3252 5013 coum:

253 5044 305 5085 c.
347 5035 401 5094 3,
435 5036 488 5095 5,
517 5034 587 5095 X,
629 5037 699 5086 dc
743 5036 969 5096 usum,
1018 5040 1086 5099 V,
1127 5040 1208 5100 19;
1256 5039 1615 5094 Benedictus
1650 5042 1801 5103 ΧΠ,
1842 5055 1935 5102 ep.
1976 5044 2193 5104 encycl.
2241 5059 2271 5092 ι
2308 5042 2403 5093 Eo
2440 5040 2711 5094 omnibu
2751 5055 2803 5101 ι,
2844 5041 2912 5095 16
2950 5045 3064 5096 oct.
3097 5042 3247 5107 1756,

253 5124 283 5185 5
305 5125 341 5176 3
364 5135 473 5186 sq.;
499 5123 559 5176 Β.
595 5124 660 5177 0.
700 5125 759 5178 S.
798 5126 936 5188 011..
965 5127 1030 5179 27
1055 5128 1158 5180 iul.
1185 5128 1332 5191 1892,
1362 5130 1441 5182 ad
1462 5132 1513 5193 1;
1540 5131 1598 5183 S.
1635 5130 1700 5182 C.
1738 5131 1811 5183 de
1835 5132 2006 5192 Prop.
2045 5132 2207 5193 Fide,
2236 5132 2407 5182 instr.
2452 5129 2554 5190 (ad
2582 5130 2711 5184 vic.
2740 5130 2847 5193 Ap.
2882 5131 3249 5196 Sutchuen.)‚

250 5213 319 5266 29
354 5224 484 5274 apr.
516 5212 664 5274 1⁷84:
703 5213 761 5266 S.
797 5215 1044 5277 Poenit.,
1090 5218 1159 5269 10
1203 5218 1327 5270 dec.
1359 5218 1507 5278 1860,
1545 5220 1625 5272 ad
1671 5220 1753 5282 20;
1790 5220 2032 5273 Rituale
2071 5221 2259 5280 Rom..
2300 5220 2394 5272 tit.
2441 5219 2543 5280 IV,
2583 5231 2633 5271 c.
2666 5221 2718 5282 1,
2761 5222 2833 5272 dc
2875 5220 3250 5273 sanctissimo

252 5302 672 5354 &chananae
706 5310 1095 5365 sacramento,
1130 5318 1188 5360 n.
1223 5306 1274 5369 8:
1307 5319 1358 5359 c.
1393 5309 1446 5368 4,
1482 5310 1554 5359 de
1590 5309 1992 5361 communione
2027 5310 2411 5369 intirmorum,
2447 5321 2505 5359 n.
2538 5310 2588 5360 1.

437 5398 463 5434 ⁷
496 5396 562 5447 O.
599 5395 649 5454 2.
684 5394 751 5455 X,
785 5397 857 5446 de
895 5395 1083 5454 officio
1119 5395 1339 5447 iudicio
1370 5397 1679 5456 ordinarii,
1716 5399 1764 5459 Ι,
1806 5399 1890 5460 31;
1922 5399 2277 5452 Benedictus
2309 5398 2459 5458 XIV.
2493 5410 2585 5459 ep.
2622 5401 2840 5460 encycl.
2878 5415 2910 5450 ι
2941 5399 3033 5451 Eo
3068 5398 3247 5449 om

259 5484 366 5535 bu
394 5499 446 5546 ι,
481 5484 549 5537 16
577 5487 692 5538 oct.
729 5484 877 5546 1756,
913 5485 941 5546 5
973 5487 1024 5547 9;
1058 5485 1117 5539 S.
1150 5486 1215 5539 C.
1251 5486 1309 5540 S.
1343 5487 1460 5540 off.
1503 5487 1746 5548 (Portus
1777 5489 2036 5550 Alcimi),
2071 5491 2103 5541 1
2144 5500 2278 5550 aug.
2312 5488 2458 5550 18553
2492 5488 2736 5541 Rituale
2770 5489 2958 5550 Rom„
3002 5488 3099 5541 tit.
3145 5486 3249 5547 IV.

254 5583 306 5624 c.
339 5573 390 5636 1,
434 5574 508 5624 ae
547 5574 926 5625 concussum
960 5573 1376 5628 nachar-uuae
1410 5580 1801 5636 sacramento,
1845 5589 1905 5630 n.
1940 5578 1991 5631 9.
3236 5595 3250 5607 ·
