3753 5871
571 279 681 337 554
1709 283 1905 333 Oodcw
1950 282 1982 332 1
1986 282 2111 332 nar-is
2150 282 2430 334 canonici

1718 574 1881 639 TIT
1894 575 2142 642 ULUS
2188 576 2411 641 XXII.

816 721 916 787 De
962 720 1322 786 nonnullis
1367 718 1687 803 personis
1734 737 1910 800 quae
1958 719 2031 784 in
2079 718 2192 784 his
2238 720 2679 803 processibus
2725 721 3002 803 partem
3049 719 3347 785 habent.

1873 909 2131 974 CAPUT
2172 909 2236 974 Ι.

1512 1030 1622 1096 De
1660 1031 1932 1097 Actore
1973 1039 2046 1099 et
2087 1031 2580 1099 Postulatore.

1839 1210 2015 1275 ΟΑΝ.
2064 1208 2259 1274 2003.

751 1334 785 1418 5
833 1337 898 1400 1.
948 1334 1207 1413 Quivis
1241 1334 1480 1401 fidelis
1516 1335 1632 1401 vel
1667 1334 2044 1418 legitimus
2080 1333 2692 1401 christifidelium
2737 1338 2990 1401 coetus
3026 1334 3149 1401 ius
3188 1334 3416 1399 habet
3447 1351 3537 1416 pe·

576 1440 783 1508 tendi
828 1447 916 1509 ut
949 1459 1177 1508 causa
1220 1441 1419 1526 apud
1457 1441 1790 1508 tribunal
1835 1444 2255 1524 competens
2293 1442 2739 1507 instruatur.

754 1550 787 1631 ξ
815 1550 883 1615 2.
924 1550 1009 1616 Si
1034 1551 1299 1633 petitio
1323 1568 1372 1616 a
1401 1550 1734 1632 legitima
1759 1555 1837 1617 et
1868 1553 2326 1633 competente
2355 1550 2729 1617 Ecclesiae
2757 1551 3215 1617 auctoritate
3246 1549 3543 1615 anunm

574 1656 831 1739 fuerit,
870 1677 955 1724 eo
988 1658 1151 1740 ipso
1189 1658 1472 1741 petenti
1505 1658 1625 1724 ius
1667 1665 1781 1724 est
1823 1675 2123 1723 causam
2161 1657 2487 1741 legitime
2526 1657 2998 1740 promovendi
3034 1664 3111 1724 et
3148 1659 3251 1725 ad
3290 1658 3537 1724 exitum

574 1762 1047 1847 perducendi.

751 1871 784 1953 ξ
831 1871 898 1938 3.
949 1871 1124 1939 Loci
1152 1872 1596 1939 Ordinarius
1628 1878 1871 1956 potest
1903 1874 2054 1940 sive
2092 1892 2179 1939 ex
2218 1872 2451 1939 officio
2482 1874 2634 1941 sive
2665 1874 2757 1940 ad
2790 1874 3236 1940 instantiam
3268 1890 3539 1939 causam

574 1978 1144 2045 beatificationis
1181 1981 1549 2049 instruere
1595 1976 1645 2043 ¹.

1833 2089 2008 2154 CAN.
2058 2088 2254 2154 2004.

753 2210 787 2292 ἓ
836 2213 900 2276 1.
948 2210 1180 2278 Actor
1213 2217 1456 2295 potest
1490 2229 1705 2293 agere
1736 2213 1851 2278 vel
1887 2230 2018 2295 per
2058 2232 2135 2278 se
2167 2213 2282 2278 vel
2321 2231 2453 2296 per
2484 2218 3037 2297 procuratorem
3071 2213 3164 2279 ad
3212 2213 3358 2280 hoc
3396 2211 3536 2296 legi·

575 2318 753 2385 time
787 2319 1298 2403 constitutum3
1331 2319 1676 2386 mulieres
1710 2319 2007 2386 nonnisi
2043 2337 2174 2403 per
2208 2323 2785 2403 procuratorem.

758 2426 791 2507 g
838 2425 906 2490 2.
956 2425 1102 2504 Qui
1150 2426 1349 2510 apud
1403 2427 1733 2493 tribunal
1795 2434 2216 2510 competens
2266 2445 2565 2494 causam
2631 2431 3045 2510 pertractat
3098 2428 3390 2495 die-itur
3433 2442 3529 2509 po-

574 2531 920 2597 stulator.

755 2640 789 2722 ἓ
836 2640 902 2707 3.
955 2640 1408 2723 Postulator,
1464 2592 1616 2709 sive
1665 2644 1966 2726 proprio
2021 2644 2172 2710 sive
2234 2643 2479 2710 alieno
2530 2643 2821 2710 nomine
2884 2648 3083 2727 agat,
3137 2643 3358 2711 debet
3409 2660 3534 2708 esse

575 2746 915 2814 sacerdos
943 2748 1060 2815 vel
1093 2748 1495 2816 saecularis
1527 2749 1642 2817 vel
1676 2749 2088 2835 religiosus,
2128 2750 2206 2816 in
2245 2751 2441 2817 Urbe
2475 2749 2694 2817 fixam
2729 2750 3004 2817 habens
3037 2751 3286 2819 sedem
3318 2752 3367 2817 ².

1843 2908 2022 2976 CAN.
2080 2908 2276 2976 2005.

754 3032 1045 3115 Singuli
1079 3051 1214 3115 pro
1244 3033 1559 3116 singulis
1589 3034 1835 3099 causis
1865 3033 2364 3117 postulatores
2400 3033 2946 3100 admittuntur:
2999 3051 3129 3100 nec
3163 3034 3306 3100 alii
3347 3047 3530 3116 quam

573 3156 842 3206 causae
877 3140 1323 3222 postulatori
1358 3140 1710 3222 competit
1747 3141 1865 3207 ius
1904 3142 2402 3207 substituendi
2451 3141 2591 3207 sibi
2640 3159 2772 3224 per
2807 3140 3221 3224 legitimum
3266 3138 3528 3207 manda·

575 3250 734 3314 tum
774 3247 962 3314 alios
995 3248 1121 3330 qui
1159 3247 1844 3331 vice-postulatores
1885 3249 2239 3316 dicuntur
2278 3242 2330 3310 ⁸.

1848 3408 2025 3475 CAN.
2082 3407 2278 3474 2006.

754 3529 788 3610 ξ
837 3531 901 3594 1.
952 3530 1135 3596 Tum
1169 3530 1589 3618 postulator
1621 3534 1778 3596 tum
1811 3529 2520 3612 vice-postulatores,
2566 3530 2631 3596 si
2663 3548 2750 3595 ex
2784 3528 2981 3595 alius
3009 3529 3369 3595 mandato
3393 3542 3528 3592 cau·

578 3654 734 3703 sam
779 3642 1031 3719 agant,
1071 3640 1465 3720 antequam
1501 3636 1596 3703 ad
1634 3654 1903 3702 munus
1949 3655 2161 3702 suum
2209 3634 2699 3702 exercendum
2727 3635 3255 3717 admittantur,
3297 3634 3529 3701 debent

577 3742 1007 3809 mandatum
1043 3744 1403 3810 tribunali
1444 3743 1805 3811 exhibere.

756 3851 789 3931 ξ
836 3851 902 3916 2.
955 3851 1390 3918 Mandatum
1421 3852 1908 3936 postulatoris
1935 3858 2271 3918 exactum
2310 3853 2410 3919 sit
2444 3853 2538 3918 ad
2569 3869 2898 3918 normam
2927 3869 3090 3917 can.
3124 3851 3300 3917 1659
3334 3864 3529 3931 neque

575 3963 963 4027 censeatur
1001 3959 1411 4044 legitimum
1443 3960 1589 4027 nisi
1625 3979 1790 4027 cum
1831 3960 2065 4028 fuerit
2093 3980 2139 4026 a
2175 3961 2402 4028 Sacra
2434 3960 3021 4044 Congregatione
3049 3959 3443 4026 admissum
3471 3961 3525 4020 et

577 4068 656 4134 in
692 4067 1012 4134 eiusdem
1073 4068 1263 4134 actis
1325 4068 1787 4152 inscriptum3
1825 4068 2257 4135 mandatnm
2326 4086 2499 4133 vero
2555 4066 3290 4151 vice-postulatorum
3350 4062 3525 4131 debet

580 4176 998 4258 recognosci
1027 4178 1103 4242 et
1131 4176 1427 4244 admitti
1459 4195 1504 4243 a
1537 4177 1896 4243 tribunali
1937 4176 2015 4242 in
2050 4194 2193 4260 quo
2223 4194 2492 4241 munus
2526 4193 2739 4242 suum
2771 4178 3135 4242 exercent.

1854 4335 2031 4402 CAN.
2081 4333 2276 4400 2007.

753 4458 868 4525 Ad
906 4459 1390 4542 postulatoris
1429 4457 1739 4525 officium
1777 4458 2145 4541 pertinet:

840 4569 937 4630 1.⁰
980 4567 1218 4650 Agere
1265 4585 1563 4632 causam
1605 4565 1803 4648 apud
1849 4565 2129 4632 iudices
2168 4568 2683 4648 competentae;

833 4672 933 4737 2.⁰
977 4673 1045 4738 N
1049 4675 1445 4740 ecessarios
1486 4676 1826 4757 sumptus
1864 4674 2128 4755 facere3
2178 4673 2303 4739 sed
2347 4672 2659 4756 pecunia
2696 4690 2741 4737 a
2782 4670 3121 4737 fidelibus
3157 4669 3254 4736 ad
3297 4680 3520 4737 caune

579 4800 936 4864 expensas
994 4781 1304 4848 collecta
1355 4782 1868 4849 administrari
1919 4781 2133 4848 debet
2184 4781 2277 4847 ad
2333 4798 2657 4846 normam
2715 4778 3296 4846 instructionum
3348 4771 3515 4843 sedis

577 4888 1068 4971 Apostolicae3

757 5079 778 5114 ²
820 5079 1091 5132 Urbanus
1114 5080 1280 5140 VIII,
1305 5083 1488 5131 const.
1517 5095 1547 5130 ι
1579 5079 1862 5132 cocleam
1886 5078 2261 5130 Hierusalem
2291 5095 2340 5137 ι,
2369 5081 2403 5130 δ
2427 5080 2530 5130 lul.
2567 5080 2712 5139 1634,
2741 5080 2767 5140 ὅ
2796 5081 2843 5137 1,
2877 5080 2925 5139 2;
2947 5080 3218 5130 Clemens
3246 5079 3347 5138 Ix.
3369 5076 3509 5127 const,

580 5184 611 5220 ι
650 5166 1058 5228 speculatores
1098 5187 1146 5228 n.
1187 5171 1252 5220 13
1292 5173 1439 5229 sept.
1483 5169 1629 5230 1669:
1667 5169 2022 5222 Benedictus
2060 5170 2210 5229 XIV,
2253 5181 2341 5230 ep.
2396 5184 2425 5219 α
2469 5168 2866 5219 sollicitudini
2911 5184 2959 5226 n,
3014 5170 3043 5218 1
3082 5172 3196 5220 oet.
3251 5168 3392 5226 1745,
3428 5161 3510 5224 15:

582 5260 640 5312 Β.
669 5259 740 5310 R.
769 5259 855 5319 0.,
886 5261 1001 5312 litt.
1036 5262 1254 5321 encycl.
1284 5261 1351 5310 12
1381 5264 1555 5312 mart.
1590 5259 1734 5317 16:⁴11:
1761 5260 1825 5312 15
1858 5263 1969 5312 oct.
2001 5259 2148 5319 1678,
2181 5260 2206 5320 5
2235 5261 2283 5318 1,
2317 5272 2373 5310 n.
2407 5262 2479 5317 1⁰:
2507 5259 2659 5311 decr.
2692 5259 2755 5308 10
2783 5259 2904 5309 dec.
2939 5257 3084 5316 1868:
3119 5259 3290 5310 lustr.
3325 5272 3374 5309 a.
3403 5248 3506 5305 1878-

749 5359 777 5393 ι
820 5351 876 5402 S.
914 5351 984 5401 R.
1019 5351 1106 5411 O..
1141 5350 1296 5402 decr.
1332 5350 1398 5401 21
1430 5349 1554 5402 dec.
1590 5349 1736 5402 1898.

755 5448 780 5482 ³
819 5442 875 5491 S.
913 5443 983 5492 R.
1019 5443 1104 5498 C..
1141 5442 1294 5493 decr.
1333 5441 1395 5491 21
1430 5441 1553 5492 dec.
1589 5440 1733 5492 1898.
