3753 5871
1189 338 1365 389 moer
1408 338 1667 399 Quartus
1702 362 1721 374 ·
1757 337 1845 387 De
1889 337 2264 389 Processimus
3118 336 3229 396 475

1511 561 1689 628 ΟΑΝ.
1748 561 1944 628 1651.

422 703 457 786 5
504 706 570 771 1.
620 705 726 773 Ut
762 708 1067 772 curator
1105 702 1202 769 ab
1248 701 1697 770 auctoritate
1734 701 1941 770 civili
1979 702 2209 770 alicui
2246 702 2470 771 datus
2520 721 2569 770 a.
2608 702 2851 771 iudice
2889 701 3220 770 ecclesia·

245 812 432 880 stico
472 812 944 893 admittatur,
990 811 1206 879 debet
1240 809 1587 916 accedere
1637 827 2038 877 consensus
2092 810 2475 888 ordinarii
2518 810 2805 894 proprii
2849 810 3058 877 illius
3102 810 3225 877 cui

243 918 466 1108 datu?
500 922 1062 1094 {stbrdinarius
1094 1029 1339 1110 potest
1371 1042 1656 1110 quoque
1686 1025 1917 1092 alium
1955 1030 2372 1093 curatorem
2412 1025 2864 1093 constituere
2894 1043 3031 1109 pro
3061 1025 3227 1093 foro

248 1133 771 1215 ecclesiastico,
824 1132 914 1218 si,
980 1133 1319 1201 omnibus
1370 1138 1660 1200 mature
1714 1131 2120 1216 perpensis,
2176 1132 2251 1200 id
2306 1132 2783 1200 statuendum
2836 1151 2994 1200 esse
3043 1151 3213 1216 pru·

242 1238 503 1308 denter
552 1240 946 1309 censuerit.

1509 1348 1685 1416 cm.
1734 1347 1931 1414 1652.

417 1489 774 1574 Religiosi
809 1490 969 1558 sine
1014 1488 1494 1573 superiorum
1527 1507 1887 1557 consensu
1926 1507 2071 1555 non
2118 1488 2390 1556 habent
2434 1505 2820 1572 personam
2858 1486 3110 1554 standi
3145 1486 3224 1552 in

245 1596 543 1679 iudicio,
588 1596 735 1664 nisi
769 1598 849 1663 in
881 1597 1176 1665 casibus
1213 1597 1338 1682 qui
1370 1601 1825 1681 sequuntur:

504 1707 601 1771 1.⁰
647 1704 730 1772 Si
775 1705 866 1773 de
907 1704 1373 1772 vindicandis
1416 1705 1769 1772 adversus
1820 1704 2248 1789 religionem
2302 1703 2592 1771 iuribus
2634 1702 2776 1770 sibi
2816 1721 2907 1770 ex
2947 1701 3221 1786 profes·

243 1812 449 1879 sione
483 1811 839 1896 quaesitis
877 1814 1169 1896 aga-tum

503 1917 600 1984 2:
647 1918 732 1986 Si
767 1919 914 2002 ipsi
951 1922 1165 1987 extra
1191 1918 1523 1988 claustra
1554 1917 1882 2005 legitime
1912 1922 2294 1987 morentur
2325 1922 2401 1986 et
2439 1919 2714 1985 iurium
2750 1934 3050 1984 suorum
3085 1916 3224 1984 tui·

243 2026 352 2094 tio
384 2029 667 2110 urgeat5

497 2135 595 2202 3.⁰
639 2135 721 2203 Si
747 2139 1012 2203 contra
1036 2135 1278 2220 ipsum
1311 2134 1777 2220 Superiorem
1807 2134 2443 2204 denuntiationem
2474 2134 2866 2203 instituere
2899 2133 3133 2203 velint
3165 2131 3216 2201 ¹.

1506 2309 1684 2375 CAN.
1731 2307 1927 2376 1653.

431 2449 466 2532 5
513 2452 581 2517 1.
631 2449 1015 2517 ordinarii
1066 2449 1395 2518 locorum
1457 2453 1770 2533 possunt
1824 2448 2119 2517 nomine
2168 2447 2519 2520 ecclesiae
2567 2445 3020 2515 cathedralis
3073 2447 3211 2512 aut

244 2575 538 2626 mensae
577 2556 1019 2643 episcopalis
1058 2561 1260 2626 stare
1298 2557 1379 2625 in
1429 2557 1727 2643 iudicio;
1779 2558 1932 2640 sed,
1976 2561 2065 2625 ut
2104 2557 2308 2625 licite
2358 2558 2612 2641 agant,
2659 2554 2924 2622 debent
2966 2552 3226 2620 audire

241 2662 675 2748 Capitulum
724 2665 1149 2734 cathedrale
1191 2665 1308 2734 vel
1353 2665 1764 2734 Consilium
1813 2663 2488 2732 administrationis
2543 2678 2884 2730 eorumve
2928 2677 3224 2728 consen·

243 2789 406 2838 sum
435 2772 552 2840 vel
581 2771 973 2839 consilium
1012 2772 1302 2855 habere,
1337 2773 1631 2857 quando
1662 2771 1992 2856 periculo
2029 2771 2350 2839 vertitur
2388 2768 2742 2854 pecuniae
2775 2785 3063 2835 summa
3090 2784 3228 2851 pro

240 2898 390 2967 qua
416 2880 816 2950 alienanda
843 2881 940 2950 ad
971 2898 1303 2950 normam
1332 2898 1497 2950 can.
1533 2880 1730 2964 1532,
1769 2879 1845 2964 55
1879 2879 1947 2962 2,
1978 2879 2024 2948 3
2052 2878 2450 2947 eorundem
2479 2895 2880 2947 consensus
2907 2875 3024 2945 vel
3055 2893 3218 2944 con·

245 2986 496 3055 silium
537 2988 968 3072 requiritur.
2269 2984 2283 2999 ⁰

423 3092 457 3176 5
502 3092 571 3159 2.
621 3092 1089 3161 Beneficiarii
1118 3111 1369 3163 omnes
1399 3093 1691 3161 nomine
1721 3090 2054 3161 beneficii
2086 3097 2398 3177 possunt
2425 3091 2507 3158 in
2535 3089 2815 3158 iudicio
2841 3107 3059 3174 agere
3095 3090 3231 3155 aut

246 3200 708 3284 respondere3
757 3201 949 3286 quod
996 3206 1244 3270 tamen
1292 3204 1379 3269 ut
1422 3199 1627 3269 licite
1679 3200 1992 3284 faciant,
2039 3217 2333 3268 servare
2376 3198 2644 3268 debent
2687 3195 3228 3283 praescriptum

242 3323 408 3375 can.
465 3306 661 3375 1526.

425 3413 460 3496 5
504 3414 573 3482 3.
623 3414 954 3484 Praelati
989 3434 1078 3484 ac
1125 3416 1559 3500 Superiores
1603 3415 2149 3500 Capitulorum,
2191 3413 2671 3482 sodalitatum
2708 3416 2785 3481 et
2833 3411 3227 3498 quorumli-

242 3524 368 3591 bet
398 3523 872 3607 collegiorum
907 3529 1107 3592 stare
1141 3524 1221 3591 in
1258 3521 1535 3591 iudicio
1564 3527 1962 3608 nequeunt,
1997 3522 2289 3590 nomine
2326 3539 2505 3589 suae
2532 3521 2889 3604 cuiusque
2914 3537 3226 3588 commu·

243 3628 536 3713 nitatis,
572 3630 731 3698 sine
761 3629 1087 3698 eiusdem
1126 3647 1488 3698 consensu
1521 3629 1618 3697 ad
1655 3647 1986 3707 normam
2022 3631 2477 3697 statutorum
2519 3626 2571 3690 ¹.

314 3729 317 3733 ’
422 3735 457 3819 5
502 3737 571 3803 4.
618 3737 996 3804 Adversus
1042 3754 1166 3805 eos
1204 3736 1297 3805 de
1337 3736 1606 3822 quibus
1640 3736 1722 3804 in
1763 3735 1841 3821 55
1884 3736 2023 3819 1-3,
2066 3736 2134 3803 si
2174 3734 2335 3804 sine
2370 3734 2835 3819 praescripto
2871 3751 3230 3802 consensu

242 3851 381 3914 aut
424 3844 739 3913 consilio
782 3846 863 3911 in
900 3844 1176 3913 iudicio
1212 3844 1523 3929 egerint,
1574 3844 1744 3930 piae
1786 3862 2057 3912 causae
2094 3846 2228 3911 aut
2265 3842 2784 3911 communitati
2821 3842 2940 3909 ius
2981 3843 3093 3910 est
3133 3839 3228 3908 ad

244 3950 718 4020 refectionem
769 3951 1206 4019 damnorum
1245 3949 1298 4017 ⁸.

424 4057 458 4141 5
505 4058 571 4125 5.
621 4058 713 4126 In
741 4077 919 4126 casu
950 4077 1126 4127 vero
1152 4059 1485 4128 defectus
1520 4060 1636 4128 vel
1675 4060 2167 4144 negligentiae
2196 4059 2403 4126 illius
2436 4059 2561 4144 qui
2600 4057 3232 4126 administratoris

245 4184 548 4235 munere
591 4167 962 4251 fungitur,
1005 4170 1249 4251 potest
1284 4167 1444 4251 ipse
1479 4167 1622 4235 loci
1665 4167 2110 4236 Ordinarius
2147 4185 2279 4251 per
2316 4185 2394 4235 se
2429 4165 2545 4234 vel
2593 4183 2726 4250 per
2762 4165 2994 4233 alium
3031 4168 3230 4234 stare

245 4273 636 4343 in'iudicio
668 4274 961 4343 nomine
986 4293 1467 4360 personarum
1496 4275 1887 4342 moralium
1917 4292 2103 4358 quae
2129 4273 2265 4341 sub
2292 4273 2452 4342 eius
2485 4271 3002 4340 iurisdictione
3028 4278 3225 4341 sunt.

427 4379 461 4463 5
507 4380 575 4447 6.
627 4380 1062 4465 Superiores
1102 4382 1428 4468 religiosi
1470 4386 1840 4468 nequeunt
1887 4380 2180 4450 nomine
2219 4398 2396 4448 suae
2434 4380 2991 4448 communitatis
3034 4383 3233 4448 stare

247 4489 327 4556 in
372 4487 672 4570 iudicio,
711 4489 857 4556 nisi
901 4488 996 4557 ad
1035 4507 1364 4558 normam
1399 4489 2042 4559 constitutionum.

1522 4663 1700 4730 CAN.
1749 4662 1944 4730 1654.

429 4795 462 4878 5
511 4799 577 4863 1.
627 4796 1304 4865 Excommunicatis
1357 4797 1686 4865 vitandis
1728 4800 1865 4864 aut
1912 4796 2253 4864 toleratis
2295 4802 2467 4881 post
2509 4795 2951 4864 sententiam
3000 4795 3229 4864 decla·

250 4904 607 4972 ratoriam
644 4904 760 4973 vel
796 4904 1473 4973 condemnatoriam
1515 4904 1982 4990 permittitur
2031 4907 2117 4972 ut
2156 4922 2289 4988 per
2336 4922 2414 4972 se
2452 4902 2599 4987 ipsi
2639 4908 2869 4988 agant
2911 4905 3227 4971 tantum·

245 5011 464 5080 modo
502 5012 597 5081 ad
629 5012 1207 5096 impugnandam
1237 5012 1605 5081 iustitiam
1638 5018 1771 5081 aut
1804 5012 2350 5096 legitimitatem
2382 5011 2621 5095 ipsius
2661 5010 3229 5079 excommunica·

429 5223 450 5259 ²
487 5222 552 5276 0.
586 5221 670 5288 35,
697 5222 763 5275 G.
791 5221 943 5284 xvi,
974 5233 1029 5283 q.
1061 5223 1112 5283 13
1135 5231 1185 5273 c.
1217 5222 1303 5280 11.
1332 5221 1416 5282 20,
1446 5221 1513 5281 Χ,
1544 5222 1617 5274 de
1646 5221 2142 5279 accusationibus,
2172 5220 2655 5282 inquisitionibus
2684 5225 2744 5273 et
2774 5219 3231 5272 denunciationi-

252 5314 380 5370 ωιο,
417 5312 487 5373 V,
524 5314 575 5364 1.

422 5407 450 5441 ²
490 5402 557 5455 C.
587 5402 670 5464 21,
702 5403 768 5464 x.
800 5404 871 5454 ae
897 5400 1223 5463 rescriptio,
1254 5401 1303 5464 1.
1332 5402 1384 5466 ὃς
1412 5412 1465 5455 c.
1492 5401 1577 5463 16,
1606 5402 1674 5464 x,
1707 5402 1779 5455 ae
1805 5400 2063 5462 iudiciis,
2097 5401 2180 5461 11.
2210 5402 2261 5453 1.

423 5488 455 5526 ὃ
494 5491 636 5557 Bet.
676 5492 761 5554 76,
801 5493 873 5545 B.
914 5493 995 5553 J..
1027 5492 1091 5545 ln
1123 5490 1252 5547 V10.
