3753 5871
454 301 563 358 226
1595 298 1791 350 Oodeo
1838 298 1999 349 luo-u
2039 297 2321 349 canonici

467 489 897 555 Praefectus
932 486 1432 570 Apostolicus,
1466 486 1591 569 qui
1619 490 1866 552 tamen
1901 504 1989 552 ea
2015 484 2259 553 valide
2288 485 2402 552 uti
2434 491 2830 569 nequeunt,
2864 485 3010 551 nisi
3039 485 3244 552 intra
3271 485 3454 553 fines

463 598 578 663 sui
616 596 977 663 territorii
1010 600 1084 665 et
1118 596 1436 662 durante
1478 612 1777 662 munere
1812 598 2105 662 tantum
2133 594 2184 661 ².

644 710 677 792 ἓ
725 712 791 775 4.
844 710 1238 795 Presbyter
1284 710 1504 776 latini
1552 711 1745 778 ritus
1789 710 1938 793 cui,
1986 711 2061 777 vi
2106 710 2409 792 indulti,
2460 710 2636 777 haec
2683 710 3008 777 facultas
3056 715 3450 794 competat,

463 820 1095 927 confirmationem
1151 820 1393 886 valide
1434 820 1724 886 confert
1779 820 1960 887 solis
2015 819 2354 887 fidelibus
2409 820 2527 886 sui
2572 819 2790 902 ritus,
2839 819 2985 886 nisi
3034 820 3454 887 in·indulto

464 929 1049 1012 aliud-expresse
1085 933 1385 996 cautum
1424 929 1657 996 fuerit
1685 929 1736 996 ².

645 1043 678 1125 ξ
726 1044 792 1108 5.
844 1043 1075 1110 Nefas
1114 1048 1228 1111 est
1268 1044 1718 1129 presbyteris
1772 1045 1965 1112 ritus
2016 1044 2427 1126 orientalis,
2486 1046 2612 1129 qui
2653 1044 3016 1111 facultate
3068 1044 3184 1110 vel
3231 1044 3450 1128 privi-

467 1153 659 1238 legio
684 1154 1011 1237 gaudent
1037 1152 1668 1221 confirmationem
1698 1173 1845 1220 una
1872 1172 2040 1220 cum
2070 1155 2437 1238 baptismo
2464 1154 2882 1221 infantibus
2912 1154 3029 1221 sui
3064 1154 3256 1221 ritus
3287 1172 3451 1220 con-

464 1263 776 1345 ferendi,
813 1264 1116 1330 eandem
1160 1263 1586 1331 ministrare
1628 1264 2047 1331 infantibus
2089 1265 2308 1332 latini
2347 1265 2537 1330 ritus
2565 1262 2617 1329 ³.

1760 1469 1937 1536 CAN.
1983 1468 2136 1536 783.

649 1609 683 1690 ξ
732 1611 795 1675 1.
848 1610 1260 1694 Episcopus
1295 1612 1373 1676 in
1415 1630 1550 1677 sua
1581 1611 1895 1679 dioecesi
1929 1612 2063 1679 hoc
2105 1617 2646 1678 sacramentum
2689 1611 2913 1679 etiam
2956 1611 3329 1679 extraneis
3362 1613 3454 1679 le·

467 1718 725 1804 gitime
753 1720 1158 1802 ministrat,
1194 1721 1340 1786 nisi
1368 1721 1610 1789 obstet
1637 1739 1987 1805 expressa.
2015 1722 2300 1805 proprii
2329 1740 2579 1788 eorum
2614 1721 2997 1788 ordinarii
3028 1722 3455 1804 prohibitio.

644 1832 677 1916 ξ
724 1834 791 1899 2.
843 1834 935 1901 In
971 1835 1215 1903 aliena
1251 1836 1564 1903 dioecesi
1594 1837 1879 1921 indiget
1915 1838 2220 1905 licentia
2249 1837 2632 1907 Ordinarii
2663 1838 2805 1905 loci
2839 1838 3101 1905 saltem
3135 1839 3455 1906 rationa-

468 1943 721 2026 biliter
760 1951 1262 2030 praesumpta,
1308 1946 1452 2012 nisi
1493 1952 1762 2031 agatur
1801 1949 1894 2015 de
1932 1949 2257 2032 propriis
2299 1948 2618 2015 subditis
2661 1948 2926 2031 quibus
2963 1947 3455 2015 confirmatio-

469 2072 630 2121 nem
668 2056 1008 2124 conferat
1046 2057 1396 2142 privatim
1434 2076 1520 2124 ac
1559 2058 1718 2125 sine
1756 2058 2021 2125 baculo
2065 2064 2139 2126 et
2181 2060 2416 2125 mitra
2441 2057 2494 2123 ⁴.

1765 2262 1942 2330 CAN.
1987 2263 2140 2329 784.

644 2403 1088 2489 Presbytero
1124 2412 1408 2488 quoque
1447 2404 1644 2485 licet,
1696 2405 1761 2471 si
1800 2404 2207 2488 apostolico
2256 2404 2475 2471 locali
2524 2403 2912 2488 privilegio
2954 2404 3055 2472 sit
3092 2405 3451 2485 munituS,

471 2513 549 2579 in
587 2513 977 2599 designato
1015 2514 1157 2581 sibi
1195 2515 1577 2581 territorio
1614 2513 2052 2582 confirmare
2090 2515 2313 2581 etiam
2356 2519 2771 2594 extraneos,
2816 2513 2960 2579 nisi
3002 2514 3079 2582 id
3129 2513 3459 2597 ipsorum

467 2624 852 2691 Ordinarii
887 2642 1227 2708 expresse
1261 2624 1634 2692 vetuerint
1666 2623 1721 2691 ⁸.

1758 2822 1938 2890 CAN.
1982 2822 2135 2890 785.

652 2953 797 3045 §⁹1.
850 2964 1263 3048 Episcopus
1309 2964 1758 3049 obligatione
1812 2966 2109 3031 tenetur
2153 2967 2693 3029 sacramentum
2752 2963 2885 3029 hoc
2942 2962 3262 3029 subditis
3320 2963 3461 3029 rite

468 3081 544 3144 et
587 3074 1136 3141 rationabiliter
1179 3074 1600 3157 petentibus
1641 3075 2096 3157 conferendi,
2148 3075 2582 3158 praesertim
2632 3078 2961 3157 tempore
3004 3072 3459 3139 visitationis

468 3182 821 3250 dioecesis
860 3185 911 3251 ⁸.

648 3301 681 3383 ἓ
728 3301 793 3366 2.
845 3302 1121 3368 Eadem
1168 3300 1618 3385 obligatione
1660 3304 1958 3367 tenetur
2000 3300 2407 3386 presbyter,
2456 3299 2846 3384 privilegio
2886 3299 3294 3382 apostolico
3337 3298 3454 3364 do·

474 3415 719 3493 natus,
752 3431 927 3496 erga.
966 3412 1136 3478 illos
1168 3429 1475 3495 quorum
1516 3411 1596 3476 in
1633 3411 1961 3477 favorem
2001 3413 2116 3478 est
2137 3428 2488 3477 concessa
2521 3409 2870 3476 facultas.

470 3696 616 3757 1721:
639 3696 995 3747 Benedictus
1016 3695 1166 3755 XIV,
1192 3698 1376 3746 const.
1404 3709 1434 3743 α
1460 3695 1602 3744 Cum
1633 3697 1710 3744 aa
1735 3709 1783 3753 n.
1810 3694 1844 3745 9
1871 3693 1991 3743 lan.
2021 3692 2167 3752 17413
2194 3695 2381 3743 const.
2417 3707 2447 3741 α
2473 3691 2607 3742 Etsi
2630 3690 2949 3751 pastoralis
2973 3704 3023 3749 ι,
3048 3689 3114 3740 26
3136 3689 3279 3739 maii
3309 3689 3457 3748 1742,

471 3791 499 3848 5
529 3788 645 3849 111,
674 3801 730 3838 n.
763 3789 810 3845 1:
832 3800 923 3848 ep.
955 3788 1173 3847 encycl.
1214 3802 1242 3836 α
1277 3786 1712 3837 Demndatam
1742 3800 1792 3844 ιι,
1828 3785 1894 3834 24
1921 3784 2044 3836 dec.
2078 3784 2225 3843 1743,
2265 3784 2292 3844 ξ
2323 3785 2403 3842 14;
2432 3783 2601 3834 instr.
2637 3798 2667 3830 «
2695 3782 2781 3832 Εο
2813 3781 3082 3840 quamvis
3118 3783 3375 3839 tempore
3406 3795 3457 3839 ι,

468 3884 499 3931 4
534 3881 677 3930 mail
708 3879 855 3939 1745,
893 3880 920 3940 ξ
955 3880 1004 3937 8,
1039 3881 1088 3940 9;
1126 3890 1216 3939 ep.
1255 3893 1285 3928 α
1319 3878 1411 3928 Eo
1456 3878 1575 3927 tuis
1611 3876 1880 3936 precibus
1925 3891 1973 3936 n,
2017 3876 2083 3926 16
2118 3887 2250 3926 nov.
2286 3874 2433 3933 1748,
2471 3874 2498 3934 8
2535 3875 2584 3934 1,
2622 3873 2672 3931 8.
2708 3875 2758 3934 9;
2791 3875 2976 3924 const.
3016 3886 3046 3921 α
3081 3871 3367 3931 suprema
3404 3886 3455 3928 ι,

470 3973 535 4024 26
558 3984 683 4033 apr.
710 3973 857 4030 1749,
886 3972 913 4032 ξ
938 3973 986 4031 3;
1011 3983 1101 4031 ep.
1134 3972 1352 4032 encycl.
1389 3985 1421 4020 α
1447 3973 1613 4020 Anno
1646 3973 1910 4020 vertente
1938 3984 1987 4027 n,
2016 3969 2080 4019 19
2112 3969 2232 4018 lun.
2262 3967 2407 4027 1750,
2439 3967 2466 4027 0
2494 3966 2596 4026 3·5;
2622 3965 2765 4017 Pius
2792 3966 2894 4025 vl,
2929 3976 3020 4025 ep.
3059 3979 3089 4014 α
3121 3965 3270 4014 Gum
3300 3964 3460 4014 sicut

470 4065 801 4123 accepimus
832 4078 880 4121 n,
913 4064 977 4113 10
1004 4075 1130 4122 apr.
1165 4063 1312 4121 1775,
1345 4063 1371 4123 ς
1402 4063 1449 4123 2;
1487 4063 1629 4112 Plus
1656 4062 1722 4120 X,
1753 4073 1843 4121 ep.
1886 4075 1915 4110 α
1950 4060 2038 4110 Ex
2078 4072 2189 4119 quo
2228 4075 2277 4117 ν,
2312 4059 2377 4110 26
2403 4057 2526 4110 dee.
2560 4059 2705 4118 191ος
2736 4056 2793 4108 8.
2830 4056 2896 4107 C.
2938 4055 2996 4108 8.
3035 4056 3174 4111 off..
3211 4056 3242 4105 4
3277 4058 3455 4106 mart.

472 4157 618 4217 19033
652 4157 709 4207 8.
742 4155 807 4207 C.
840 4155 929 4214 C..
966 4153 1407 4214 Portunallien„
1441 4152 1506 4204 28
1534 4154 1681 4204 febr.
1713 4153 1862 4212 1643,
1896 4152 1972 4203 ad
2001 4152 2048 4210 2:
2080 4150 2526 4207 conimbricam,
2556 4150 2622 4201 26
2652 4151 2772 4200 iun.
2805 4149 2953 4207 1656,
2993 4149 3071 4200 ad
3101 4149 3150 4207 2:
3188 4147 3248 4198 S.
3290 4148 3355 4200 O.
3388 4147 3463 4199 de

472 4250 643 4308 Prop.
683 4247 844 4304 Fide.
878 4247 1032 4298 decr.
1070 4246 1134 4297 23
1164 4257 1291 4305 apr.
1327 4245 1474 4299 1774:
1506 4245 1676 4296 lustr.
1719 4247 1749 4294 4
1783 4244 1927 4295 mail
1961 4243 2107 4304 1774ς
2149 4243 2237 4301 (C.
2277 4242 2340 4292 P.
2386 4254 2492 4302 pro
2529 4241 2653 4293 Sin.
2695 4267 2764 4281 ·-
2808 4241 3173 4299 Sutchuen.).
3212 4240 3278 4290 12
3309 4243 3459 4298 sept.

473 4342 618 4400 1821,
646 4341 723 4392 ad
748 4341 797 4400 2,
833 4341 883 4401 3;
906 4340 1061 4391 decr.
1089 4339 1154 4391 29
1182 4338 1285 4389 iul.
1322 4338 1468 4399 18413
1502 4339 1619 4390 ntt.
1661 4337 1761 4396 (ad
1797 4337 1920 4387 vic.
1953 4338 2060 4396 Ap.
2091 4336 2355 4395 Ocreae),
2393 4336 2456 4385 11
2482 4337 2630 4394 sept.
2661 4334 2806 4393 1841:
2833 4334 2866 4384 5
2893 4333 2995 4384 lul.
3034 4332 3182 4384 1860.
3214 4359 3284 4370 --
3313 4330 3463 4382 Vide

472 4435 651 4483 etiam
683 4443 811 4482 can.
844 4432 961 4491 310,
998 4431 1024 4490 fl
1057 4431 1105 4481 2.

658 4525 676 4560 ¹
717 4523 775 4576 8.
812 4525 877 4576 C.
912 4525 1016 4585 Ep.
1045 4527 1106 4574 et
1133 4523 1296 4583 Reg„
1324 4520 1561 4572 Nullius
1588 4520 1807 4571 Montis
1844 4518 2125 4579 Vir-ainis,
2154 4519 2221 4570 30
2255 4520 2429 4570 mart.
2460 4517 2606 4578 1855ς
2636 4516 2694 4569 8.
2732 4517 2796 4568 C.
2830 4516 2918 4574 C..
2956 4514 3194 4566 Nullius
3223 4513 3462 4573 Owen„

475 4619 538 4668 11
566 4618 686 4668 (lec.
720 4617 865 4677 1897;
894 4616 952 4668 S.
983 4616 1049 4668 C.
1078 4614 1152 4666 de
1187 4615 1357 4674 Prop.
1391 4613 1535 4665 Fide
1573 4613 1662 4672 (C.
1701 4613 1813 4673 1‘.),
1851 4613 1917 4662 22
1947 4618 2120 4663 mart.
2158 4610 2309 4665 1669.
2340 4610 2417 4661 ad
2445 4609 2494 4671 23
2521 4607 2676 4660 decr.
2709 4608 2774 4660 29
2808 4608 2909 4659 iul.
2950 4607 3098 4659 1841.

650 4712 675 4747 ²
718 4710 775 4759 8.
816 4709 881 4759 C.
917 4709 990 4760 de
1022 4705 1653 4767 1¹rop.1‹‘1de,1nstr.4
1689 4704 2015 4756 ma111774.

650 4805 674 4839 ³
722 4802 778 4851 8.
816 4802 881 4852 C.
922 4804 979 4852 8.
1018 4802 1156 4860 Off..
1193 4800 1361 4850 instr.
1405 4798 1507 4857 (ad
1542 4799 1645 4858 Ep
1684 4796 2066 4858 Scepuslen),
2098 4795 2342 4856 a.1‘182·‚
2375 4793 2434 4847 8.
2468 4793 2534 4846 0.
2576 4793 2650 4845 de
2685 4794 2855 4852 Prop.
2897 4791 3064 4851 Fide,
3098 4790 3254 4842 decr.
3286 4790 3321 4842 6
3351 4794 3462 4841 oct.

478 4893 624 4954 1863,
654 4894 719 4954 C,
752 4907 807 4954 a;
848 4894 936 4952 (C.
969 4894 1085 4954 G..)
1113 4892 1275 4949 5,lul.
1312 4890 1462 4949 1886,
1495 4889 1657 4942 adl.

650 4990 674 5022 ⁴
716 4986 1204 5045 Conc.'1'rident.‚
1237 4996 1379 5035 sess
1413 4983 1515 5043 Vl,
1548 4983 1619 5032 de
1647 4980 1780 5041 ret„
1817 4992 1867 5032 c.
1898 4982 1948 5043 5,
1979 4979 2036 5033 8.
2073 4980 2138 5031 G.
2175 4979 2262 5039 0..
2300 4977 2556 5034 Nullius,
2589 4976 2623 5028 2
2657 4989 2792 5039 aug.
2824 4977 2971 5038 1596·
3002 4975 3058 5028 8.
3094 4975 3163 5027 Β.
3204 4974 3293 5034 0.,
3329 4972 3465 5022 Nul-

478 5082 594 5130 lius
623 5080 878 5128 Sanctae
913 5059 1145 5135 Laome,
1183 5078 1248 5127 14
1277 5087 1404 5136 apr.
1436 5074 1582 5127 1877.

651 5174 677 5210 ³
722 5171 779 5224 8.
817 5172 881 5224 C.
923 5171 979 5222 8.
1018 5170 1155 5231 Off..
1182 5170 1246 5221 21
1277 5180 1403 5229 apr.
1430 5169 1577 5230 1899,
1605 5167 1662 5220 8.
1691 5151 1755 5219 C.
1787 5168 1890 5228 Ep.
1919 5167 1982 5218 et
2007 5165 2170 5226 neg..
2203 5162 2441 5215 Nullius
2467 5162 2689 5214 uentu
2723 5159 3005 5220 viminis,
3029 5160 3294 5211 30mart.
3323 5157 3469 5219 1855;

480 5268 537 5318 8.
580 5266 645 5318 O.
682 5265 771 5324 C..
802 5263 1038 5313 Nullius
1071 5263 1315 5318 Caven.,·
1340 5262 1406 5312 11
1435 5260 1558 5311 dee.
1601 5258 1749 5312 1897.

655 5362 681 5397 ⁵
719 5358 784 5409 O.
825 5359 876 5417 9.
912 5358 977 5409 O.
1011 5356 1077 5415 X,
1110 5367 1163 5416 q.
1201 5357 1251 5416 13
1281 5355 1340 5406 8.
1377 5352 1442 5405 C.
1479 5352 1567 5413 0.,
1602 5349 2043 5411 Δηιαῑρὴίεαηα,
2085 5349 2151 5403 18
2181 5352 2244 5401 et
2282 5347 2349 5399 28
2381 5347 2484 5398 inl.
2519 5346 2668 5407 1699,
2703 5345 2781 5397 ad
2820 5346 2871 5407 13
2901 5341 3247 5396 Pontificale
3280 5342 3469 5401 Rom..

479 5455 572 5505 tlt.
607 5451 762 5502 Ordo
790 5452 868 5501 ad
895 5449 1226 5500 visitandae
1252 5445 1580 5507 parochias.
