3753 5871
1251 405 1429 457 Liber
1458 404 1762 455 Secundus
1803 430 1822 441 ·
1858 404 1947 454 De
1989 404 2262 454 Per-sonu
3178 399 3246 457 91

438 594 473 676 ξ
518 593 586 660 2.
638 594 1166 678 Praeterquam
1209 610 1437 660 causa
1482 593 1939 659 visitationis
1990 591 2387 659 Sacrorum
2436 590 2833 674 Liminum,
2887 591 3243 659 Concilio·

262 718 454 784 rum,
512 702 778 786 quibus
827 703 1183 770 interesse
1234 701 1527 783 debent,
1579 701 1695 767 vel
1744 699 1990 767 civilis
2040 699 2260 767 officii
2322 699 2479 766 suis
2530 699 2858 766 ecclesiis
2923 698 3248 784 legitime

256 809 623 893 adiuncti,
666 811 919 877 abesse
955 814 1268 894 possunt
1300 827 1535 894 aequa
1569 808 1661 876 de
1692 826 1921 876 causa
1953 826 2102 874 non
2145 809 2349 876 ultra
2381 808 2569 875 duos
2601 807 2719 874 vel
2751 807 2848 873 ad
2884 824 3249 872 summum

255 921 414 984 tres
443 935 727 985 menses
763 917 969 984 intra
995 935 1299 1000 annum,
1340 918 1493 985 sive
1521 917 1915 984 continuos
1945 917 2098 983 sive
2128 916 2616 997 intermissos,
2646 914 3044 982 dummodo
3079 932 3246 981 cau·

255 1028 421 1091 tum
463 1026 566 1092 sit
602 1044 695 1093 ne
735 1045 824 1093 ex
865 1027 1194 1114 ipsorum
1238 1026 1576 1093 absentia
1624 1025 1980 1093 dioecesis
2032 1024 2431 1109 quidquam
2471 1023 2902 1091 detrimenti
2942 1022 3237 1106 capiat:

258 1134 454 1217 quod
482 1138 731 1201 tamen
759 1137 1051 1217 tempus
1083 1134 1434 1218 coniungi
1464 1134 1719 1217 nequit
1756 1133 1910 1200 sive
1936 1150 2105 1200 cum
2134 1137 2462 1216 tempore
2490 1132 2634 1199 sibi
2668 1148 3015 1198 concesso
3049 1147 3246 1197 occa-

251 1244 463 1311 sione
493 1262 670 1311 suae
700 1243 1211 1327 promotionis,
1245 1243 1360 1309 vel
1391 1242 1847 1310 visitationis
1882 1241 2278 1309 Sacrorum
2312 1239 2709 1321 Liminum,
2750 1239 2867 1305 vel
2901 1237 3245 1304 assisten-

252 1350 409 1419 tiae
439 1350 797 1431 Concilio,
830 1350 983 1418 sive
1017 1369 1185 1416 cum
1215 1353 1543 1433 tempore
1579 1349 2049 1416 vacationum
2082 1349 2262 1415 anni
2293 1346 2806 1430 subsequentis
2847 1345 2897 1412 ¹.

439 1457 473 1540 ξ
518 1445 586 1524 3.
633 1459 752 1526 Ab
797 1458 1107 1525 ecclesia
1138 1458 1552 1525 cathedrali
1590 1477 1682 1524 ne
1719 1457 1973 1525 absint
2009 1461 2337 1551 tempore
2377 1456 2763 1522 Adventus
2809 1457 2886 1522 et
2921 1453 3246 1533 Quadra·

254 1567 601 1652 gemmae,
638 1567 898 1634 diebus
934 1567 1402 1650 Nativitatis,
1449 1565 2044 1634 Resurrectionis
2080 1564 2406 1647 Domini,
2457 1563 2928 1631 Pentecostes
2964 1565 3040 1629 et
3077 1562 3247 1629 Oor·

258 1674 468 1758 poris
496 1674 805 1757 Christi,
848 1674 994 1741 nisi
1028 1693 1117 1742 ex
1148 1674 1359 1759 gravi
1388 1678 1464 1742 et
1498 1674 1797 1758 urgenti
1824 1691 2052 1740 causa
2088 1670 2140 1738 ².

439 1781 473 1864 ξ
519 1783 586 1847 4.
639 1781 722 1849 Si
767 1781 972 1849 ultra
1008 1800 1134 1850 sex
1170 1799 1454 1850 menses
1488 1800 1528 1848 e
1574 1782 1890 1850 dioecesi
1927 1780 2312 1865 illegitime
2349 1777 2753 1861 abfuerint,
2803 1776 3254 1860 Episcopum

259 1890 767 1975 Metropolita,
806 1890 902 1957 ad
942 1905 1273 1957 normam
1310 1907 1477 1957 can.
1517 1889 1671 1972 274,
1716 1909 1791 1956 n.
1839 1892 1908 1971 4,
1950 1887 2503 1972 Metropolitam
2551 1885 2932 1969 antiquior
2971 1883 3248 1951 Suffra-

254 2015 539 2083 g'aneus
572 1997 900 2066 residens
942 1998 1113 2066 Sedi
1147 1998 1621 2083 Apostolicae
1650 1997 2041 2066 denuntiet
2074 1994 2127 2062 ³.

1559 2155 1737 2223 CAN.
1772 2154 1927 2222 339.

438 2279 473 2363 ξ
519 2281 587 2346 1.
635 2279 926 2347 Debent
978 2296 1288 2364 quoque,
1333 2282 1504 2363 post
1541 2282 1839 2362 captam
1881 2278 2078 2345 sedis
2120 2275 2677 2362 possessionem,
2734 2274 2936 2343 omni
2976 2273 3251 2360 exigui·

257 2387 449 2456 tatis
495 2387 869 2456 redituum
907 2387 1381 2455 excusatione
1418 2390 1553 2453 aut
1592 2386 1745 2454 alia
1788 2386 2048 2472 quavis
2090 2385 2517 2470 exceptione
2566 2388 2873 2466 remota,
2915 2382 3256 2451 omnibus

256 2494 653 2563 dominicis
690 2495 1005 2579 aliisque
1041 2494 1259 2562 festis
1305 2494 1565 2562 diebus
1601 2495 1693 2563 de
1730 2498 2149 2580 praecepto,
2192 2493 2418 2562 etiam
2459 2492 2901 2578 suppressis,
2950 2490 3254 2561 Missam

259 2620 402 2687 pro
442 2603 718 2688 populo
753 2604 898 2671 sibi
929 2602 1319 2670 commisso
1353 2601 1734 2686 applicare
1765 2600 1822 2669 ⁴.

443 2711 479 2793 ξ
523 2710 592 2779 2.
641 2711 735 2778 In
776 2712 973 2780 festo
1005 2710 1451 2780 Nativitatis
1485 2710 1812 2791 Domini,
1849 2715 1926 2779 et
1962 2710 2028 2777 si
2074 2708 2268 2794 quod
2303 2709 2579 2776 festum
2611 2707 2704 2775 de
2748 2710 3145 2791 praecepto
3174 2705 3256 2771 in

253 2806 460 2888 ‘diem
485 2819 932 2887 dominicam
959 2819 1271 2903 incidat,
1302 2818 1489 2886 satis
1518 2823 1634 2888 est
1667 2822 1753 2887 ut
1781 2817 2087 2885 Missam
2123 2835 2348 2885 unam
2375 2835 2514 2902 pro
2542 2815 2816 2900 populo
2851 2814 3252 2899 applicent.

442 2927 478 3010 ξ
522 2927 591 2995 3.
642 2927 727 2996 Si
753 2927 1029 2996 festum
1055 2927 1165 2997 ita
1194 2926 1699 2997 transferatur
1726 2930 1816 2996 ut
1848 2926 1929 2993 in
1963 2925 2086 2994 die
2113 2927 2210 2992 ad
2239 2941 2454 3009 quem
2490 2942 2639 2993 non
2667 2923 2904 2992 solum
2942 2920 3076 2991 fiat
3107 2920 3250 2989 offl-

255 3035 462 3104 cium
504 3053 673 3104 cum
719 3036 953 3104 Missa
991 3037 1171 3106 festi
1216 3035 1596 3119 translati,
1653 3035 1780 3103 sed
1825 3037 2214 3103 serventur
2268 3040 2570 3119 quoque
2597 3032 3085 3116 obligationes
3127 3047 3251 3096 au·

256 3143 519 3212 diendi
555 3144 860 3212 Missam
902 3148 980 3213 et
1014 3144 1440 3213 abstinendi
1477 3162 1527 3211 a
1563 3143 1982 3225 servilibus,
2027 3141 2262 3209 Missa·
2309 3159 2447 3225 pro
2496 3141 2773 3225 populo
2809 3137 3255 3224 applicanda

261 3252 1032 3335 estindieadquem:
1064 3251 1530 3320 secusindie
1564 3271 1611 3318 a
1647 3266 1791 3335 quo
1824 3250 1880 3318 ⁸.

448 3359 485 3442 ξ
529 3360 598 3425 4.
646 3360 1062 3446 Episcopus
1093 3359 1399 3426 Missam
1426 3378 1567 3444 pro
1591 3359 1866 3443 populo
1892 3357 2154 3445 diebus
2182 3374 2411 3441 supra
2440 3354 2793 3423 indicatis
2828 3372 2961 3439 per
2991 3352 3259 3436 seipse

261 3465 649 3552 applicare
671 3467 909 3552 debet3
945 3468 1010 3534 si
1037 3468 1135 3535 ab
1158 3467 1319 3536 eius
1345 3466 1838 3539 celebratione
1871 3465 2200 3551 legitime
2229 3461 2705 3548 impediatur,
2744 3462 2965 3530 statis
3001 3459 3261 3527 diebus

261 3574 596 3659 applicet
626 3592 759 3658 per
795 3575 1050 3650 alium:
1084 3575 1149 3642 si
1182 3593 1415 3660 neque
1445 3575 1524 3642 id
1567 3577 1948 3659 praestare
1989 3572 2250 3659 possit,
2289 3570 2833 3657 quamprimum
2866 3569 2980 3637 vel
3018 3585 3151 3652 per
3182 3585 3261 3636 se

261 3682 429 3765 ipse
450 3682 569 3749 vel
602 3701 736 3768 per
757 3683 988 3749 alium
1016 3682 1343 3766 applicet
1369 3682 1521 3749 alia
1554 3682 1699 3751 die.

450 3789 487 3872 ξ
533 3790 601 3857 5.
652 3790 856 3858 Licet
898 3792 1315 3876 Episcopus
1358 3791 1549 3859 duas
1590 3792 1706 3859 vel
1753 3792 2006 3876 plures
2047 3790 2414 3859 dioeceses
2460 3806 2690 3874 aeque
2747 3787 3263 3873 principaliter

265 3898 524 3967 unitas
572 3904 782 3983 regat
818 3904 978 3982 aut,
1029 3903 1327 3984 praeter
1364 3899 1743 3984 propriam
1781 3899 2198 3982 dioecesim,
2238 3898 2465 3965 aliam
2513 3898 2632 3966 vel
2669 3897 2862 3964 alias
2909 3897 2988 3963 in
3029 3895 3255 3963 admi·

263 4005 789 4074 nistrationem
834 4008 1128 4091 habeat,
1177 4007 1616 4093 obligationi
1662 4012 1913 4076 tamen
1961 4006 2336 4074 satisfacit
2381 4024 2516 4090 per
2561 4004 3126 4072 celebrationem
3185 4007 3261 4070 et

259 4113 841 4199 applicationem
871 4116 1097 4183 unius
1136 4116 1408 4185 Missae
1436 4134 1576 4200 pro
1605 4116 1950 4183 universo
1980 4114 2258 4199 populo
2293 4113 2437 4181 sibi
2466 4112 2854 4181 commisso
2888 4111 2939 4178 ⁶.

440 4320 464 4355 ¹
499 4319 672 4372 Oonc.
719 4319 1007 4381 Trident„
1044 4332 1187 4372 sess.
1235 4319 1449 4381 XXIII,
1489 4321 1561 4370 ac
1595 4319 1731 4379 ret..
1766 4331 1817 4371 c.
1858 4321 1910 4383 1;
1945 4320 2302 4373 Benedictus
2336 4318 2488 4383 XIV,
2524 4333 2617 4382 ep.
2655 4323 2875 4382 encycl.
2926 4335 2957 4371 α
3000 4319 3108 4371 Ubi
3146 4320 3260 4380 prt—

264 4419 434 4457 Μαι
464 4423 514 4470 ι,
547 4409 583 4461 3
619 4408 742 4461 (lec.
778 4409 926 4470 174⁰,
966 4410 993 4471 ς
1034 4411 1084 4473 4;
1115 4412 1301 4463 const.
1335 4425 1367 4461 ι
1401 4409 1491 4460 Λα
1524 4408 1837 4460 universae
1874 4424 1924 4471 ι,
1958 4410 1993 4462 3
2024 4412 2170 4470 sept.
2208 4410 2356 4473 17463
2399 4408 2460 4463 Β.
2491 4409 2558 4463 O.
2589 4409 2678 4472 Ο..
2716 4409 3002 4469 Romana,
3042 4409 3077 4462 3
3105 4408 3256 4461 febr.

264 4496 419 4559 1⁶3oe
462 4498 738 4556 Gur-oen„
769 4499 837 4550 19
877 4498 1026 4550 tebr.
1064 4497 1211 4550 1718.
2527 4559 2534 4568 ,

429 4590 461 4626 ²
505 4587 678 4640 Oonc.
709 4588 999 4648 Trident..
1037 4600 1182 4640 sess.
1213 4589 1429 4650 XXIII,
1464 4590 1535 4639 aa
1570 4589 1707 4649 ros..
1736 4600 1788 4640 c.
1819 4591 1869 4652 1,-
1898 4588 2255 4640 Benedictus
2282 4588 2434 4649 xlv,
2466 4590 2651 4639 const.
2688 4603 2720 4639 ι
2754 4587 2844 4638 Aa
2875 4587 3183 4640 universae
3214 4602 3263 4648 n,

266 4678 304 4730 8
332 4679 485 4736 sept.
523 4676 668 4739 17463
695 4677 754 4728 8.
785 4678 851 4729 G.
887 4678 992 4737 Ep.
1028 4681 1093 4729 et
1118 4677 1282 4739 Bes..
1314 4677 1618 4737 Acer-nen..
1651 4678 1717 4729 22
1744 4679 1896 4730 febr.
1926 4677 2075 4730 1647.
2999 4730 3006 4737 ,

430 4768 459 4804 ⁸
507 4765 681 4817 conc.
714 4767 1003 4829 'ri-ment..
1036 4779 1181 4819 sess.
1220 4768 1323 4829 Vl,
1357 4769 1429 4820 de
1464 4768 1601 4828 ret„
1631 4779 1682 4820 c.
1713 4770 1763 4830 1;
1793 4769 1938 4821 Pius
1968 4768 2070 4828 1v‚
2103 4769 2289 4819 const.
2327 4782 2358 4818 ι
2388 4766 2477 4817 De
2505 4767 2701 4819 salute
2739 4766 2932 4827 vrevin
2963 4781 3013 4827 ι,
3050 4766 3085 4816 4
3115 4769 3264 4826 sept.

266 4855 426 4915 15⁶⁰.
457 4855 484 4916 ς
517 4855 567 4917 2:
590 4855 947 4908 Benedictus
976 4856 1129 4917 xlv,
1155 4859 1341 4909 const.
1371 4871 1403 4907 ι
1434 4857 1522 4906 Λα
1549 4846 1863 4909 universae
1890 4872 1941 4919 ι,
1967 4858 2002 4909 3
2027 4860 2175 4918 sept.
2204 4855 2354 4919 1746:
2389 4855 2448 4909 s.
2479 4856 2545 4909 c.
2584 4854 2658 4908 de
2686 4857 2858 4917 prop.
2894 4855 3055 4915 mse,
3088 4855 3260 4907 mstr.

278 4944 391 5003 (ad
419 4944 690 5005 Archlep.
722 4944 1091 5006 Hiberniae),
1119 4945 1185 4997 25
1219 4946 1339 4997 lun.
1370 4945 1518 4998 1791.

436 5035 468 5072 ⁴
508 5034 682 5085 conc.
706 5034 996 5096 madent..
1028 5047 1173 5088 sess.
1197 5036 1411 5097 XXIII,
1440 5038 1511 5087 de
1538 5036 1673 5097 ref..
1702 5047 1752 5086 c.
1784 5038 1834 5098 1;
1857 5036 2136 5089 Urbanus
2160 5034 2275 5087 VII
2281 5036 2329 5095 1,
2362 5038 2549 5087 const.
2577 5049 2608 5085 α
2644 5034 2932 5087 Universa
2957 5049 3007 5095 ι,
3030 5034 3096 5085 13
3119 5036 3266 5093 sept.

273 5124 429 5185 1642,
465 5124 492 5185 ς
523 5124 573 5186 2ς
601 5124 719 5176 beo
748 5124 914 5184 xnI,
948 5124 1066 5176 utt.
1100 5135 1194 5184 ap.
1239 5139 1270 5175 α
1300 5124 1373 5175 ln
1412 5135 1686 5184 suprema
1720 5139 1769 5185 ιο,
1802 5125 1869 5176 10
1909 5124 2031 5175 lun.
2068 5123 2216 5185 188ae
2249 5123 2393 5175 Pius
2422 5124 2490 5184 x,
2531 5126 2717 5175 const.
2756 5138 2786 5172 α
2817 5121 3185 5183 Apostolum
3214 5137 3264 5182 n,

272 5214 347 5265 15
377 5223 505 5273 apr.
543 5212 691 5274 1910,
734 5226 793 5264 n.
828 5215 895 5275 X:
929 5213 988 5265 Β.
1021 5213 1086 5265 G.
1118 5212 1207 5275 0.,
1247 5214 1513 5265 Romana
1556 5219 1617 5265 et
1650 5214 1926 5273 aliarum,
1963 5213 1998 5266 8
2040 5225 2159 5274 aug
2206 5214 2356 5273 1911,
2394 5212 2473 5264 ad
2519 5213 2567 5273 1;
2605 5211 2663 5264 S.
2696 5212 2762 5264 Ο.
2795 5212 2869 5263 de
2899 5213 3068 5271 Prop.
3103 5210 3267 5270 Fide,

276 5303 399 5354 ntt„
436 5302 657 5363 encycl.
703 5302 806 5363 (ad
843 5303 1042 5364 Deleg.
1080 5303 1189 5363 Ap.
1229 5313 1335 5363 pro
1378 5303 1664 5365 Oriente),
1702 5304 1737 5356 8
1779 5315 1912 5355 nov.
1944 5302 2091 5365 1882:
2131 5301 2189 5355 S.
2223 5302 2295 5354 R.
2327 5301 2415 5362 0.,
2453 5299 2807 5360 Marsorum,
2854 5302 2921 5352 12
2956 5312 3087 5351 nov.
3118 5299 3268 5360 1831,

272 5392 356 5443 ad
384 5392 468 5442 22.
2487 5386 2490 5389 ’

443 5485 471 5521 ⁸
503 5480 563 5532 8.
598 5479 672 5531 B.
704 5480 794 5541 0.,
836 5481 1177 5541 unomen„
1208 5481 1242 5534 5
1279 5480 1401 5533 dec.
1436 5480 1585 5544 1868,
1616 5482 1696 5534 ad
1728 5483 1776 5534 1.

446 5571 476 5607 ⁸
505 5570 623 5622 beo
661 5569 827 5630 xnl,
864 5571 979 5623 utt.
1014 5582 1108 5631 ap.
1143 5586 1174 5622 α
1199 5571 1274 5621 In
1313 5581 1588 5631 suprema
1618 5587 1668 5632 n,
1703 5573 1768 5624 10
1799 5573 1921 5624 lun.
1955 5571 2100 5623 1882.
