3753 5871
2077 122 2449 178 &scenarum
2491 127 2548 180 S.
2580 129 2651 179 B.
2683 127 2762 180 (2.3
2798 128 2962 180 dotes
3002 130 3345 196 requisitae,
3381 130 3525 184 1117.

2076 202 2456 259 onoma-2
2500 207 2628 260 sine
2672 209 2917 262 annexis
2961 210 3372 264 emolumentis
3412 226 3523 264 non

531 123 710 190 [Bona
739 124 1117 191 temporallalz
1206 82 1226 100 N

654 204 1086 257 venditionibus
1134 217 1254 255 non
1302 204 1566 266 servatis,
1613 203 1849 266 021-0243
1900 217 1977 255 an

656 284 810 337 inter
844 284 1035 336 modos
1066 283 1206 336 baec
1236 283 1573 350 anquirendi
1606 283 1978 350 praescriptio

654 379 884 432 quoque
915 365 1264 418 recensenda
1295 365 1375 418 sit
1400 366 1462 417 et
1484 364 1704 430 quibus
1735 363 1977 431 qualita-

658 446 817 499 tibus
847 446 1122 512 praedita,
1151 443 1293 508 iboe,
1330 445 1470 508 1511,
1496 446 1645 508 15123
1676 459 1753 497 an
1784 445 1977 497 omnia

657 526 1089 593 praescriptioni
1111 526 1231 578 sint
1251 525 1519 588 obnoxia,
1544 526 1684 588 1509,
1707 526 1767 578 et
1799 525 1976 577 relate

654 607 729 660 ad
758 620 977 669 omnes,
1002 607 1151 668 15103
1175 620 1250 657 an
1275 607 1455 672 possit
1476 606 1608 672 quis
1629 606 1805 658 libere
1827 605 1975 657 bona

653 701 762 740 sua
797 687 871 739 ad
903 701 1108 739 causas
1142 687 1265 752 pias
1297 686 1647 753 relinquere,
1683 687 1806 739 1513
1846 685 1881 751 5
1918 685 1972 747 13

651 767 723 818 ad
759 780 929 833 quem
975 768 1192 833 spectet
1237 767 1438 819 horum
1486 766 1762 819 bonorum
1803 766 1976 818 donii-

654 847 837 910 nium,
873 847 997 899 1409
1036 847 1141 914 52,
1173 847 1294 910 5313
1326 848 1628 899 cuiusnam
1662 846 1800 898 liant
1835 846 1973 898 haec

652 926 801 980 bona
846 927 1032 979 diviso
1080 928 1371 980 territorio
1408 940 1685 993 personae
1722 925 1971 988 moralis,

654 1003 795 1070 iiim,
829 1009 935 1060 aut
970 1021 1039 1059 ea
1084 1009 1388 1070 exstincta,
1424 1008 1566 1070 1501,
1599 1007 1711 1069 ios,
1732 1007 1831 1059 404
1858 1005 1968 1072 523

649 1086 719 1138 de
753 1087 921 1139 bonis
951 1086 1045 1140 his
1075 1087 1443 1154 acquirendis
1472 1087 1548 1138 ab
1577 1086 1973 1139 associationi-

650 1165 757 1217 bus
791 1167 923 1232 piis,
954 1167 1077 1229 oe13
1112 1167 1183 1219 de
1205 1167 1407 1219 borum
1428 1167 1706 1218 bonorum
1728 1166 1972 1219 admini-

648 1247 928 1299 stratione
970 1247 1100 1299 vide
1147 1247 1598 1308 administratum
1651 1247 1720 1298 de
1767 1261 1966 1299 eorum

2200 284 2575 351 instituendi,
2622 290 2721 343 m
2759 288 2792 356 3
2824 291 2893 352 33
2947 290 3298 356 quibusnam
3342 293 3526 345 conie-

2199 366 2383 430 rendi,
2414 368 2531 431 404,
2562 370 2620 420 et
2650 383 2686 420 a
2717 384 2855 436 quo,
2885 371 3000 424 ioe.

2075 446 2355 500 Oeno-ici:
2391 449 2790 516 lura,85831
2826 450 3522 524 υ.2,3οἶ,4(551,4ω,

2197 527 2290 580 411
2323 529 2357 595 5
2377 531 2436 591 33
2459 529 2870 597 obligationes:
2900 532 3213 585 assistemi
3249 532 3522 600 Episcopo

2200 609 2545 675 pontificalia
2576 613 2890 676 exercenti,
2912 614 3008 665 412
3036 614 3070 680 5
3095 614 3151 676 13
3186 613 3393 667 divina
3409 615 3521 668 ofi-

2195 689 2289 741 cia
2318 690 2382 742 in
2413 690 2587 743 choro
2620 692 2999 757 persolvendi,
3019 694 3119 747 413
3147 693 3183 759 5
3205 694 3256 756 1,
3288 695 3416 757 4143
3446 697 3521 746 al·

2197 769 2338 822 taris
2369 771 2668 824 servitium
2702 785 2804 838 per
2834 774 3068 826 turnum
3093 773 3373 843 obeundi,
3394 775 3516 835 4153

2195 849 2496 903 emittendi
2521 851 2929 917 professionem
2960 853 3268 916 fldemme
3289 859 3322 923 3
3344 858 3371 907 1
3396 870 3452 905 n.
3476 859 3521 915 5,

2195 929 2229 995 3
2259 929 2310 990 2.
2341 930 2495 993 24033
2530 934 2746 984 vestem
2788 933 3069 986 choralem
3116 933 3419 987 deferendi
3458 936 3514 987 in

2193 1007 2387 1070 choro,
2434 1010 2555 1072 4003
2599 1011 2911 1075 residendi,
2946 1012 3122 1064 salvis
3163 1013 3359 1065 tribus
3399 1017 3517 1066 tan·

2185 1093 2311 1141 tum
2354 1092 2415 1141 in
2459 1104 2617 1144 anno
2656 1099 2960 1149 mensibus
3000 1099 3360 1155 vacationis.
3404 1103 3502 1152 418

2191 1166 2225 1232 3
2248 1170 2297 1230 1,
2330 1182 2445 1220 non
2476 1169 2681 1234 quovis
2712 1171 2904 1222 tamen
2938 1172 3196 1237 tempore
3223 1186 3517 1225 murnen-

2191 1246 2300 1309 dis,
2349 1248 2447 1300 418
2478 1249 2510 1314 5
2542 1247 2602 1311 2,
2633 1251 2692 1301 et
2728 1249 2956 1302 amissis
2993 1264 3167 1303 omne
3205 1265 3397 1317 guum
3436 1252 3513 1303 di·

2189 1327 2653 1392 atributionibus,
2682 1329 2780 1382 418
2818 1330 2852 1395 5
2882 1332 2941 1393 33
2982 1345 3100 1383 non
3139 1332 3510 1385 maidentiun

2189 1408 2459 1461 coercitio
2490 1410 2550 1462 et
2592 1423 2826 1474 poenae,
2859 1410 3163 1474 2108-21753
3197 1425 3280 1463 an
3312 1413 3377 1464 in
3407 1426 3514 1464 ser·

646 1326 996 1379 alienatione
1028 1327 1156 1379 vide
1188 1328 1483 1379 Alienatio.

519 1435 584 1443 —
614 1406 973 1470 fiduciaria:
1007 1407 1147 1458 1516.

519 1487 758 1540 Bonum:
784 1487 1125 1553 privatum:
1160 1488 1300 1541 1018.

518 1593 582 1604 ——
604 1568 915 1634 publicum
925 1585 944 1620 .·
979 1567 1119 1632 1586,
1156 1568 1297 1632 1518,
1328 1569 1452 1620 1655
1482 1570 1515 1636 5
1535 1569 1586 1621 2.

2190 1488 2333 1540 vitio
2363 1488 2522 1541 chori
2555 1489 2630 1541 ab
2658 1489 2774 1542 alio
2803 1491 3083 1543 substitui
3110 1493 3363 1558 possint,
3392 1493 3508 1553 4193

2187 1582 2266 1620 an
2297 1569 2370 1620 ab
2394 1583 2463 1621 eo
2480 1569 2791 1635 aliquando
2812 1574 3164 1624 excusentur
3185 1572 3275 1624 ita
3309 1575 3377 1624 ut
3399 1587 3512 1639 per·

2185 1647 2405 1713 cipiant
2439 1649 2632 1704 tamen
2672 1648 2900 1702 fructus
2941 1650 3305 1716 praebendae
3343 1654 3404 1704 et
3432 1652 3510 1704 di·

2186 1726 2584 1789 stributiones,
2612 1727 2726 1790 a),
2757 1730 2866 1780 aut
2894 1728 3119 1782 fructus
3154 1731 3508 1796 praebendae

2183 1808 2432 1871 tantum,
2470 1808 2593 1870 4213
2625 1808 2817 1875 quoad
2850 1808 3095 1875 spolium
3129 1810 3395 1865 defuncti
3425 1826 3511 1865 a·

2183 1888 2377 1941 nomen
2410 1889 2542 1941 vide
2563 1890 2937 1950 manuni.
2960 1889 3337 1955 αμα-ιω».
3358 1893 3506 1958 cqu-

518 1711 836 1781 Cadaveraz
870 1727 1122 1780 fidelium
1153 1727 1497 1793 sepelienda,
1533 1729 1659 1783 ma
1688 1728 1800 1795 513
1836 1730 1965 1795 post

641 1825 958 1878 congruum
990 1813 1234 1877 tempus,
1258 1812 1406 1875 12133
1430 1812 1491 1864 in
1513 1813 1851 1865 coemeterio
1873 1814 1964 1866 be·

643 1893 886 1955 nedicto,
910 1891 1035 1943 120⁶
1049 1891 1082 1959 3
1101 1893 1124 1943 1
1140 1909 1155 1953 3
1177 1893 1372 1945 nonin
1388 1892 1664 1955 ecclesiis,
1678 1894 1810 1956 nisi,
1828 1895 1959 1956 etc„

644 1975 767 2027 ime
801 1972 834 2039 3
865 1972 917 2035 2,
949 1971 1021 2024 cl.
1059 1972 1178 2027 1231
1223 1972 1329 2038 31,
1364 1988 1467 2026 nec
1509 1974 1719 2026 subtus
1759 1973 1958 2037 altare,
2182 1970 2374 2020 tlh--

640 2067 814 2120 super
849 2067 986 2119 quo,
1027 2053 1079 2105 si
1120 2052 1195 2104 ab
1237 2066 1305 2105 eo
1339 2054 1519 2107 unius
1549 2053 1749 2107 saltem
1792 2053 1959 2107 metri
2055 2076 2119 2087 —
2149 2049 2233 2100 ad
2265 2049 2575 2103 honorem:
2604 2050 2727 2115 qui,
2763 2054 2908 2116 quot
2944 2051 3229 2104 nominari
3267 2053 3504 2117 possint,

638 2135 822 2200 spatio
855 2148 971 2186 non
1002 2134 1237 2196 distent,
1269 2133 1551 2187 celebrare
1578 2134 1802 2188 Missam
1838 2149 1956 2188 non
2178 2128 2302 2192 lm?
2341 2143 2491 2195 quw
2531 2129 2660 2182 ium
2698 2132 2807 2181 ⁸¹¹²
2849 2130 3147 2197 privilegia
3184 2130 3503 2193 obtinenti,

637 2213 790 2278 licet,
837 2214 963 2268 ma
990 2214 1097 2280 §23
1131 2213 1417 2267 ordinario
1448 2215 1740 2268 „comete
1786 2217 1959 2268 eomi-
2178 2222 2329 2274 quae
2361 2224 2499 2273 non.
2529 2209 2644 2273 ⁴0⁷.
2674 2209 2769 2264 4¹1
2802 2210 2836 2276 5
2858 2212 2909 2264 ³·

637 2297 796 2347 tante
849 2295 911 2347 in
970 2294 1267 2347 ecclesiam
1323 2297 1461 2348 ante
1512 2296 1956 2350 tumulationem
2053 2317 2116 2327 -
2146 2289 2421 2343 iubatus:
2449 2290 2564 2354 m,
2603 2291 2701 2343 m
2740 2290 2774 2356 5
2799 2292 2824 2343 1
2859 2305 2915 2343 1¹·
2953 2290 3051 2357 ¹·ss
3073 2291 3124 2342 Ξ-

638 2375 1049 2437 transferenda,
1075 2374 1216 2437 1215,
1238 2376 1298 2427 et
1318 2376 1388 2427 de
1411 2375 1654 2428 ecclesia
1671 2376 1743 2428 ad
1768 2376 1955 2429 locum
2050 2397 2115 2408 —
2144 2371 2383 2423 ominis
2403 2371 2864 2438 presbyteralis.-
2890 2372 3003 2426 416.

637 2457 987 2524 sepulturae,
1013 2456 1131 2509 1231
1155 2455 1189 2521 5
1204 2455 1262 2518 23
1288 2456 1559 2509 laicorum
1580 2457 1841 2509 cuiusvis
1861 2471 1955 2524 ge-

637 2538 792 2588 neris
822 2538 929 2588 aut
959 2535 1266 2601 dignitatis
1296 2535 1511 2588 deferre
1535 2536 1726 2589 clerici
1760 2538 1956 2588 vetan-

636 2618 751 2679 tur,
773 2617 897 2670 1233
912 2617 945 2682 5
961 2615 1019 2678 43
1043 2629 1340 2681 nunquam
1362 2615 1727 2668 exhumanda
1748 2616 1860 2668 nisi
1882 2615 1953 2668 de

633 2697 864 2749 licentia
880 2695 1186 2758 ordinarii,
1212 2695 1335 2748 1214
1348 2696 1448 2761 513
1467 2711 1541 2748 an
1560 2698 1618 2748 et
1634 2697 1867 2762 quando
1899 2696 1951 2749 is

631 2778 920 2830 licentiam
955 2776 1103 2829 hanc
1134 2777 1416 2843 denegare
1447 2777 1669 2840 debeat,
1695 2778 1819 2830 1214
1838 2777 1947 2843 523

631 2858 872 2911 cadaver
903 2857 1378 2910 excommunicati
1399 2857 1616 2909 vitandi
1636 2872 1738 2924 per
1768 2872 1831 2910 se
1862 2859 1950 2910 est

630 2939 1054 2992 exhumandum
1088 2940 1146 2991 et
1168 2940 1229 2990 in
1257 2938 1378 2991 loco
1409 2938 1644 3005 profano
1676 2940 1952 3005 sepelien-

631 3022 788 3081 dum,
824 3020 972 3081 12423
1013 3019 1087 3071 ad
1124 3020 1343 3075 furtum
1384 3019 1474 3071 vel
1512 3020 1690 3072 alium
1735 3019 1948 3072 malum

630 3102 799 3153 finem
824 3100 1103 3152 violantes
1132 3100 1411 3166 quomodo
1435 3100 1770 3165 puniantur,
1790 3099 1945 3162 23283

632 3181 760 3233 vide
808 3182 1113 3232 associatio
1160 3181 1468 3244 cadaveris,
1510 3179 1805 3245 eumatio,
1846 3182 1948 3232 Pu·

629 3274 787 3326 nera,
817 3260 1114 3324 Sepultura
1144 3261 1540 3312 ecclesiastica.

498 3342 816 3395 caelibatus
855 3339 1202 3404 obligatione
1242 3340 1516 3392 tenentur
1550 3338 1743 3391 clerici
1776 3339 1948 3392 maio-

627 3435 740 3482 res,
790 3420 883 3474 132
924 3419 956 3486 5
992 3421 1037 3481 1,
1079 3420 1254 3474 etiam
1300 3420 1372 3471 ad
1422 3419 1676 3471 laicalem
1727 3421 1944 3473 statum

627 3501 862 3563 redacti,
892 3500 987 3555 213
1015 3500 1048 3566 5
1067 3502 1118 3563 2,
1142 3501 1257 3553 nisi
1289 3500 1422 3566 quis
1442 3500 1699 3552 ordinem
1718 3514 1945 3553 sacrum

627 3596 697 3633 ex
739 3582 894 3633 metu
936 3581 1253 3647 susceperit
1304 3581 1364 3633 et
1408 3580 1824 3633 ordinationem
1861 3595 1946 3633 re·

627 3662 780 3712 moto
813 3662 967 3714 metu
998 3663 1179 3713 ratam
1215 3675 1330 3713 non
1362 3660 1647 3723 habuerit,
1677 3661 1791 3713 214.

497 3743 888 3796 Caeremwlae
909 3744 967 3794 et
988 3743 1134 3795 ritus
1167 3742 1454 3810 baptismi,
1475 3741 1942 3805 confirmationis,

626 3822 849 3885 Missae,
881 3837 1069 3875 sacrae
1101 3823 1498 3885 ordinationis,
1518 3824 1804 3875 extremae
1838 3837 1944 3875 un·

623 3903 851 3967 ctionis,
885 3903 1014 3954 vide
1046 3904 1277 3971 singula
1306 3905 1440 3956 auis
1472 3904 1638 3956 locis.

492 3985 831 4049 &upanaez
890 3984 1303 4036 consecrandae
1367 3982 1458 4035 vel
1522 3984 1941 4037 benedicendae

621 4065 780 4127 sunt,
812 4078 958 4129 quas
990 4065 1050 4114 in
1082 4063 1343 4130 qualibet
1383 4064 1620 4118 ecclesia
1654 4080 1779 4118 esse
1809 4081 1941 4119 con·

625 4147 803 4209 venit,
846 4145 969 4196 1169
1005 4144 1144 4211 331,
1175 4145 1235 4208 23
1269 4158 1370 4214 eae
1409 4146 1659 4198 subsunt
1696 4147 1801 4200 uni
1838 4161 1943 4200 au·

621 4226 875 4278 ctoritati
919 4225 1218 4289 Ecclesiae,
1254 4226 1376 4278 11oe
1414 4225 1447 4292 3
1480 4228 1529 4287 3,
1564 4240 1667 4279 nec
1702 4229 1777 4280 ad
1812 4243 1938 4295 pro-

622 4307 786 4359 fanos
819 4321 962 4360 usus
981 4306 1297 4373 pulsandae
1320 4308 1479 4370 sunt,
1502 4307 1636 4370 nisi,
1659 4309 1788 4371 etc„
1814 4310 1938 4362 11oe

622 4388 655 4454 3
687 4389 743 4450 43
783 4401 1186 4454 campanarum
1228 4386 1485 4452 pulsator
1519 4402 1555 4439 a
1594 4403 1711 4454 quo
1759 4390 1940 4443 nomi·

625 4468 870 4530 naudus,
903 4470 1031 4530 etc„
1066 4467 1214 4530 1185;
1254 4466 1558 4520 Ordinatio
1594 4469 1665 4520 ob
1704 4483 1935 4522 causam

637 4549 916 4614 publicam
951 4563 1353 4614 campanarum
1384 4550 1639 4601 sonitum
1671 4552 1940 4617 praescri·

623 4630 781 4682 benti
835 4629 1090 4697 religiosi
1140 4644 1367 4696 quoque
1418 4632 1665 4697 exempti
1711 4630 1938 4686 obedire

620 4711 845 4772 debent,
875 4711 987 4762 512.

492 4791 865 4844 Cancellarlna
891 4792 966 4842 ·in
1009 4791 1345 4843 dioecesana
1376 4791 1549 4845 Curia
1585 4794 1939 4847 constituen-

619 4872 744 4933 dus,
783 4872 884 4938 qui
933 4872 1011 4924 sit
1048 4872 1328 4934 sacerdos,
1364 4873 1461 4927 372
1490 4874 1596 4940 31,
1629 4876 1688 4926 et
1728 4875 1830 4939 qui
1867 4889 1936 4927 eo

621 4953 746 5018 ipso
787 4954 876 5005 est
909 4952 1187 5014 notarius,
1218 4952 1314 5005 372
1343 4951 1377 5017 3
1408 4954 1467 5013 33
1501 4953 1631 5005 eius
1667 4953 1933 5018 officium,

617 5034 713 5088 372
752 5035 787 5101 3
822 5036 875 5097 13
913 5034 1042 5086 vide
1077 5035 1357 5087 Notarius.

2052 2478 2114 2488 —
2144 2452 2486 2517 reculam:
2514 2452 2607 2504 401
2639 2451 2672 2518 5
2696 2453 2746 2504 1.

2051 2530 2377 2584 Guoalcun
2423 2531 2926 2599 poenitentiarius
2977 2534 3404 2598 instituendus,
3449 2537 3498 2587 ei

2177 2611 2299 2665 fleri
2353 2613 2559 2679 potest,
2609 2613 2671 2665 in
2726 2613 3178 2676 cathedralibus,
3223 2615 3328 2668 ³oe
3377 2616 3413 2682 3
3445 2616 3496 2674 13

2176 2693 2410 2745 institui
2442 2693 2615 2745 etiam
2648 2695 2837 2760 potest
2869 2694 2931 2745 in
2962 2693 3498 2760 mllegialibuaff

2173 2771 2207 2837 3
2238 2772 2297 2835 23
2330 2772 2659 2838 qualitates,
2689 2774 2786 2827 309
2827 2773 2967 2841 331,
2999 2774 3059 2836 23
3095 2776 3379 2840 potestas,
3406 2776 3493 2828 401

2174 2851 2278 2918 51,
2308 2852 2406 2906 873
2443 2852 2549 2918 52,
2584 2853 2817 2920 89052,
2849 2867 2996 2919 quae
3035 2857 3228 2907 tamen
3266 2856 3496 2922 abipso

2172 2933 2419 3000 delegari
2452 2949 2566 2987 non
2600 2935 2807 3001 potest,
2838 2935 2932 2989 401
2963 2933 2996 3001 5
3020 2935 3075 2998 13
3101 2934 3378 2999 officium,
3407 2940 3492 2989 401

2171 3014 2204 3080 3
2226 3015 2285 3079 23
2321 3014 2654 3081 prohibetur
2681 3015 2758 3068 ab
2778 3017 2962 3068 officio
2986 3015 3237 3070 habente
3270 3018 3495 3071 iurisdi-

2167 3095 2416 3148 ctionem
2448 3096 2512 3148 in
2551 3096 2672 3149 roro
2708 3099 2968 3157 externo,
3002 3098 3100 3151 3oe
3135 3097 3172 3164 5
3201 3100 3254 3157 3,
3310 3102 3379 3152 ut
3411 3098 3497 3151 Yi-

2169 3170 2307 3227 carii
2339 3174 2652 3239 Generalis,
2682 3176 2778 3231 &7
2809 3178 2920 3244 533
2953 3192 2988 3230 a
3020 3178 3497 3232 ministeriosub-

2171 3256 2388 3309 diaconi
2423 3259 2482 3309 et
2515 3257 2740 3310 diaconi
2775 3258 3066 3321 eximitur,
3096 3259 3220 3321 4153
3256 3260 3495 3325 quando

2167 3337 2549 3390 confessiones
2580 3338 2748 3390 audit
2786 3340 3097 3391 excusatur
3121 3353 3160 3390 a
3199 3338 3381 3392 choro
3416 3343 3493 3392 im

2170 3419 2237 3470 ut
2265 3418 2543 3484 percipiat
2560 3420 2786 3471 fructus
2810 3421 2868 3471 et
2898 3419 3344 3483 distributiones
3361 3436 3497 3488 quo-

2167 3498 2432 3563 tidianas,
2452 3500 2550 3552 «lm
2567 3500 2644 3564 51
2681 3515 2739 3552 n.
2763 3500 2859 3569 3,5
2873 3500 2932 3564 23
2957 3500 3249 3567 negligens
3281 3502 3348 3553 in
3381 3503 3496 3555 ofi-

2165 3579 2254 3632 cio
2284 3581 2566 3646 quomodo
2597 3581 2948 3647 puniendus,
2976 3581 3120 3635 2384.

2041 3687 2103 3697 -
2135 3660 2459 3726 thwloaus:
2507 3662 2894 3714 instituendus
2940 3663 3004 3714 in
3048 3661 3492 3720 cathedralibus.

2163 3743 2261 3796 398
2298 3743 2333 3809 3
2366 3743 2412 3802 1,
2445 3742 2672 3794 institui
2709 3743 2881 3795 etiam
2924 3743 3108 3809 potest
3138 3743 3195 3794 in
3227 3742 3493 3811 collegh-

2164 3821 2335 3882 libus,
2366 3822 2463 3875 308
2492 3822 2600 3888 523
2633 3821 2961 3887 qualitates,
2990 3823 3088 3876 3oe
3111 3822 3183 3888 55
3205 3824 3250 3882 1,
3278 3823 3346 3887 23
3379 3824 3494 3876 ofl-

2163 3903 2338 3965 cium,
2368 3903 2490 3964 ⁴003
2514 3917 2550 3956 a
2571 3903 2887 3956 ministerio
2917 3903 3245 3955 subdiaconi
3278 3907 3344 3956 et
3375 3905 3491 3956 dia·

2163 3984 2292 4036 coni
2338 3984 2625 4046 eximitur,
2673 3985 2794 4045 4103
2830 3984 3056 4051 quando
3099 3998 3210 4036 suo
3250 3998 3492 4037 muner-e

2164 4065 2424 4131 fungitur
2442 4065 2747 4117 excusatur
2766 4079 2805 4117 a
2822 4064 2995 4117 choro
3019 4065 3106 4116 ita
3126 4065 3193 4116 ut
3212 4067 3489 4132 pereipiat

2161 4146 2379 4198 tructus
2419 4146 2479 4198 et
2510 4145 2938 4198 distributiones
2966 4145 3355 4211 quotidianas,
3393 4147 3491 4199 m

2162 4227 2195 4292 3
2231 4227 2258 4278 1
2303 4241 2361 4279 n.
2400 4225 2460 4288 23
2516 4225 2817 4293 negligens
2861 4226 2922 4278 in
2967 4224 3153 4278 officio
3200 4227 3488 4292 quomodo

2160 4307 2508 4374 puniendus,
2538 4306 2682 4361 2³84.

2035 4388 2409 4441 Ouo-batim
2446 4387 2563 4454 peti
2587 4388 2789 4454 nequit
2811 4387 2922 4439 nisi
2943 4387 3014 4440 de
3034 4388 3257 4453 eo,·qui
3280 4387 3489 4440 roma-

2157 4469 2293 4521 liter
2338 4469 2428 4521 vel
2479 4468 2928 4535 aequipollenter
2978 4469 3354 4521 renuntiatus
3397 4472 3485 4520 eet

2160 4550 2380 4610 beatus,
2428 4549 2581 4613 fflffl;
2627 4552 2688 4601 et
2727 4550 2777 4601 si
2817 4551 3024 4615 agatur
3062 4548 3134 4600 de
3177 4548 3490 4601 iot-malit&

2163 4630 2484 4683 beatificato
2524 4629 2638 4683 duo
2677 4629 2973 4691 miracula,
3012 4630 3142 4684 21ae
3180 4629 3214 4695 3
3237 4629 3285 4691 1,
3326 4630 3380 4680 si
3415 4629 3486 4680 de

2157 4712 2624 4779 aequipollenter,
2659 4712 2769 4763 tria
2805 4711 3076 4763 miracula
3113 4711 3489 4776 requiruntur

2158 4794 2286 4859 post
2350 4792 2827 4845 beatificationem
2885 4791 3140 4858 patrata,
3191 4791 3321 4845 2138
3363 4790 3402 4856 5
3431 4791 3484 4850 Ι,

2157 4876 2217 4926 et
2260 4876 2549 4939 praeterea
2586 4873 2643 4925 in
2682 4873 2790 4926 hoc
2820 4872 3024 4926 ultimo
3054 4886 3195 4925 casu
3223 4874 3486 4923 metare

2156 4955 2326 5008 debet
2357 4954 2446 5007 vel
2475 4953 2809 5007 authentico
2838 4954 3199 5014 documento,
3217 4952 3345 5006 im
3371 4952 3410 5018 5
3435 4954 3482 5010 1.

2160 5037 2247 5088 vel
2287 5036 2547 5102 legitimo
2594 5048 2859 5102 processu
2902 5033 3174 5088 concluso
3215 5048 3312 5101 per
3349 5048 3486 5086 een-
