3753 5871
615 308 730 368 528
1759 310 1958 362 Gades
1995 309 2158 363 luris
2207 311 2490 364 oanontai

1898 554 2076 622 CAN.
2129 555 2325 621 1882.

801 680 835 763 ξ
884 682 949 747 1.
998 680 1428 765 Appellatio
1466 678 1627 747 fieri
1676 682 1925 763 potest
1966 683 2313 748 oretenus
2349 698 2602 748 coram
2642 680 2885 748 iudice
2934 698 3074 765 pro
3113 680 3480 748 tribunali
3512 698 3593 747 se

620 787 867 871 dente,
918 788 983 854 si
1019 788 1311 930 ΡιιὼΙίοε
1350 788 1721 855 sententia
1761 788 2081 872 legatur,
2124 789 2528 873 statimque
2566 789 2661 855 ab
2700 789 3040 857 actuario
3089 788 3403 898 scriptis
3440 787 3594 855 retli-

621 894 861 1086 gend?
880 900 1240 1071 {StAliter
1270 1002 1611 1070 facienda
1651 1004 1880 1071 estin
1910 1003 2231 1087 scriptis,
2275 1003 2482 1070 salvo
2513 1020 2693 1070 casu
2731 996 2825 1070 de
2864 1003 3120 1088 quoin
3157 1022 3329 1071 can.
3371 1002 3533 1071 17OE
3558 999 3600 1066 ².

1895 1162 2074 1230 CAN.
2125 1162 2321 1229 1883.

795 1272 1228 1356 Appellatio
1274 1272 1786 1357 prosequenda
1843 1278 1958 1341 est
2007 1291 2258 1340 coram
2308 1274 2551 1342 iudice
2602 1278 2698 1341 ad
2749 1290 2965 1357 quem
3014 1273 3379 1359 dirigitur
3428 1274 3603 1340 intra

622 1393 940 1446 mensem
985 1379 1080 1447 ab
1116 1381 1277 1447 eius
1320 1381 1912 1465 interpositione,
1952 1382 2098 1448 nisi
2135 1382 2357 1449 iudex
2396 1402 2444 1449 a
2488 1398 2633 1467 quo
2666 1382 2964 1467 longius
2999 1386 3295 1465 tempus
3332 1381 3435 1449 ad
3470 1397 3602 1449 eam

621 1486 1203 1569 prosequendam
1249 1489 1451 1571 parti
1497 1488 2018 1572 praestituerit
2060 1487 2113 1552 ⁸.

1894 1644 2071 1713 CAN.
2126 1645 2321 1711 1884.

796 1757 830 1840 ξ
880 1758 944 1823 1.
994 1756 1113 1824 Ad
1165 1756 1750 1842 prosequendam
1802 1756 2379 1841 appella-tionem
2423 1755 2834 1842 requiritur
2877 1760 2954 1824 et
3005 1754 3276 1823 suflicit
3325 1759 3420 1822 ut
3462 1771 3607 1839 pars

619 1864 1117 1932 ministerium
1157 1865 1450 1933 invocet
1490 1865 1761 1931 iudicis
1811 1865 2220 1948 superioris
2259 1865 2357 1932 ad
2399 1866 2879 1949 impugnatae
2923 1863 3347 1931 sententiae
3400 1880 3603 1931 emen·

618 1972 1020 2056 dationem,
1047 1973 1403 2041 adiuncto
1424 1973 1829 2058 exempla-ri
1853 1973 2076 2041 huius
2102 1974 2515 2042 sententiae
2538 1977 2615 2041 et
2644 1973 2881 2041 libelli
2905 1972 3399 2057 appellatorii
3425 1988 3607 2057 quem

620 2080 853 2148 iudici
888 2080 1228 2149 inferiori
1266 2081 1703 2150 exhibuerat
1747 2079 1800 2145 ⁴.

796 2189 830 2271 ξ
878 2188 944 2254 2.
994 2188 1206 2270 Quod
1248 2190 1314 2256 si
1355 2207 1531 2274 pars
1571 2191 1947 2275 exempla-r
1987 2191 2467 2276 impugnatae
2508 2190 2921 2258 sententiae
2970 2188 3177 2256 intra
3217 2189 3421 2257 utile
3464 2193 3607 2256 tem-

620 2315 761 2380 pus
799 2316 849 2364 a
884 2297 1247 2364 tribunali
1286 2317 1334 2364 a
1372 2316 1516 2380 quo
1565 2299 1897 2366 obtinere
1941 2304 2281 2384 nequeat,
2325 2299 2626 2367 interim
2675 2298 2980 2366 termini
3028 2316 3175 2365 non
3215 2296 3609 2364 decurrunt

619 2409 696 2472 et
736 2405 1343 2489 impedimentum
1398 2405 1967 2489 significandum
2012 2410 2128 2475 est
2169 2407 2399 2474 iudici
2443 2406 2995 2491 appellationis,
3045 2405 3170 2490 qui
3216 2405 3542 2472 iudicem
3579 2419 3610 2465 a

619 2528 764 2595 quo
795 2519 1190 2597 praecepto
1226 2513 1646 2598 obstringat
1679 2513 1918 2581 officio
1947 2533 2083 2582 suo
2115 2515 2659 2600 quamprimum
2700 2512 3213 2582 satisfaciendi
3260 2509 3319 2576 ⁸.

997 2743 1004 2747 ,
1894 2675 2070 2741 om.
2122 2676 2318 2743 1885.

795 2786 829 2867 ξ
878 2788 943 2851 1.
997 2785 1080 2853 Si
1114 2804 1333 2853 casus
1379 2787 1470 2853 de
1510 2803 1657 2870 quo
1692 2786 1772 2852 in
1817 2804 1984 2853 can.
2028 2786 2201 2853 1733
2238 2786 2641 2871 contigerit
2678 2786 2882 2853 intra
2920 2785 3331 2853 terminum
3374 2786 3477 2853 ad
3510 2803 3609 2867 ap-

620 2893 1047 2977 pellandum
1088 2894 1346 2963 utilem
1385 2894 1512 2963 sed
1547 2898 1947 2980 antequam
1993 2895 2401 2980 appellatio
2436 2894 2883 2980 interposita
2929 2895 3055 2977 sit,
3096 2895 3489 2962 sententia
3518 2892 3610 2960 de

619 3001 741 3072 bet
782 3002 876 3069 iis
916 3021 1225 3087 quorum
1265 3003 1580 3072 interest
1614 3001 2047 3072 denuntiari
2085 3004 2337 3089 eisque
2382 3003 2712 3071 concessi
2751 3003 3287 3089 intelliguntur
3328 3000 3613 3072 termini

619 3129 665 3177 a
699 3111 860 3178 iure
898 3112 1171 3179 statuti
1214 3130 1259 3178 a
1294 3112 1414 3179 die
1458 3112 2053 3179 denuntiationis
2085 3111 2593 3196 computandi.

797 3217 831 3299 ξ
878 3216 945 3282 2.
1000 3217 1082 3285 Si
1125 3219 1525 3302 contigerit
1571 3223 1964 3303 postquam
2013 3218 2249 3286 fuerit
2306 3219 2791 3303 appellatum,
2844 3217 3255 3302 appellatio
3304 3219 3611 3302 interpc

621 3324 768 3391 sita
802 3325 1075 3392 eisdem
1110 3324 1620 3407 denuntietur,
1657 3326 1738 3392 in
1776 3345 2087 3410 quorum
2125 3328 2452 3394 favorem
2490 3345 2532 3394 a
2578 3326 2699 3394 die
2742 3325 3350 3395 denuntiationis
3398 3326 3615 3394 denuo

616 3448 916 3500 currere
952 3431 1219 3516 incipit
1256 3436 1549 3516 tempus
1585 3433 1773 3502 utile
1818 3435 1914 3502 ad
1954 3435 2528 3519 appellationem
2571 3434 3152 3520 prosequendam
3191 3431 3245 3498 ⁸.

1957 3605 2072 3658 ΑΝ.
2300 3642 2317 3659 .

795 3702 1184 3771 Inutiliter
1232 3703 1507 3787 elapsis
1553 3593 1953 3770 fatalibusC
1965 3593 2482 3789 appsslglffioriis
2543 3705 2696 3771 sive
2747 3722 2997 3772 coram
3050 3704 3299 3772 iudice
3354 3726 3406 3774 a
3470 3719 3613 3790 quo,

617 3810 771 3878 sive
802 3828 1052 3878 coram
1087 3811 1332 3880 iudice
1373 3815 1468 3879 ad
1507 3829 1752 3897 quem,
1784 3812 2079 3880 deserta
2111 3816 2456 3881 censetur
2493 3812 2903 3897 appellatio
2942 3812 2994 3879 ⁷.

802 4039 824 4075 1
860 4039 926 4091 Ο.
956 4041 1040 4099 11,
1072 4040 1138 4100 X,
1171 4041 1241 4090 de
1271 4039 1735 4101 probationibus,
1767 4041 1850 4102 Η,
1884 4042 1967 4102 19;
1992 4053 2042 4093 c.
2072 4042 2156 4102 34,
2186 4041 2271 4101 59,
2303 4041 2370 4101 Χ,
2411 4042 2482 4091 de
2511 4038 3029 4100 appellationibus,
3059 4039 3546 4093 recusationibus
3568 4042 3608 4086 ei

616 4129 1026 4189 relationibus,
1066 4131 1149 4191 11,
1182 4130 1262 4193 2&
1287 4143 1336 4182 e.
1370 4132 1420 4191 1,
1460 4134 1530 4183 cle
1560 4130 2079 4192 appellationibus,
2109 4132 2192 4193 11,
2222 4131 2306 4192 15,
2338 4131 2402 4182 ln
2437 4130 2565 4183 V10.

792 4230 816 4262 ²
862 4222 928 4272 C.
963 4222 1047 4280 31,
1083 4221 1147 4273 C.
1187 4221 1269 4281 11,
1303 4234 1359 4282 q.
1392 4222 1441 4282 0;
1472 4233 1521 4272 c.
1555 4224 1605 4281 4,
1637 4223 1720 4283 10,
1758 4224 1829 4272 de
1870 4222 2154 4273 electione
2185 4225 2247 4274 et
2284 4222 2458 4272 electi
2489 4224 2803 4281 potestate,
2849 4221 2900 4280 1,
2934 4220 2986 4282 6,
3032 4220 3095 4272 ln
3130 4220 3261 4283 VI0;
3294 4234 3356 4273 c.
3396 4226 3450 4284 1,
3480 4224 3528 4283 a,
3558 4220 3607 4268 it

617 4311 1135 4371 appellationibus,
1180 4310 1261 4371 11,
1297 4311 1381 4371 15,
1414 4310 1477 4361 ln
1516 4311 1643 4362 V10.

793 4407 817 4443 ³
856 4402 921 4454 C.
964 4403 1015 4461 3,
1048 4403 1113 4454 Ο.
1150 4402 1266 4461 ΙΙΙ,
1302 4414 1356 4463 q.
1389 4402 1440 4462 6;
1469 4412 1520 4452 c.
1552 4401 1636 4462 13,
1667 4402 1752 4460 14,
1785 4401 1867 4460 28,
1899 4401 1982 4460 33,
2014 4402 2097 4463 44,
2129 4403 2212 4462 50,
2243 4403 2327 4462 57,
2358 4402 2442 4463 61,
2474 4404 2541 4462 X,
2578 4405 2650 4455 de
2683 4400 3202 4462 appellationibus,
3236 4401 3607 4453 remotioni·
3670 4449 3671 4454 ,

623 4495 729 4545 bus
766 4495 825 4542 et
863 4492 1273 4551 relationibus,
1314 4492 1396 4551 11,
1436 4492 1516 4554 28;
1553 4503 1604 4543 c.
1653 4493 1704 4551 1,
1743 4491 1793 4552 2,
1835 4493 1907 4541 ae
1948 4492 2464 4552 appellationibus,
2517 4493 2599 4554 11,
2641 4493 2724 4554 12,
2768 4494 2829 4544 ln
2867 4493 3070 4554 Clem.;
3109 4492 3289 4544 Oonc.
3340 4494 3605 4545 Trident.
3670 4515 3671 4522 κ

618 4595 763 4636 sees.
793 4583 959 4643 XIII,
998 4585 1070 4634 de
1100 4583 1235 4643 ret„
1264 4594 1313 4634 c.
1344 4583 1394 4644 3;
1422 4594 1566 4635 sess.
1597 4582 1798 4642 XXIV,
1838 4584 1910 4633 de
1941 4582 2078 4642 ret„
2106 4595 2156 4635 c.
2186 4583 2268 4635 20.

792 4679 820 4714 ⁴
861 4674 907 4725 C
964 4675 1013 4734 2,
1050 4674 1133 4734 18,
1169 4673 1252 4733 38,
1288 4674 1354 4733 X,
1395 4674 1465 4723 de
1510 4672 2029 4733 appellationibus,
2066 4674 2537 4725 recusationibus
2572 4678 2632 4726 et
2671 4672 3080 4731 relationibus,
3129 4673 3216 4734 11,
3256 4673 3350 4737 282
3384 4689 3440 4726 e.
3480 4677 3525 4732 1,
3558 4671 3605 4718 ἑὲ
3670 4657 3671 4728 J

618 4764 1135 4824 appellationibus,
1169 4766 1252 4827 ΙΙ,
1284 4765 1367 4825 15,
1401 4765 1459 4815 ln
1491 4762 1618 4826 V10;
1650 4764 1823 4817 Cone.
1865 4765 2153 4826 Trident„
2185 4778 2329 4818 sess.
2371 4765 2571 4824 XXIV,
2604 4766 2676 4817 ae
2709 4764 2844 4824 ret„
2874 4775 2925 4815 c.
2965 4764 3048 4825 203
3080 4764 3458 4817 Benedictus
3484 4760 3602 4814 xlv,

616 4859 802 4908 const.
830 4871 861 4906 α
883 4855 973 4906 Λα
996 4856 1314 4907 militantis
1339 4870 1388 4916 ι,
1414 4856 1481 4907 30
1509 4858 1685 4908 mart.
1710 4855 1860 4914 1742,
1888 4855 1915 4916 fl
1945 4857 2025 4917 44;
2056 4857 2317 4919 Regulae
2343 4855 2670 4908 servandae
2695 4855 2759 4906 ln
2784 4854 3024 4906 iudiciis
3048 4854 3210 4914 apud
3238 4853 3300 4905 S.
3341 4856 3422 4906 B.
3452 4854 3605 4905 Bone

557 4929 564 4940 '
616 4946 923 5007 Tribunal,
962 4947 995 4997 4
1035 4959 1170 5008 aug.
1205 4946 1355 5006 1910,
1393 4946 1419 5005 s
1456 4946 1571 5006 235,
1609 4959 1665 4996 n.
1699 4947 1749 5005 2,
1781 4946 1831 5007 3;
1866 4947 2128 5008 Regulae
2171 4945 2498 4999 servandae
2538 4948 2598 4997 ln
2634 4945 2871 4997 iudiciis
2904 4944 3065 5006 apud
3110 4943 3393 5005 Sum-em.
3436 4945 3603 5005 Sigm-

617 5040 791 5089 turae
822 5037 930 5098 Ap.
964 5037 1270 5096 Tribunal,
1303 5035 1337 5087 6
1365 5039 1539 5088 mart.
1579 5037 1726 5097 1012,
1770 5040 1887 5089 art.
1921 5038 2004 5096 12,
2038 5050 2094 5088 ει.
3670 5029 3671 5034 ’

793 5135 817 5168 ⁶
857 5129 1028 5180 conc.
1059 5128 1347 5186 Trident„
1379 5140 1521 5180 sess.
1551 5129 1750 5187 XXIV,
1788 5130 1858 5179 de
1890 5129 2026 5187 res„
2054 5141 2105 5180 c.
2136 5127 2216 5190 20;
2251 5129 2607 5181 Benedictus
2636 5129 2788 5187 XIV,
2816 5130 3005 5179 const.
3036 5141 3065 5177 s
3102 5127 3193 5178 Ad
3223 5127 3545 5178 militantis
3568 5139 3600 5176 ι,

617 5218 685 5270 30
709 5221 883 5270 mart.
914 5218 1061 5277 1742,
1093 5221 1119 5280 s
1148 5220 1230 5280 44;
1260 5219 1318 5270 S.
1352 5219 1417 5270 C.
1453 5218 1558 5279 Dp.
1596 5222 1660 5271 et
1686 5218 1849 5280 Reg„
1881 5219 2037 5270 decr.
2073 5220 2138 5271 16
2171 5223 2284 5272 oct.
2318 5220 2465 5280 1600,
2497 5232 2553 5270 n.
2586 5219 2636 5271 6.

801 5313 826 5348 ⁸
859 5308 999 5369 Reg.
1032 5309 1114 5367 46,
1147 5310 1217 5360 R.
1249 5310 1329 5369 J„
1367 5310 1430 5360 in
1461 5310 1587 5362 V10.

800 5405 825 5441 ²
854 5400 919 5451 Ο.
964 5399 1047 5458 24,
1084 5400 1149 5451 Ο.
1188 5401 1269 5461 ΙΙ,
1306 5414 1361 5462 q.
1395 5400 1444 5463 6;
1476 5414 1525 5453 c.
1558 5403 1609 5460 4,
1640 5402 1691 5462 5,
1723 5400 1774 5463 8,
1806 5402 1891 5461 14,
1923 5401 2006 5460 26,
2039 5402 2122 5461 33,
2154 5402 2237 5461 39,
2269 5402 2352 5460 61,
2384 5401 2450 5461 X,
2489 5403 2560 5451 de
2593 5397 3112 5460 appellationibus,
3147 5394 3598 5450 recusationum

616 5492 677 5540 et
707 5489 1117 5549 relationibus,
1157 5492 1240 5552 11,
1272 5492 1353 5555 28;
1380 5503 1431 5544 c.
1464 5494 1515 5554 1,
1546 5493 1598 5554 6,
1638 5494 1710 5543 de
1738 5489 2260 5552 appellationibus,
2293 5493 2376 5553 11,
2408 5493 2491 5552 15,
2525 5493 2585 5542 ln
2612 5491 2741 5554 V103
2768 5503 2818 5542 c.
2850 5492 2935 5552 14,
2968 5490 3039 5542 de
3070 5491 3378 5540 sententia
3409 5493 3596 5538 eece*
