3753 5871
497 259 602 317 126
1635 259 1830 309 Gom
1868 257 2031 309 Ima
2080 255 2360 309 canonici

1787 484 1963 551 CAN.
2003 485 2156 552 448.

677 608 710 689 ξ
758 611 823 674 1.
873 607 1220 676 Vicarius
1253 609 1604 675 foraneus
1636 607 1876 689 debet,
1920 607 2181 676 diebus
2212 608 2305 675 ab
2343 607 2710 693 Episcopo
2750 608 3184 694 designatis,
3227 627 3482 677 convo·

495 733 666 783 care
692 715 1160 801 presbyteros
1187 716 1473 802 proprii
1496 716 1889 785 districtus
1921 716 2017 784 ad
2042 721 2449 785 conventus
2475 734 2601 784 seu
2630 716 3065 786 collationes
3093 718 3186 786 de
3220 718 3489 803 quibus

497 824 576 890 in
632 841 796 891 can.
849 825 974 891 131
1021 824 1437 910 eisdemque
1494 842 1851 909 praeesse3
1904 825 2028 892 ubi
2073 843 2248 892 vero
2303 825 2555 909 plures
2604 825 3019 894 habeantur
3065 826 3484 895 huiusmodi

496 934 749 998 coetus
783 934 860 997 in
903 931 1134 998 variis
1174 933 1564 1000 districtus
1598 933 1804 1016 locis,
1843 933 2235 1018 invigilare
2270 938 2355 1000 ut
2391 932 2533 1001 rite
2573 932 3060 1001 celebrentur.

674 1039 707 1121 ξ
754 1038 820 1105 2.
875 1040 957 1107 Si
998 1059 1142 1107 non
1191 1041 1292 1107 sit
1331 1041 1719 1124 parochus,
1758 1042 1976 1109 debet
2018 1040 2335 1109 residere
2372 1042 2449 1108 in
2501 1041 2883 1109 territorio
2920 1042 3327 1110 vicariatus
3371 1044 3490 1111 vel

498 1147 648 1214 alio
675 1147 752 1212 in
782 1148 941 1214 loco
971 1167 1115 1216 non
1145 1148 1359 1215 valde
1386 1149 1702 1215 distanti
1734 1150 2131 1216 secundum
2165 1167 2460 1216 normas
2488 1150 2581 1217 ab
2610 1149 2979 1234 Episcopo
3006 1149 3485 1218 definiendas.

1797 1344 1973 1410 CAN.
2019 1345 2171 1410 449.

676 1466 955 1534 Saltem
1000 1467 1221 1534 semel
1256 1468 1333 1532 in
1378 1485 1574 1533 anno
1604 1467 1930 1533 vicarius
1972 1467 2321 1535 foraneus
2367 1468 2651 1552 proprii
2685 1468 3091 1536 vicariatus
3128 1468 3487 1535 rationem

502 1574 803 1642 reddere
833 1575 1049 1642 debet
1076 1574 1475 1641 Ordinario
1503 1575 1669 1657 loci,
1707 1594 2078 1658 exponens
2105 1596 2248 1643 non
2273 1576 2517 1643 solum
2556 1595 2741 1661 quae
2772 1576 2975 1644 intra
3001 1595 3276 1643 annum
3308 1576 3490 1644 bene

496 1688 705 1767 gesta
742 1683 919 1764 sint,
960 1683 1085 1750 sed
1132 1683 1351 1750 etiam
1396 1701 1582 1768 quae
1620 1684 1813 1750 mala
1853 1684 2338 1768 obrepserint,
2382 1702 2568 1769 quae
2609 1684 2959 1753 scandala
3006 1689 3261 1753 exorta
3304 1684 3483 1767 sint,

500 1808 685 1873 quae
725 1791 1045 1858 remedia
1089 1791 1185 1858 ad
1224 1809 1309 1859 ea
1352 1793 1766 1876 reparanda
1812 1792 2148 1860 adhibita
2189 1797 2265 1860 et
2314 1793 2671 1878 quidquid
2714 1793 3075 1878 agendum
3116 1793 3489 1861 existimet

505 1901 600 1968 ad
636 1920 723 1968 ea
759 1902 1120 1969 radicitus
1148 1901 1628 1984 exstirpanda
1672 1900 1720 1967 ¹.

1796 2059 1974 2126 CAN.
2019 2059 2172 2126 450.

678 2186 711 2267 ξ
760 2189 824 2251 1.
876 2187 1222 2252 Vicarius
1255 2187 1605 2252 foraneus
1640 2185 1964 2268 sigillum
2006 2185 2271 2253 habeat
2313 2186 2719 2252 vicariatus
2756 2185 3161 2269 proprium.

681 2294 712 2374 ξ
762 2293 825 2358 2.
880 2294 1267 2362 Praecedit
1298 2295 1635 2361 omnibus
1671 2295 2014 2378 parochis
2042 2294 2356 2379 aliisque
2393 2293 2897 2362 sacerdotibus
2926 2293 3043 2359 sui
3070 2291 3485 2360 districtus.

1767 2627 2028 2693 CAPUT
2066 2626 2187 2691 IX.

1720 2749 1827 2816 De
1886 2748 2250 2834 parochis.

1800 2931 1977 2999 CAN.
2016 2931 2168 2997 451.

677 3056 710 3138 ξ
757 3060 824 3123 1.
876 3057 1254 3124 Parochus
1292 3062 1404 3125 est
1450 3056 1791 3123 sacerdos
1826 3055 1941 3122 vel
1977 3071 2293 3140 persona-
2328 3052 2632 3119 moralis
2675 3052 2798 3118 cui
2836 3050 3176 3136 paroecia
3211 3047 3488 3115 collata

498 3169 613 3233 est
647 3166 726 3231 in
765 3166 1070 3233 titulum
1109 3185 1275 3233 cum
1322 3183 1504 3232 cura
1540 3164 1957 3230 animarum
2002 3163 2137 3230 sub
2187 3161 2567 3229 Ordinarii
2609 3159 2752 3227 loci
2792 3158 3242 3225 auctoritate
3289 3174 3484 3223 exer-

506 3273 736 3340 cenda
791 3274 842 3341 ².

679 3381 712 3464 §
760 3381 826 3447 2.
879 3381 1234 3448 Parochis
1267 3380 1854 3466 aequiparantur
1897 3398 2063 3446 cum
2101 3378 2439 3445 omnibus
2477 3376 2765 3443 iuribus
2800 3382 2874 3443 et
2914 3372 3492 3459 obligationibus

498 3490 1037 3573 paroecialibus
1073 3494 1150 3558 et
1179 3490 1669 3572 parochorum
1702 3488 1996 3556 nomine
2033 3488 2111 3554 in
2144 3486 2307 3553 iure
2344 3484 2695 3552 veniunt:

753 3604 852 3666 1.⁰
895 3599 1487 3683 Quasi-parochi,
1571 3599 1698 3683 qui
1780 3594 2405 3682 quasi-paroecias
2502 3597 2792 3676 regunt,
2878 3590 2969 3658 de
3049 3588 3314 3673 quibus
3402 3586 3478 3652 in

494 3726 657 3775 can.
701 3708 854 3791 216,
894 3708 927 3790 ξ
963 3708 1028 3791 3;

757 3816 854 3882 23
898 3816 1183 3883 Vicarii
1213 3814 1688 3900 paroeciales,
1730 3814 1796 3880 si
1827 3813 2046 3897 plena
2077 3814 2443 3897 potestate
2474 3808 2872 3895 paroeciali
2910 3809 3061 3876 sint
3092 3805 3438 3892 praediti.

676 3924 709 4006 ξ
756 3924 823 3991 3.
874 3924 1092 3992 Circa
1128 3923 1452 3990 militum
1497 3920 1974 4007 cappellanos
2013 3920 2166 3987 sive
2201 3919 2515 3986 maiores
2555 3917 2706 3986 sive
2745 3915 3088 3994 minores,
3140 3912 3488 3980 standum

497 4031 995 4117 peculiaribus
1032 4031 1349 4099 Sanctae
1386 4030 1599 4097 Sedis
1635 4028 2141 4114 praescriptis.
3083 4032 3087 4036 ’

1797 4224 1973 4291 cm.
2019 4223 2172 4288 452.

676 4352 709 4434 ξ
757 4355 822 4418 1.
877 4351 1052 4419 Sine
1084 4348 1557 4434 Apostolicae
1592 4346 1803 4414 Sedis
1837 4345 2132 4413 indulto
2164 4343 2505 4428 paroecia
2541 4342 2796 4427 nequit
2828 4358 3183 4425 personae
3223 4337 3492 4405 morali

497 4462 715 4546 pleno
745 4460 908 4527 iure
950 4458 1175 4541 uniri,
1212 4458 1322 4524 ita
1365 4475 1621 4540 nempe
1656 4461 1741 4523 ut
1775 4456 2089 4539 ipsamet
2131 4470 2445 4538 persona
2482 4450 2785 4518 moralis
2828 4450 2929 4517 sit
2963 4447 3352 4533 parochus,
3392 4447 3486 4514 ad

500 4586 828 4636 normam
867 4586 1033 4635 can.
1069 4566 1266 4647 1423,
1309 4563 1343 4647 ξ
1386 4564 1451 4630 2.

675 4677 707 4757 ξ
755 4677 821 4742 2.
873 4675 1203 4744 Persona
1238 4672 1565 4756 moralis,
1611 4673 1734 4741 cui
1770 4672 2108 4756 paroecia
2155 4671 2257 4739 sit
2292 4669 2509 4754 pleno
2546 4669 2707 4736 iure
2753 4667 2992 4747 unita,
3036 4664 3493 4732 habitualem

499 4790 789 4853 tantum
835 4802 1091 4852 curam
1131 4783 1546 4850 animarum
1610 4781 1926 4849 retinere
1986 4783 2254 4864 potest,
2320 4781 2636 4860 servato,
2705 4776 2896 4861 quod
2958 4774 3054 4841 ad
3118 4772 3490 4840 actualem

492 4897 804 4979 spectat,
847 4891 1310 4977 praescripto
1341 4909 1504 4957 can.
1541 4891 1663 4956 471
1716 4889 1768 4954 ³.

677 5173 696 5207 ¹
730 5173 794 5224 C.
835 5174 885 5232 4,
917 5173 982 5231 X,
1024 5173 1095 5222 de
1127 5169 1313 5231 officio
1343 5167 1858 5229 archipresbyteri,
1892 5169 1940 5228 1,
1973 5169 2054 5219 24.

669 5265 695 5300 ²
740 5265 910 5315 Cone.
954 5262 1242 5321 Trident„
1281 5273 1422 5311 sess.
1458 5259 1607 5319 x1v,
1645 5261 1715 5309 de.
1758 5258 1891 5319 ref„
1935 5269 1985 5309 c.
2021 5258 2070 5318 9;
2106 5269 2247 5309 sess
2284 5257 2482 5317 XXIV,
2524 5258 2595 5306 de
2629 5255 2764 5316 ref„
2798 5268 2848 5307 c.
2885 5255 2968 5308 13.

677 5355 703 5391 ³
743 5357 799 5408 S.
831 5351 896 5404 O.
928 5350 1016 5411 O..
1048 5349 1393 5406 Mazarlen„
1426 5349 1493 5400 12
1526 5361 1659 5409 aug.
1693 5350 1840 5407 1741,
1881 5348 1947 5400 12
1976 5349 2092 5398 ian.
2128 5347 2273 5405 1743,
2307 5347 2382 5398 ad
2413 5348 2462 5407 1;
2496 5346 2885 5403 Urbovetana,
2918 5345 2952 5398 9
2980 5347 3127 5405 sept.
3160 5343 3306 5405 178&
3337 5341 3502 5392 Mor-

500 5453 717 5499 sorum,
754 5442 820 5493 30
857 5442 974 5491 lan.
1006 5441 1154 5500 1830,
1188 5440 1264 5491 ad
1294 5440 1341 5498 1:
1374 5437 1652 5494 Laudem,
1683 5437 1716 5488 7
1745 5438 1848 5488 iul.
1885 5437 2031 5488 1860.
