3753 5871
492 240 568 300 96
1634 241 1831 293 006oe
1868 239 2032 292 Itu-ts
2080 240 2363 292 oenone&

676 431 710 514 ξ
755 431 824 498 3.
871 432 1306 514 coadiutor,
1342 432 1568 500 datus
1599 451 1958 517 personae
1997 432 2350 517 Episcopi
2390 432 2549 500 sine
2587 431 2753 500 iure
2792 431 3301 514 successionis,
3334 448 3492 515 spe·

495 540 675 607 ciali
709 542 1002 609 nomine
1032 541 1314 609 dicitur
1343 538 1784 608 Antoniam.

1815 754 1996 821 om.
2034 749 2190 824 351.

678 875 712 958 ἕ
761 878 826 943 1.
877 878 1061 944 Iura
1094 879 1569 948 coadiutoris
1602 880 1764 948 dati
1798 896 2156 964 personae
2189 879 2541 965 Episcopi
2575 879 3063 949 desumuntur
3094 897 3185 946 ex
3216 878 3497 945 litteris

500 984 956 1068 apostolicis,
993 986 1259 1072 quibus
1289 988 1802 1056 constituitur.

682 1092 716 1175 g
764 1093 831 1158 2.
881 1093 1050 1160 Nisi
1074 1094 1283 1163 aliud
1309 1095 1389 1162 in
1418 1095 1535 1162 his
1559 1095 1837 1164 litteris
1861 1099 2242 1179 caveatur,
2271 1095 2682 1165 coadiutor
2711 1097 2838 1181 qui
2862 1096 3091 1164 datur
3124 1093 3497 1178 Episcopo

505 1218 810 1284 prorsus
857 1201 1197 1284 inhabili,
1250 1203 1469 1271 babet
1510 1203 1760 1271 omnis.
1798 1205 1964 1271 iura
2008 1222 2096 1272 ac
2145 1202 2383 1273 officia
2419 1204 2890 1288 episcopalia
2927 1203 3158 1272 ceteri
3198 1205 3496 1270 tantum

504 1313 817 1391 possunt
858 1315 1219 1394 quantum
1255 1309 1670 1395 Episcopus
1702 1311 1976 1379 eisdem
2009 1311 2484 1380 commiserit.

547 1522 575 1589 l
680 1415 714 1498 ἕ
760 1416 827 1483 3.
878 1416 1084 1496 Quae
1118 1417 1528 1563 Poadiutor
1558 1423 1804 1503 potest
1844 1424 1922 1488 et
1953 1420 2118 1488 vult
2154 1436 2514 1501 exercere,
2554 1418 2969 1505 Episcopus
3010 1418 3498 1487 habitualiter

501 1541 546 1589 a
579 1524 634 1590 ii
676 1542 765 1592 ne
795 1525 1080 1610 deleget
1157 1576 1176 1593 .

684 1632 717 1714 ξ
762 1633 831 1697 4.
882 1633 1314 1715 coadiutor,
1352 1632 1553 1702 iusto
1587 1633 2115 1718 impedimento
2146 1652 2293 1702 non
2333 1633 2704 1717 detentus,
2738 1633 2979 1716 debet,
3016 1634 3303 1718 quoties
3341 1633 3497 1702 fue·

511 1739 621 1808 rit.
655 1759 697 1806 a
734 1740 1102 1809 Coadiuto
1138 1741 1565 1825 requisitus,
1605 1740 2065 1826 pontificalia
2100 1746 2176 1811 et
2211 1742 2402 1809 alias
2437 1740 2861 1808 functiones
2904 1741 3132 1824 obire,
3178 1741 3275 1809 ad
3313 1759 3501 1826 quas

508 1844 922 1931 Episcopus
946 1848 1105 1932 ipse
1136 1852 1540 1917 teneretur.

1814 2007 1994 2076 CAN.
2034 2008 2189 2076 352.

682 2147 1093 2215 Ooadiutor
1120 2146 1276 2215 sedi
1309 2145 1533 2214 datus
1558 2150 1804 2231 potest
1832 2146 1914 2214 in
1944 2146 2327 2216 territorio
2353 2165 2440 2215 ca
2476 2165 2664 2232 quae
2697 2151 2877 2215 sunt
2905 2145 3190 2215 ordinis
3225 2146 3495 2231 episco-

512 2258 705 2343 pulis
742 2275 1103 2339 exercere,
1142 2260 1449 2342 excepta
1488 2274 1704 2324 sacra
1749 2255 2239 2340 ordinationeg
2280 2255 2454 2324 aliis
2499 2256 2579 2324 in
2630 2255 2849 2324 rebus
2887 2258 3184 2323 tantum
3224 2256 3496 2338 potest,

514 2367 872 2449 quantum
903 2364 1138 2432 eidem
1171 2384 1218 2433 a
1255 2364 1532 2433 Sancta
1567 2365 1751 2433 Sede
1790 2365 1907 2432 vel
1940 2366 2034 2433 ab
2074 2364 2446 2449 Episcopo
2482 2364 2716 2432 fuerit
2747 2362 3240 2432 commissum.

1798 2573 1975 2642 CAN.
2013 2573 2169 2642 353.

694 2711 729 2794 ς
775 2713 842 2778 1.
891 2712 1221 2792 Quilibet
1245 2713 1679 2797 Cosdiutor,
1707 2719 1793 2783 ut
1816 2713 2249 2782 canonicam
2274 2714 2392 2781 sui
2422 2712 2640 2781 officii
2665 2713 3195 2798 possessionem
3222 2711 3501 2796 cupiat,

516 2836 806 2888 necesse
839 2825 954 2888 est
983 2821 1278 2889 litteras
1312 2823 1761 2907 apostolicas
1791 2823 2137 2891 ostendat
2165 2822 2557 2906 Episcopo.

691 2929 725 3013 ἕ
771 2931 838 2998 2.
888 2931 1298 3000 Ooadiutor
1335 2949 1501 3001 cum
1542 2931 1807 3001 futura
1845 2931 2305 3000 successione
2344 2935 2420 2999 et
2466 2928 2876 2998 Coadiutor
2916 2926 3074 2996 sedi
3119 2926 3345 2997 datus
3380 2926 3496 2995 de·

516 3041 690 3108 bent
721 3046 1106 3124 praeterea
1134 3040 1422 3109 eusdem
1456 3041 1841 3109 ostendere
1878 3041 2233 3127 capitulo
2268 3039 2365 3108 ud
2399 3056 2729 3105 normam
2768 3056 2934 3105 cun.
2967 3036 3123 3121 334,
3160 3036 3195 3120 ξ
3227 3037 3296 3105 3.

696 3147 731 3230 5
776 3147 844 3215 3.
897 3148 980 3216 Si
1016 3148 1431 3234 Episcopus
1459 3167 1625 3216 eum
1661 3151 1740 3216 in
1771 3155 2052 3219 statum
2081 3149 2430 3216 inciderit
2464 3153 2549 3215 ut
2579 3146 2921 3215 eliciendi
2950 3151 3165 3214 actus
3203 3145 3508 3213 humani

518 3255 621 3323 sit
647 3256 911 3339 impos,
949 3257 1472 3340 praetermisso
1501 3258 1963 3344 praescripto
1993 3257 2027 3340 ἕ
2060 3260 2128 3341 1,
2160 3257 2398 3325 solum
2437 3255 2978 3341 praescriptum
3014 3254 3048 3337 ξ
3080 3253 3125 3321 2
3155 3254 3250 3321 ab
3278 3254 3506 3322 omni-

519 3362 656 3430 bus
685 3362 1263 3431 coadiutoribus
1298 3367 1657 3434 servetur.

1817 3543 1996 3611 CAN.
2034 3544 2189 3613 354.

692 3684 1102 3754 Ooadiutor
1140 3687 1451 3771 quilibet
1479 3688 1930 3774 obligatione
1961 3690 2282 3769 tenetur,
2326 3687 2520 3754 sicut
2551 3685 2991 3771 Episcopus,
3032 3681 3402 3752 residendi
3432 3682 3512 3748 in

520 3792 861 3874 dioecesi,
897 3814 938 3862 e
971 3811 1140 3879 qua,
1183 3800 1393 3863 extra
1428 3800 1719 3881 tempus
1749 3795 2246 3877 vacationum,
2283 3795 2379 3862 ad
2415 3812 2744 3862 normam
2786 3811 2952 3861 can.
2987 3792 3142 3875 338,
3182 3790 3332 3875 ipsi
3363 3808 3511 3857 non

520 3900 720 3985 licet,
761 3901 906 3969 nisi
941 3903 1036 3970 ad
1073 3902 1287 3970 breve
1329 3907 1645 3987 tempus.
1685 3903 2054 3972 Coadiuto
2098 3902 2598 3988 permittente,
2640 3902 3014 3970 discedere
3062 3897 3116 3966 ¹.

1817 4110 1996 4179 CAN.
2032 4110 2187 4179 355.

703 4251 737 4333 ξ
786 4253 850 4317 1.
900 4251 1309 4320 coadiutor
1332 4270 1500 4319 cum
1532 4252 1696 4319 iure
1722 4253 2230 4335 successioniS,
2265 4256 2575 4320 vaca-nte
2601 4251 2771 4318 sede
2800 4247 3228 4335 episcopali,
3260 4246 3515 4313 statim

525 4359 776 4428 evadit
825 4360 1269 4429 ordinarius
1307 4361 1685 4444 dioecesis,
1733 4380 1867 4446 pro
1911 4379 2057 4446 qua
2103 4361 2358 4428 fuerat
2393 4360 2876 4441 constitutus,
2916 4355 3314 4424 dummodo
3356 4370 3513 4438 pos·

529 4470 924 4537 sessionem
960 4466 1288 4554 legitime
1328 4470 1632 4554 ceperit,
1679 4471 1773 4537 ad
1814 4487 2141 4538 normam
2181 4488 2346 4536 can.
2385 4448 2538 4535 353.

706 4577 740 4659 ξ
787 4576 853 4643 2.
905 4578 1089 4646 Cum
1120 4578 1472 4663 Episcopi
1508 4597 1810 4647 munere
1836 4579 2171 4663 exspirat
2201 4577 2615 4645 Auxiliaris
2644 4574 2984 4707 officium,
3025 4573 3173 4640 nisi
3200 4571 3462 4641 aliud
3440 4590 3520 4638 ιιι

529 4684 807 4753 litteris
839 4672 1270 4770 apostolicis
1309 4690 1684 4755 caveatur.

626 4795 744 4969 Γᾶς
790 4795 857 4863 3.
911 4798 992 4866 Si
1024 4797 1431 4866 coadjutor
1466 4798 1690 4866 datus
1719 4798 1956 4866 fuerit
1986 4797 2169 4881 sedi,
2206 4797 2365 4865 eius
2405 4795 2716 4864 officium
2752 4793 2976 4862 etiam
3012 4792 3182 4860 sede
3210 4793 3528 4858 vacante

531 4921 621 4986 pe
716 4908 911 4971 urat.

773 5204 831 5257 S.
867 5205 933 5257 Ο.
971 5206 1076 5265 Ep.
1115 5208 1178 5257 et
1210 5205 1374 5267 Bes„
1420 5205 1722 5264 Arianos„
1765 5206 1831 5258 13
1865 5206 2010 5257 mall
2048 5204 2195 5257 1603.

705 5298 735 5336 ²
781 5293 839 5347 S.
885 5295 950 5348 G.
988 5295 1094 5356 Ep.
1130 5298 1193 5347 et
1225 5295 1388 5356 Rea,
1427 5294 1823 5355 Fulcinaten„
1857 5295 1924 5346 26
1958 5295 2102 5346 mall
2136 5294 2284 5354 1628,
2330 5293 2410 5345 ad
2447 5294 2497 5344 1.
