3753 5871
1274 339 1451 389 Liber
1481 338 1782 389 secundus
1824 363 1843 375 -
1876 337 1964 386 De
1996 335 2269 387 Per-sonu
3152 331 3256 392 133

458 532 493 614 ξ
539 533 604 598 5.
648 532 1003 615 Legitime
1047 531 1310 597 absens
1356 529 1719 614 parochus
1766 532 2010 613 potest
2047 528 2349 594 Missam
2387 545 2523 610 pro
2569 525 2841 609 populo
2880 523 3255 607 applicare

275 643 396 710 vel
446 641 603 727 ipse
654 660 784 725 per
823 660 901 708 se
939 641 1020 707 in
1062 640 1222 707 loco
1262 638 1341 705 in
1386 658 1528 723 quo
1568 639 1796 723 degit,
1840 638 1956 704 vel
2002 656 2131 721 per
2174 635 2621 702 sacerdotem
2679 632 2805 718 qui
2850 632 3007 699 eius
3057 631 3251 697 vices

275 755 493 835 gerat
522 750 601 815 in
645 749 978 833 paroecia
1018 749 1069 817 ¹.

1572 872 1747 939 CAN.
1787 873 1939 938 467.

452 1017 486 1099 ξ
531 1020 598 1082 1.
649 1016 883 1083 Debet
943 1015 1306 1098 parochus
1364 1013 1599 1081 officia
1662 1012 1918 1079 divina
1974 1013 2365 1096 celebrare,
2429 1013 2951 1080 administrare
3002 1015 3254 1080 Sacra·

277 1129 529 1192 menta
560 1123 923 1206 fidelibus,
957 1124 1242 1207 quoties
1271 1124 1595 1207 legitime
1626 1125 1910 1205 petant,
1953 1140 2125 1188 suas
2162 1140 2330 1189 oves
2358 1139 2790 1206 cognoscere
2820 1125 2895 1189 et
2924 1125 3258 1189 errantes

283 1236 691 1320 prudenter
741 1236 1134 1319 corrigere,
1190 1253 1550 1318 pauperes
1600 1253 1688 1300 ac
1739 1233 2045 1300 miseros
2096 1237 2409 1315 paterna
2461 1234 2777 1300 caritate
2827 1232 3241 1316 complecti,

279 1344 675 1410 maximam
704 1362 957 1411 curam
988 1343 1332 1410 adhibere
1371 1344 1446 1410 in
1486 1342 1850 1409 catholica
1884 1359 2277 1425 puerorum
2312 1341 2781 1408 institutione
2819 1340 2871 1408 ².

461 1453 493 1535 ξ
540 1453 606 1518 2.
659 1452 1004 1520 Monendi
1034 1458 1210 1519 sunt
1248 1452 1497 1519 fideles
1527 1457 1611 1519 ut
1645 1452 2093 1535 frequenter,
2136 1452 2260 1517 ubi
2291 1452 2663 1519 commode
2695 1451 2770 1516 id
2804 1449 2963 1517 fieri
2994 1451 3254 1534 possit,

275 1565 375 1630 ad
417 1582 590 1629 suas
634 1562 1081 1647 paroeciales
1116 1562 1461 1628 ecclesias
1495 1562 1848 1629 accedant
1893 1561 2140 1644 ibique
2184 1560 2457 1627 divinis
2504 1559 2758 1627 officiis
2797 1558 3147 1626 intersint
3183 1562 3259 1624 et

275 1669 580 1736 verbum
619 1671 756 1737 Dei
792 1670 1105 1737 audiant
1146 1670 1198 1736 ³.

1577 1778 1752 1843 CAN.
1790 1777 1943 1842 468.

462 1923 495 2002 ξ
543 1925 609 1987 1.
659 1921 934 1989 Sedula
974 1939 1154 1987 cura
1205 1924 1282 1988 et
1318 1919 1556 1986 effusa
1602 1920 1919 1986 caritate
1958 1919 2175 1992 debet
2214 1918 2578 2002 parochus
2621 1921 2959 2002 aegrotos
3000 1917 3078 1982 in
3122 1935 3255 1982 sua

282 2031 649 2115 paroecia,
705 2030 1018 2097 maxime
1069 2047 1242 2097 vero
1291 2028 1512 2096 morti
1564 2028 1960 2112 proximos,
2014 2028 2392 2109 adiuvare,
2446 2045 2569 2094 eos
2632 2026 2946 2093 sollicite
3001 2026 3253 2092 Sacra·

281 2142 553 2207 mentis
589 2139 980 2206 reficiendo
1015 2156 1408 2221 eorumque
1442 2139 1729 2204 animas
1766 2140 1922 2205 Deo
1955 2137 2528 2205 commendando
2566 2133 2616 2199 ⁴.

464 2248 498 2330 §
543 2247 610 2313 2.
662 2248 994 2315 Parocho
1034 2248 1256 2316 aliive
1297 2246 1660 2314 sacerdoti
1717 2247 1841 2331 qui
1899 2246 2212 2313 infirmis
2255 2246 2584 2327 assistat,
2632 2244 2957 2310 facultas
2999 2249 3113 2311 est
3156 2246 3262 2310 eis

279 2357 726 2424 concedendi
772 2358 1347 2426 benedictionem
1399 2356 1880 2440 apostolicam
1921 2373 2086 2422 cum
2140 2353 2599 2438 indulgentia
2645 2352 2978 2437 plenaria
3023 2352 3099 2418 in
3146 2368 3257 2417 ar·

281 2466 518 2535 ticulo
568 2467 853 2547 mortis,
919 2466 1316 2533 secundum
1370 2466 1682 2533 formam
1718 2485 1762 2531 a
1797 2464 2129 2548 probatis
2183 2462 2552 2548 liturgicis
2605 2463 2817 2528 libris
2878 2460 3259 2541 traditam,

284 2594 504 2659 quam
546 2575 1119 2641 benedictionem
1165 2573 1532 2657 impertiri
1574 2594 1664 2640 ne
1702 2574 2004 2641 omittat
2033 2573 2085 2637 ⁵.

469 2858 490 2892 ¹
531 2857 588 2907 S.
626 2857 690 2909 O.
733 2859 821 2916 O.,
857 2855 1302 2913 Petrocoricen„
1336 2856 1400 2905 14
1439 2853 1563 2907 llec.
1609 2854 1755 2915 1872,
1789 2854 1867 2905 ad
1901 2854 2004 2904 1-3.

463 2950 492 2987 ²
531 2948 595 3000 Ο.
645 2947 727 3009 22,
767 2948 838 2997 D.
873 2948 974 3008 IV,
1014 2948 1084 2997 cle
1123 2956 1300 3003 oona:
1332 2957 1382 2998 c.
1415 2947 1467 3006 3,
1497 2947 1563 3005 X,
1607 2947 1678 2995 ac
1716 2943 1946 2994 clericis
1984 2955 2101 2993 non
2138 2941 2530 2992 residentibus
2569 2941 2632 2990 in
2670 2939 2914 2991 ecclesia
2961 2938 3054 2990 vel
3099 2950 3263 2999 prae-

291 3039 498 3096 benda,
531 3038 648 3096 111,
679 3038 728 3098 43
756 3037 930 3088 conc.
970 3034 1256 3094 Trident„
1289 3047 1433 3087 sess,
1471 3035 1609 3094 VII,
1650 3035 1721 3085 ae
1749 3034 1886 3093 ret„
1916 3045 1966 3084 c.
1998 3033 2048 3094 3;
2076 3043 2218 3090 sess.
2254 3031 2405 3092 XIV,
2441 3030 2512 3080 de
2544 3029 2680 3088 ret„
2710 3041 2760 3080 c.
2792 3032 2842 3091 93
2873 3040 3015 3080 sess.
3050 3027 3261 3086 XXIII,

286 3130 362 3178 aa
385 3128 521 3187 ret„
554 3140 603 3177 c.
637 3128 685 3188 1;
710 3139 851 3178 sess.
882 3126 1080 3185 XXIV,
1110 3128 1180 3176 de
1209 3125 1343 3184 res„
1371 3136 1423 3175 c.
1453 3124 1535 3184 133
1563 3122 1897 3175 Alexander
1923 3122 2058 3182 VII,
2086 3123 2271 3172 const.
2302 3135 2333 3170 α
2367 3119 2741 3171 amsancti
2776 3130 2829 3179 ι,
2859 3117 2926 3169 18
2961 3118 3079 3168 ian.
3112 3115 3259 3176 1058,

290 3219 319 3277 5
347 3217 396 3275 2,
423 3229 479 3266 ιι.
513 3216 969 3277 X111301emens
998 3215 1097 3274 IX,
1129 3218 1312 3265 const.
1340 3229 1371 3264 α
1394 3213 1468 3263 ln
1491 3212 1721 3263 excelsa
1748 3226 1796 3273 ι,
1826 3212 1891 3263 13
1919 3215 2065 3272 sept.
2094 3212 2240 3271 1009,
2271 3214 2297 3272 5
2323 3215 2374 3273 1,
2407 3225 2465 3263 ιι.
2498 3213 2664 3272 XIII,
2699 3212 2725 3271 5
2756 3212 2806 3273 3;
2835 3211 3103 3263 Clemens
3131 3210 3262 3269 xn,

287 3305 409 3357 ntt.
435 3315 530 3365 ap.
560 3320 591 3355 α
619 3304 992 3365 compertum
1015 3319 1065 3363 ι,
1097 3304 1162 3353 24
1186 3315 1320 3364 aug.
1348 3302 1495 3360 1734,
1529 3301 1664 3353 dub.
1693 3301 1824 3362 X11;
1852 3303 1971 3353 litt.
1999 3313 2094 3361 ap.
2131 3318 2161 3351 ι
2192 3300 2545 3357 Oovzcredssa
2571 3299 2752 3352 Nobis
2778 3315 2828 3359 n,
2858 3301 2922 3352 13
2947 3299 3091 3351 mall
3119 3300 3266 3361 1739;

289 3394 647 3446 Benedictus
668 3394 818 3453 XIV,
841 3395 1024 3444 const.
1054 3409 1084 3442 α
1110 3392 1380 3443 Omnium
1403 3390 1867 3442 sollicitudinum
1890 3404 1939 3449 n,
1962 3390 2028 3441 12
2053 3393 2204 3450 sept.
2232 3389 2380 3451 1744,
2410 3391 2436 3450 5
2461 3391 2545 3450 14,
2569 3391 2705 3442 dub.
2737 3389 2869 3448 XII,
2899 3389 2925 3448 5
2958 3388 3039 3448 m,
3066 3389 3132 3441 33
3161 3401 3267 3450 επις

287 3487 477 3533 const.
519 3499 549 3531 α
583 3482 918 3532 Fir-mandis
958 3496 1006 3541 »,
1039 3483 1073 3533 6
1110 3492 1241 3532 nov.
1273 3480 1421 3539 1744,
1457 3478 1487 3540 5
1518 3480 1567 3539 9;
1603 3479 1744 3530 Plus
1781 3477 1883 3539 1x,
1915 3489 2005 3538 ep.
2039 3480 2257 3539 encycl.
2292 3492 2323 3527 ι
2358 3478 2472 3538 Qui
2505 3477 2773 3537 pluribus
2804 3492 2853 3537 n,
2888 3477 2923 3528 9
2955 3489 3085 3527 nov.
3122 3476 3266 3538 184ος

288 3573 529 3623 allocut.
559 3589 589 3622 ι
617 3571 920 3630 stimulari
945 3571 1200 3630 quadam
1233 3584 1282 3629 n,
1309 3570 1343 3621 9
1372 3569 1493 3620 dec.
1525 3568 1671 3629 1854ς
1697 3580 1787 3628 9ρ.
1816 3569 2033 3628 encycl.
2068 3584 2098 3617 ι
2125 3566 2427 3627 sinautem
2462 3566 2692 3627 quietem
2730 3582 2781 3627 ι,
2814 3566 2878 3617 17
2914 3569 3087 3617 mart.
3120 3565 3267 3626 185ος

287 3672 382 3721 ep.
418 3662 636 3720 encycl.
674 3677 704 3710 ι
749 3661 895 3710 Cum
930 3671 1117 3719 nuper
1156 3672 1209 3719 ω,
1252 3659 1318 3709 20
1350 3659 1468 3708 ian.
1507 3657 1653 3718 1858;
1684 3669 1774 3717 ep.
1816 3673 1846 3706 ι
1885 3655 2008 3717 Quo
2046 3656 2319 3717 arat-tora
2352 3671 2405 3716 ι,
2450 3656 2485 3707 8
2519 3656 2623 3707 lul.
2659 3655 2806 3715 1862:
2835 3656 2951 3705 Leo
2979 3654 3143 3713 XIII,
3173 3665 3262 3713 ep.

289 3766 321 3802 ι
353 3750 523 3798 mter
547 3760 756 3808 orave-9
787 3763 836 3808 n,
865 3751 896 3799 1
935 3749 1077 3799 mall
1106 3744 1251 3809 1894ς
1286 3747 1343 3799 S.
1378 3747 1443 3799 C.
1477 3746 1754 3807 Consist„
1785 3746 1941 3797 decr.
1976 3760 2006 3793 α
2034 3743 2297 3794 Maxima
2337 3756 2476 3795 cura
2521 3758 2569 3804 n,
2602 3744 2669 3795 m
2704 3755 2838 3805 aug.
2874 3744 3021 3803 1910,
3052 3754 3181 3793 can.
3213 3743 3264 3803 1,

288 3854 348 3891 ιι.
377 3839 453 3899 8⁰:
480 3838 537 3889 S.
573 3839 638 3890 O.
667 3838 741 3890 de
772 3839 943 3897 Prop.
981 3836 1143 3895 Fide,
1173 3838 1342 3887 instr.
1380 3837 1510 3896 (pro
1537 3836 1800 3887 Misslon.
1835 3832 2169 3895 ualebat),
2199 3835 2233 3886 9
2261 3846 2387 3894 apr.
2419 3832 2834 3894 17833R1tua1e
2869 3832 3055 3891 Rom„
3085 3832 3180 3883 tlt.
3214 3830 3264 3889 1,

287 3942 340 3980 c.
370 3941 493 3987 un..
529 3930 599 3979 de
625 3926 701 3979 ua
727 3940 875 3987 quae
906 3928 970 3976 in
1003 3926 1514 3976 administratione
1539 3929 2040 3976 sacramentorum
2066 3922 2422 3984 venes-aliter
2444 3924 2734 3972 servanda
2764 3925 2922 3977 sunt,
2951 3933 3007 3970 ιι.
3040 3920 3091 3979 3,
3120 3921 3169 3969 5.
3207 3946 3269 3956 --

288 4016 441 4068 Vide
465 4016 646 4066 etlam
674 4026 803 4065 can.
833 4015 949 4074 892,
988 4015 1014 4074 5
1043 4016 1092 4065 1.

475 4107 502 4143 ³
536 4105 709 4157 Conc.
753 4104 1039 4163 Trident„
1083 4117 1225 4155 sess.
1280 4103 1460 4163 XXII,
1507 4104 1578 4152 de
1626 4102 2010 4152 observandis
2063 4105 2121 4153 et
2162 4100 2458 4151 evitandis
2500 4100 2562 4149 in
2605 4098 2993 4149 celebratione
3037 4096 3272 4154 missae:

288 4208 437 4248 sess.
467 4195 664 4254 XXIV,
692 4196 763 4243 de
790 4194 924 4253 ret„
950 4205 1000 4244 c.
1027 4196 1076 4253 4:
1100 4192 1454 4244 Benedictus
1476 4191 1626 4250 XIV,
1661 4193 1845 4241 const.
1879 4206 1910 4241 ι
1936 4190 2025 4241 Aa
2052 4188 2368 4241 militantia
2394 4202 2443 4249 n,
2476 4187 2543 4240 30
2567 4190 2741 4239 mart.
2777 4187 2926 4246 1742,
2959 4188 2985 4247 5
3020 4187 3070 4248 0;
3105 4185 3163 4237 S.
3200 4184 3265 4238 O.

288 4285 369 4335 de
398 4284 569 4341 Prop.
607 4282 768 4342 Fide,
813 4283 928 4335 lltt.
972 4282 1074 4340 (ad
1111 4281 1236 4332 Vlc.
1279 4281 1386 4339 Ap.
1423 4278 1710 4340 Bengal.),
1743 4280 1810 4330 30
1839 4279 1962 4329 lun.
1998 4277 2144 4329 1845.

473 4375 503 4412 ⁴
534 4372 599 4423 C.
633 4371 715 4430 12,
746 4371 830 4430 13,
861 4372 926 4422 O.
958 4370 1156 4430 XXVI,
1188 4382 1242 4431 q.
1275 4369 1324 4430 0;
1359 4369 1532 4421 Cone.
1564 4366 1850 4426 Trident„
1887 4379 2029 4418 sess.
2062 4367 2275 4426 XXIII,
2311 4367 2381 4416 de
2409 4367 2544 4426 ret„
2576 4377 2626 4416 c.
2658 4367 2708 4428 1;
2738 4365 3090 4415 Benedictus
3119 4363 3271 4425 XIV,

287 4474 384 4523 ep.
415 4461 633 4522 encycl.
677 4476 708 4511 ι
745 4460 915 4512 Inter
942 4457 1280 4517 omnivenas
1319 4472 1369 4518 ι,
1402 4457 1436 4507 2
1465 4457 1614 4508 febr.
1648 4457 1797 4517 1744,
1833 4456 1858 4517 5
1894 4456 1974 4516 22ς
2002 4460 2185 4507 const.
2223 4470 2252 4505 α
2285 4454 2621 4505 Firmumne
2657 4468 2706 4515 ι,
2738 4453 2772 4505 6
2811 4466 2940 4504 nov.
2978 4452 3124 4513 1744,
3164 4452 3190 4512 5
3223 4453 3273 4513 9;

292 4552 441 4603 Pius
470 4551 567 4609 IX,
603 4561 693 4609 ep.
722 4551 939 4610 encycl.
974 4564 1005 4599 α
1034 4546 1336 4608 Sinoulari
1364 4546 1595 4605 quidem
1624 4561 1672 4606 n,
1705 4546 1771 4597 17
1796 4548 1971 4595 mart.
2004 4544 2150 4604 185ος
2177 4556 2266 4604 9ρ.
2304 4558 2333 4593 α
2371 4544 2495 4604 Quo
2525 4544 2797 4604 aravium
2838 4556 2888 4601 n,
2927 4542 2961 4593 8
2990 4543 3092 4593 lul.
3125 4541 3273 4604 1862,

292 4640 354 4692 S.
386 4639 452 4692 O.
485 4638 760 4698 Consist„
797 4638 953 4689 decr.
985 4654 1016 4687 ι
1046 4635 1307 4685 Maxima
1336 4645 1478 4683 oum
1507 4648 1557 4693 n,
1589 4634 1658 4685 20
1682 4646 1814 4695 aug.
1850 4633 1998 4694 1910,
2029 4645 2160 4683 can.
2200 4635 2251 4690 1,
2290 4645 2347 4683 ιι.
2379 4632 2455 4693 8⁰3
2485 4631 2543 4682 S.
2581 4632 2645 4683 C.
2678 4630 2768 4692 O.,
2804 4629 3270 4689 Balneoreaien„

289 4731 358 4779 24
385 4731 582 4788 mart..
620 4728 684 4778 14
709 4739 835 4787 apr.
869 4727 1015 4784 1821:
1041 4725 1282 4777 thuale
1309 4725 1496 4783 Rom..
1525 4724 1619 4776 tlt.
1654 4725 1722 4782 V,
1753 4734 1805 4774 c.
1837 4723 1889 4781 2,
1921 4722 2075 4772 Ordo
2105 4720 2487 4771 ministrandi
2514 4724 2946 4771 sacramentum
2976 4720 3271 4768 extremae

291 4817 611 4873 unctionis,
656 4829 713 4866 ιι.
753 4816 835 4875 13,
868 4816 950 4876 15,
982 4816 1063 4876 16;
1107 4825 1155 4866 c.
1186 4816 1237 4874 4,
1286 4816 1356 4865 de
1390 4812 1732 4863 visitatione
1769 4816 1827 4861 et
1865 4823 2008 4862 cura
2045 4810 2426 4871 infirmorum:
2458 4822 2509 4862 c.
2539 4811 2591 4870 5,
2633 4808 2842 4860 Modus
2880 4808 3122 4858 iuvandi
3158 4817 3272 4856 mo-

289 4906 536 4961 rtentee:
562 4916 611 4955 c.
648 4904 698 4964 7,
732 4906 887 4954 Ordo
927 4901 1443 4953 commendationis
1474 4901 1724 4950 animae.

471 4997 499 5034 ⁸
539 4992 891 5045 Benedictus
919 4992 1068 5051 XIV,
1098 4994 1282 5043 const.
1317 5008 1348 5041 ι
1376 4991 1484 5041 Pia
1521 4990 1718 5041 Mater
1750 5005 1801 5050 a,
1834 4990 1867 5042 5
1904 5002 2029 5049 apr.
2062 4989 2208 5051 1747;
2239 5000 2326 5047 ep.
2358 4989 2576 5049 encycl.
2611 5004 2641 5037 ι
2673 4985 3070 5046 apostolicum
3108 4984 3273 5034 mint-

289 5085 545 5135 sterium
575 5099 624 5142 ι,
654 5083 720 5134 30
747 5082 889 5131 mall
919 5081 1067 5141 1753,
1110 5081 1137 5142 5
1169 5080 1250 5142 23;
1283 5081 1397 5132 Leo
1425 5080 1592 5141 XIII,
1635 5080 1750 5131 litt.
1783 5091 1876 5140 ap.
1915 5093 1946 5128 α
1977 5077 2101 5139 Quo
2140 5076 2404 5127 universi
2433 5091 2483 5137 n,
2524 5077 2556 5128 7
2586 5076 2689 5127 lul.
2722 5075 2869 5133 1882,
2904 5084 2962 5123 ιι.
2996 5073 3071 5132 1⁰;
3107 5073 3165 5123 S.
3202 5073 3266 5124 Ο.

292 5175 354 5226 8.
387 5174 505 5225 Off.
543 5170 934 5232 (Sutchuen.),
963 5170 1027 5220 27
1056 5170 1174 5221 lan.
1202 5169 1350 5231 1780,
1387 5169 1464 5221 ad
1498 5172 1550 5232 1;
1584 5169 1764 5229 (sect.
1802 5168 1876 5220 de
1905 5168 2183 5229 Indum),
2218 5166 2372 5218 decr.
2405 5168 2435 5214 1
2474 5175 2598 5224 apr.
2632 5163 2778 5225 19093
2810 5161 2868 5214 S.
2900 5161 2965 5213 G.
2995 5160 3069 5213 de
3100 5161 3268 5220 Prop.

293 5262 463 5321 mue.
489 5263 523 5315 5
544 5274 670 5322 apr.
697 5261 842 5322 1772;
875 5260 963 5319 (O.
999 5260 1062 5311 P.
1094 5272 1197 5320 pro
1227 5258 1348 5313 Sln.
1380 5287 1446 5296 —
1473 5259 1728 5310 Tunkln.
1756 5257 2102 5316 occident.).
2137 5256 2203 5307 10
2227 5266 2361 5315 aug.
2394 5253 2540 5314 1841:
2572 5251 2633 5304 S.
2665 5252 2730 5304 G.
2765 5252 3017 5311 1ndulg.,
3051 5249 3117 5300 23
3146 5261 3271 5310 apr.

292 5351 444 5410 1675ς
471 5351 757 5407 vindam,
781 5350 845 5401 23
867 5351 1013 5409 sept.
1041 5349 1188 5409 1775,
1214 5349 1292 5400 ad
1321 5349 1424 5409 5-7;
1451 5348 1718 5406 Auaron„
1746 5346 1810 5398 20
1842 5347 1961 5397 iun.
1989 5345 2137 5404 1836,
2167 5343 2243 5396 ad
2269 5344 2318 5404 7;
2352 5343 2655 5399 Vorovum„
2682 5340 2746 5391 24
2770 5342 2916 5400 sept.
2943 5338 3090 5398 1838,
3120 5338 3200 5389 ad
3228 5338 3277 5400 23

303 5437 693 5495 Valerium„
724 5439 760 5489 5
786 5439 934 5489 tebr.
965 5437 1114 5497 1841,
1146 5437 1222 5488 ad
1259 5436 1309 5499 8:
1340 5436 1700 5495 Gandoven„
1734 5436 1800 5488 12
1829 5436 1977 5488 febr.
2019 5434 2165 5494 18423
2198 5431 2455 5483 maioma
2492 5429 2787 5489 Βεῑρίοαε,
2826 5429 2893 5480 12
2922 5430 3094 5479 mart.
3131 5427 3278 5487 1855:

297 5526 490 5577 ‘form
521 5525 760 5576 ordint:
789 5527 850 5576 Β.
884 5525 1207 5584 Ρναησίοοί,
1238 5527 1301 5577 22
1331 5529 1505 5578 mart.
1547 5525 1694 5587 1879,
1735 5525 1813 5578 ad
1844 5524 1949 5586 3·8;
1988 5522 2254 5574 Planum
2282 5521 2585 5580 reqionum
2621 5517 2679 5570 S.
2717 5518 2779 5570 0.
2824 5521 2895 5569 de
2927 5517 3097 5576 Pron.
3134 5514 3278 5564 Fido
