3753 5871
514 290 625 350 ⁴50
1649 293 1847 346 0οόοο
1892 292 2056 346 ltu-u
2094 293 2376 346 Gamla

1801 517 1981 585 CAN·
2028 517 2224 583 1549.

697 656 732 741 §
779 660 844 723 1.
897 656 1230 725 Servatis
1274 656 1758 742 praescriptis
1802 675 1970 724 can.
2032 657 2405 725 1514-1517
2450 664 2527 727 et
2574 671 2742 727 can.
2802 658 3001 743 1525,
3048 660 3129 727 in
3177 660 3512 745 qualibet

516 764 827 832 ecclesia
862 782 1164 833 onerum
1204 783 1292 832 ex
1329 765 1477 850 piis
1514 764 2084 833 fundationibus
2120 765 2702 835 incumbentium
2752 766 3028 836 tabella
3066 767 3511 836 conficiatur

518 888 705 955 quae
746 872 944 955 apud
981 875 1336 940 rectorem
1369 872 1450 939 in
1494 871 1655 940 loco
1692 876 1864 941 tuto
1891 879 2369 941 conservetur
2406 871 2458 942 ².

698 978 733 1061 §
779 976 846 1045 2.
896 978 1194 1047 Pariter
1225 984 1521 1064 praeter
1554 980 1826 1048 librum
1869 981 1961 1049 de
2005 999 2148 1066 quo
2184 981 2265 1048 in
2299 998 2464 1049 can.
2509 980 2664 1064 843,
2709 980 2742 1065 ξ
2779 982 2846 1065 1,
2883 981 3077 1050 alter
3110 981 3300 1050 liber
3335 982 3507 1050 reti·

520 1091 788 1154 neatur
818 1090 896 1156 et
924 1087 1124 1172 apud
1164 1091 1520 1156 rectorem
1555 1092 1914 1163 servetur.
1949 1089 2029 1155 in
2062 1106 2207 1174 quo
2237 1088 2528 1175 singula
2564 1107 2789 1157 onera
2822 1094 3183 1175 perpetua
3221 1094 3296 1158 et
3329 1095 3512 1158 tem·

516 1195 817 1279 poraria
877 1211 1274 1281 eorumque
1336 1195 1889 1281 implementum
1933 1199 2011 1265 et
2049 1196 2547 1283 eleemosynae
2611 1198 3088 1282 adnotentur,
3144 1203 3232 1267 ut
3266 1197 3363 1266 de
3413 1199 3516 1266 iis

517 1302 855 1370 omnibus
886 1307 1146 1372 exacta
1179 1304 1378 1372 ratio
1406 1303 1808 1373 Ordinatio
1836 1304 1981 1373 loci
2015 1305 2370 1373 reddatur
2409 1303 2462 1373 ².

1797 1481 1975 1549 CAN,
2023 1480 2220 1548 1550.

693 1620 775 1689 Si
821 1625 1093 1707 agatur
1146 1622 1237 1690 de
1280 1622 1428 1708 piis
1480 1622 2049 1690 fundationibus
2096 1622 2175 1690 in
2221 1622 2575 1704 ecclesiis,
2647 1621 2871 1691 etiam
2939 1621 3514 1708 paroecialibus,

521 1728 1029 1813 religiosorum
1131 1733 1659 1814 exemptorum‚
1716 1730 1886 1797 iura
1931 1732 2008 1798 et
2051 1728 2287 1798 officia
2331 1729 2715 1798 Ordinarii
2759 1728 2930 1812 loci,
2978 1730 3068 1798 de
3116 1729 3384 1814 quibus
3429 1730 3517 1796 in

518 1851 684 1902 can.
722 1835 1122 1922 1545-1549,
1158 1836 1526 1905 exclusive
1559 1841 1990 1922 competunt
2034 1837 2416 1923 Superiori
2450 1837 2713 1905 maiori
2760 1834 2813 1902 ³.

1799 2010 1976 2079 CAN.
2029 2011 2223 2079 1551.

693 2151 727 2235 ξ
774 2155 840 2218 1.
890 2151 1255 2221 Reductio
1283 2170 1586 2220 onerum
1620 2169 1807 2238 quae
1834 2153 2001 2237 pias
2029 2152 2509 2221 fundationes
2544 2157 2886 2236 gravant,
2928 2152 3062 2220 uni
3102 2150 3274 2220 Sedi
3306 2151 3512 2235 Apo-

517 2259 824 2328 stolicae
863 2262 1308 2342 reservatur,
1351 2260 1497 2328 nisi
1536 2260 1616 2328 in
1655 2260 1935 2329 tabulis
1976 2261 2443 2329 fundationis
2490 2260 2699 2328 aliud
2738 2278 3080 2345 expresse
3126 2263 3515 2340 caveatur,

516 2372 594 2436 et
635 2366 841 2435 salvo
882 2367 1344 2453 praescripto
1377 2385 1544 2435 can.
1583 2366 1782 2451 1517,
1822 2367 1856 2451 ς
1895 2365 1965 2434 2.

687 2474 722 2557 ξ
768 2473 836 2541 2.
887 2475 1273 2545 Indultum
1326 2475 1723 2545 reducendi
1774 2475 2047 2544 Missas
2093 2476 2451 2544 fundatas
2502 2494 2650 2545 non
2698 2475 3172 2561 protenditur
3222 2492 3354 2541 nec
3404 2474 3512 2542 ad

511 2582 703 2650 alias
745 2582 1016 2651 Missas
1056 2602 1145 2652 ex
1177 2587 1566 2652 contractu
1604 2584 1894 2653 debitas
1936 2603 2069 2652 nec
2100 2585 2197 2653 ad
2237 2584 2390 2652 alia
2426 2602 2653 2662 onera
2685 2583 2854 2669 piae
2888 2581 3356 2651 fundationis
3392 2580 3454 2649 ⁸.

691 2689 726 2772 ἓ
770 2689 838 2758 3.
890 2691 1276 2759 Indultum
1321 2710 1497 2759 vero
1537 2691 1880 2777 generale
1925 2691 2320 2760 reducendi
2366 2710 2592 2759 onera
2639 2690 2931 2776 piarum
2978 2689 3514 2758 fundationum

513 2797 622 2865 ita
650 2798 1213 2883 intelligendum
1242 2802 1380 2883 est,
1414 2799 1561 2866 nisi
1589 2799 1796 2868 aliud
1830 2802 2146 2882 constet,
2177 2804 2262 2867 ut
2296 2798 2753 2867 indultarius
2781 2799 3034 2884 potius
3060 2797 3214 2865 alia
3247 2815 3511 2865 onera.

513 2923 730 2990 quam
775 2906 1045 2974 Missas
1078 2905 1383 2976 reducat
1422 2904 1477 2975 ⁸.
1510 2946 1519 2954 -

700 3168 722 3204 ¹
761 3168 1140 3221 Innocentius
1177 3167 1310 3228 xn.
1347 3170 1533 3220 coust.
1584 3182 1616 3218 s
1652 3165 1853 3228 Nuper
1889 3182 1939 3228 ι,
1977 3166 2043 3218 23
2087 3167 2210 3218 dec.
2250 3166 2398 3227 1697,
2440 3166 2467 3228 Ι
2504 3165 2589 3226 18,
2620 3166 2703 3228 ao:
2744 3165 2803 3219 8.
2834 3165 2900 3219 0.
2932 3164 3022 3225 0.,
3060 3165 3215 3217 decr.
3255 3162 3322 3215 28
3369 3175 3513 3215 nov.

518 3258 665 3321 1697ς
690 3258 846 3311 decr.
879 3274 910 3309 α
941 3256 1019 3308 Ut
1051 3257 1251 3308 debita
1278 3271 1328 3318 ι,
1355 3258 1420 3309 11
1451 3256 1596 3309 maii
1623 3257 1770 3319 1904:
1794 3257 2236 3309 caeremoniale
2265 3256 2621 3317 Episcopor„
2660 3256 2700 3307 1.
2732 3256 2781 3316 Ι,
2811 3266 2862 3307 c.
2892 3254 2997 3315 VI,
3033 3267 3092 3306 n.
3125 3255 3175 3305 4.

693 3350 721 3387 ²
758 3348 1139 3400 Innocentius
1174 3347 1307 3407 ΧΠ,
1343 3350 1532 3401 const.
1582 3362 1615 3398 ι
1648 3345 1850 3407 Nuper
1886 3362 1936 3406 ι,
1973 3346 2039 3399 23
2083 3346 2207 3399 dec.
2245 3346 2394 3407 1697,
2436 3346 2463 3408 Ι
2501 3347 2584 3407 19,
2615 3345 2699 3408 θος
2741 3344 2799 3403 8.
2832 3345 2898 3398 0.
2930 3344 3020 3407 0.,
3059 3344 3214 3397 decr.
3254 3342 3321 3395 28
3367 3355 3510 3395 nov.

510 3438 658 3499 im:
685 3438 841 3489 decr.
876 3453 908 3489 α
941 3438 1019 3488 vt
1056 3437 1255 3488 debita
1285 3451 1335 3499 n,
1365 3437 1430 3488 11
1462 3437 1608 3489 maii
1637 3437 1787 3496 1904,
1815 3449 1875 3488 n.
1908 3436 1991 3489 115.

685 3531 710 3565 ³
758 3529 1137 3581 Innocentius
1170 3527 1303 3587 XII.
1348 3530 1535 3580 const.
1575 3543 1607 3579 α
1639 3526 1843 3588 Nuper
1876 3541 1927 3588 ι,
1964 3527 2029 3580 23
2071 3527 2196 3579 dec.
2232 3526 2382 3587 1697,
2422 3526 2449 3588 Ι
2485 3525 2536 3587 7.
2568 3524 2620 3588 8,
2649 3525 2734 3586 16,
2764 3526 2850 3587 19,
2880 3526 2962 3587 8⁰:
3004 3524 3063 3577 S.
3102 3524 3168 3578 0.
3217 3524 3304 3583 0.,
3343 3524 3509 3576 decr.

510 3619 574 3669 21
603 3619 725 3670 iun.
759 3617 905 3679 1625:
932 3617 1087 3670 decr.
1117 3618 1183 3670 ὅ
1215 3630 1349 3670 nov.
1381 3618 1529 3671 1697.

681 3713 710 3748 ⁴
759 3707 819 3761 Β.
851 3709 915 3762 0.
948 3708 1036 3770 0.,
1069 3708 1483 3769 Neapolitana,
1524 3709 1590 3761 13
1627 3710 1689 3761 et
1720 3707 1785 3760 27
1813 3708 1935 3759 ian.
1973 3706 2120 3763 1703.
2163 3706 2243 3759 ud
2274 3707 2323 3769 13
2361 3706 2667 3765 Ver-onem..
2702 3706 2769 3758 18
2799 3717 2955 3765 nov„
2991 3705 3024 3755 2
3056 3704 3180 3756 dec.
3215 3703 3364 3765 17133
3394 3703 3513 3755 Ro-

515 3809 713 3856 mana,
745 3800 777 3850 1
804 3803 867 3851 et
895 3799 961 3851 15
987 3799 1111 3850 dec.
1151 3799 1299 3858 1714,
1331 3799 1410 3851 ad
1442 3799 1547 3860 1-33
1576 3796 1941 3858 Beraomen„
1971 3798 2037 3850 19
2066 3797 2210 3858 iun„
2250 3798 2318 3850 10
2346 3797 2450 3848 iul.
2484 3796 2633 3856 1728,
2665 3796 2743 3848 ad
2781 3797 2832 3858 13
2862 3794 3216 3853 Fauentina,
3247 3793 3312 3844 27
3346 3793 3508 3845 febr.

514 3878 663 3949 1733,
689 3889 757 3940 12
781 3889 929 3941 febr.
965 3888 1113 3949 1735:
1137 3888 1388 3947 Nolana,
1415 3888 1481 3941 28
1505 3889 1677 3947 febr„
1712 3890 1777 3939 14
1801 3890 1978 3939 mart.
2009 3887 2157 3950 1739:
2181 3885 2518 3946 Not-arlon„
2545 3886 2579 3938 5
2606 3888 2670 3937 et
2696 3885 2761 3937 27
2793 3897 2928 3947 aug.
2960 3884 3107 3947 1⁷80:
3135 3882 3510 3942 placeam,

510 3981 576 4032 14
605 3984 777 4041 sept..
805 3979 869 4031 23
898 3991 1032 4031 nov.
1063 3978 1212 4039 1782,
1250 3979 1327 4031 ad
1359 3979 1459 4040 1v;
1492 3978 1936 4034 vallisoletana,
1965 3977 2032 4028 22
2056 3978 2202 4029 maii
2230 3976 2378 4039 1784;
2405 3975 2770 4035 Placentina,
2809 3975 2874 4027 21
2905 3975 3009 4027 iul.
3042 3973 3191 4036 1792ς
3226 3971 3504 4031 sam,

514 4071 581 4123 18
607 4082 733 4131 apr.
763 4069 911 4130 1795,
947 4069 1027 4122 ad
1051 4069 1102 4132 5;
1129 4068 1542 4129 Εσποσαῑῐισπ.,
1570 4068 1634 4120 28
1668 4080 1795 4129 apr.
1825 4067 1974 4129 1796:
2001 4066 2343 4126 Tum-uana,
2372 4066 2440 4119 16
2467 4078 2603 4128 aug.
2634 4064 2782 4117 1806.

687 4164 714 4200 ⁸
761 4158 819 4210 S.
851 4159 917 4211 0.
949 4159 1038 4219 0.,
1075 4160 1436 4216 cremonen„
1469 4170 1667 4210 mense
1699 4159 1801 4211 iul.
1836 4157 1984 4217 1586,
2025 4157 2102 4209 nd
2133 4157 2183 4220 8:
2217 4155 2628 4217 Neapolitana,
2661 4155 2726 4207 26
2755 4167 2882 4216 apr.
2916 4154 3066 4215 laess,
3107 4154 3186 4206 ad
3215 4155 3267 4216 1:
3299 4151 3511 4204 Caese-

509 4251 732 4308 naten„
759 4250 823 4302 23
858 4252 1007 4311 sept.
1037 4248 1185 4311 1⁷41:
1212 4249 1504 4307 Panaca„
1533 4248 1600 4301 12
1628 4250 1752 4310 ini„
1791 4247 1857 4301 16
1884 4260 2002 4310 aug
2048 4248 2196 4301 1794.
