3753 5871
547 196 659 257 510
1686 202 1883 255 Oodco
1927 202 2090 255 lens
2129 203 2410 256 canonio!

1831 428 2010 497 om.
2043 428 2239 497 1807.

719 566 953 635 Iudex
984 542 1561 652 recognitionem
1599 587 1951 654 peragere
1990 575 2237 656 potest
2269 572 2386 640 vel
2427 573 2588 658 ipse
2622 592 2755 660 per
2795 593 2874 643 se
2913 575 3033 644 vel
3065 593 3203 661 per
3246 574 3524 644 audito·

548 691 703 741 rem
735 679 871 743 eut
904 673 1221 742 iudicem
1253 674 1671 760 delegatum
1719 672 1768 739 ².

1838 818 2016 888 CAN·
2048 820 2242 889 1808.

712 956 749 1041 5
796 959 863 1025 1.
913 957 1172 1042 Iudex,
1214 978 1367 1028 rem
1409 961 1531 1029 vel
1572 961 1817 1030 locum>
1853 980 2401 1049 recognoscens,
2442 965 2723 1050 peritos
2760 965 3110 1035 adhibere
3151 970 3441 1052 potest,
3477 968 3533 1035 si

543 1065 876 1151 ipsorum
918 1085 1145 1152 opera
1178 1069 1593 1136 neceoearia
1624 1069 1741 1137 vel
1777 1070 1989 1138 utilis
2021 1069 2431 1140 videatur'

720 1174 754 1257 5
801 1174 869 1242 2.
921 1176 1006 1244 Si
1056 1175 1283 1260 periti
1330 1176 1849 1263 adhibeantur,
1902 1185 2313 1264 serventur,
2376 1184 2735 1290 quantum
2795 1180 2959 1252 fleri
3004 1184 3288 1267 potest,
3355 1200 3534 1268 quae

543 1284 1006 1370 praescxipta
1037 1290 1216 1354 sunt
1249 1304 1415 1354 can.
1455 1285 1651 1354 1793·
1657 1286 1830 1354 1805
1878 1282 1931 1351 ⁸.

1832 1448 2009 1516 CAN.
2041 1448 2236 1517 1809.

714 1590 796 1660 Si
837 1589 1066 1675 iurgii
1099 1590 1216 1658 vel
1249 1589 1836 1674 perturbationis
1869 1589 2280 1674 periculum
2316 1591 2975 1675 pertimescendum
3012 1592 3249 1662 iudici
3293 1593 3533 1662 videa·

538 1703 692 1783 tur,
726 1697 1004 1784 poterit
1028 1698 1189 1783 ipse
1217 1697 1606 1783 probibere
1632 1715 1725 1765 ne
1750 1701 2005 1782 partes
2027 1697 2145 1824 vel
2171 1716 2425 1767 earum
2457 1699 2800 1774 advocati
2829 1700 3169 1770 iudiciali
3201 1702 3530 1788 recogni-

540 1807 729 1878 tioni
759 1803 1189 1875 intersint⁴

1827 1915 2006 1983 CAN.
2038 1914 2235 1983 1810.

713 2054 948 2123 Iudex
988 2058 1240 2138 testes,
1282 2055 1401 2123 vel
1436 2074 1526 2125 ex
1566 2054 1802 2124 officio
1832 2055 2111 2124 accitos
2142 2056 2259 2124 vel
2291 2073 2339 2123 a
2371 2055 2713 2142 partibus
2744 2059 2920 2127 ante
2954 2057 3533 2144 recognitionem

541 2164 688 2232 rite
726 2163 1152 2248 productos,
1204 2167 1451 2248 potest
1488 2164 1571 2231 in
1617 2164 1784 2249 ipso
1821 2163 2161 2233 iudiciali
2203 2181 2501 2233 accessu
2543 2164 2866 2234 examini
2906 2164 3301 2249 subiicere,
3349 2166 3420 2234 si
3460 2166 3530 2235 id

537 2272 883 2358 expedire
925 2271 1270 2340 videatur
1313 2272 1410 2340 ad
1462 2271 1866 2357 pleniorem
1923 2272 2431 2358 probationem
2484 2277 2619 2341 aut
2673 2273 2770 2341 ad
2817 2273 3258 2342 removenda
3304 2274 3536 2343 dubia

538 2382 630 2452 ob
662 2399 850 2467 quae
879 2379 1287 2466 recognitio
1319 2380 1617 2448 decerni
1652 2379 1934 2449 debuit.

1820 2540 2000 2609 om.
2031 2541 2225 2608 1811.

714 2681 751 2766 5
797 2684 865 2750 1.
914 2682 1275 2752 Notarius
1315 2683 1714 2770 diligenter
1753 2687 1969 2753 curet
2008 2689 2097 2753 ut
2143 2688 2434 2754 constet
2483 2704 2572 2753 ex
2622 2685 2814 2754 actis
2865 2704 3014 2771 qua
3050 2685 3175 2755 die
3214 2692 3296 2756 et
3347 2686 3530 2756 bora

539 2792 945 2878 recognitio
982 2793 1189 2861 facta
1236 2792 1363 2876 sit,
1409 2811 1596 2880 quae
1635 2811 1992 2878 personae
2030 2792 2539 2876 interfuerint,
2588 2811 2799 2878 quae,
2852 2794 3364 2880 recognitione
3401 2794 3524 2864 du·

538 2905 777 2986 rante,
810 2906 946 2971 ant
978 2902 1182 2973 dicta
1217 2907 1353 2972 aut
1388 2906 1691 2988 peracta
1726 2905 1864 2971 aut
1892 2919 1941 2970 a
1967 2901 2212 2971 iudice
2240 2901 2538 2970 decreta
2567 2901 2723 2971 sint
2753 2900 2808 2970 ⁸.

624 3117 693 3185 ri
692 3011 790 3185 ξε,
793 3011 861 3079 2.
912 3010 1269 3082 Peractae
1293 3011 1819 3097 recognitionis
1846 3013 2345 3081 instrumenta
2370 3016 2531 3080 tum
2555 3010 2777 3080 iudex
2801 3014 2962 3078 tum
2991 3009 3338 3079 notarius
3368 3009 3525 3078 sub·

544 3135 621 3187 sc
789 3120 876 3185 nt
930 3119 981 3185 ⁸.

1831 3328 2092 3398 own-r
2126 3331 2220 3399 V.

1362 3452 1476 3521 De
1515 3453 1952 3541 probatione
1993 3472 2128 3542 per
2163 3454 2685 3523 mmmmm.

1149 3680 2920 3760 Am.1.-1>0nauwaafidomtnmmtonm.

1826 3852 2005 3922 om.
2041 3850 2237 3920 1812.

706 3991 801 4059 In
844 3990 1172 4076 quolibet
1211 3988 1471 4058 iudicii
1513 4006 1777 4075 genere
1817 3987 2249 4057 admittitur
2296 3986 2640 4073 probatio
2689 4004 2822 4071 per
2869 3986 3315 4057 documenta
3365 3990 3517 4055 tum

534 4100 836 4187 publica
867 4104 1028 4168 tum
1062 4098 1383 4184 privata.

1827 4206 2005 4276 ΟΔΝ.
2035 4205 2232 4274 1813.

706 4348 741 4431 5
788 4350 855 4416 1.
904 4349 1319 4435 Praecipua
1358 4349 1799 4418 documenta
1839 4349 2141 4435 publica
2173 4348 2675 4418 ecdeaastica
2704 4349 2886 4417 baec
2923 4352 3148 4416 sunt:

786 4460 885 4525 1.·
927 4460 1122 4528 Acta
1155 4458 1441 4528 Summi
1474 4457 1863 4527 Pontificis
1902 4461 1980 4527 et
2009 4458 2284 4527 Curiae
2314 4456 2693 4527 Romanae
2723 4461 2801 4526 et
2834 4455 3405 4526 ordinariorum
3441 4454 3515 4521 in

533 4566 885 4638 exercitio
932 4584 1234 4635 suorum
1277 4585 1663 4636 munerum
1704 4565 2139 4636 authentica
2183 4566 2430 4635 forma
2465 4568 2800 4649 exarata,
2842 4565 3169 4650 itemque
3214 4566 3512 4634 attesta-

533 4678 774 4749 tiones
809 4677 1283 4746 authenticae
1317 4676 1410 4745 de
1438 4675 1700 4746 iisdem
1731 4675 2025 4745 actibus
2051 4674 2277 4745 datae
2305 4675 2401 4744 ab
2436 4674 2594 4743 illis
2620 4675 2741 4744 vel
2769 4690 3023 4743 eorum
3063 4672 3405 4759 notariis

722 4905 745 4942 ²
783 4905 1043 4968 Reguhe
1070 4905 1396 4958 servandae
1423 4904 1487 4956 ιιι
1511 4904 1749 4957 iudiciis
1773 4904 1933 4966 apud
1963 4902 2022 4956 S.
2060 4904 2129 4955 B.
2163 4904 2353 4958 Rotae
2384 4903 2692 4965 monnau,
2720 4905 2754 4955 4
2777 4915 2912 4966 aug.
2941 4903 3090 4965 1010,
3124 4902 3152 4965 1
3181 4902 3296 4955 172.

717 5001 741 5035 ²
778 4995 1038 5057 Regulae
1069 4995 1395 5049 servandae
1433 4996 1496 5048 ιιι
1525 4994 1765 5048 indicus
1792 4994 1952 5056 apud
1985 4993 2043 5047 S.
2079 4994 2149 5046 B.
2182 4994 2376 5048 Rotae-
2400 4994 2707 5055 Tribuni,
2738 4994 2772 5045 4
2807 5005 2943 5056 aug.
2980 4993 3129 5054 mo,
3172 4992 3200 5055 5
3232 4991 3349 5053 107,
3381 5004 3438 5044 ιι.
3466 4992 3510 5042 1.

717 5089 743 5126 ³
787 5086 1046 5149 Regulae
1076 5086 1402 5140 servandae
1432 5087 1495 5139 ιιι
1524 5085 1762 5139 iudiciis
1789 5085 1948 5146 apud
1982 5083 2040 5137 S.
2083 5084 2154 5137 B.
2190 5084 2382 5137 Rotae
2415 5083 2723 5145 Tribunal,
2753 5085 2787 5135 4
2815 5095 2951 5146 aug.
2982 5083 3131 5144 1010.
3169 5081 3204 5151 1,
3228 5081 3346 5142 107.
3377 5081 3486 5134 170.

713 5181 743 5217 ⁴
781 5176 1042 5239 Regulae
1068 5176 1395 5230 servandae
1425 5177 1490 5229 ιιι
1518 5176 1755 5230 iudiciis
1778 5175 1938 5237 apud
1967 5174 2026 5229 8.
2057 5176 2129 5228 R.
2158 5174 2348 5228 Rotae
2372 5174 2679 5236 Tribuni,
2706 5176 2741 5226 4
2771 5185 2907 5236 aug.
2938 5171 3155 5244 1910.,1
3184 5171 3298 5226 ιω.

717 5271 745 5308 ⁸
779 5267 1042 5330 Regulae
1066 5267 1392 5321 servandae
1417 5268 1479 5320 in
1509 5267 1747 5320 indicus
1772 5266 1931 5328 apud
1961 5265 2020 5319 S.
2057 5266 2128 5318 R.
2163 5266 2352 5318 Rotae
2385 5264 2690 5325 Tribunal.
2717 5265 2751 5315 4
2777 5275 2912 5326 aug.
2940 5262 3089 5325 1010,
3123 5261 3151 5324 1
3178 5261 3293 5314 171.

725 5363 750 5399 ⁸
781 5358 1042 5421 Regulae
1067 5357 1392 5410 servandae
1418 5358 1480 5410 in
1509 5357 1749 5410 iudiciis
1773 5357 1932 5419 apud
1962 5355 2020 5409 S.
2057 5356 2129 5408 R.
2162 5356 2365 5408 Rotae·
2385 5354 2690 5416 Tribunal,
2718 5355 2752 5405 4
2777 5365 2913 5417 aug.
2940 5353 3090 5414 mos
3124 5352 3152 5415 5
3179 5352 3296 5405 171.
