3753 5871
571 403 935 461 Praes-Prlv

190 590 624 658 [frumentatio]
638 604 652 641 3

314 672 572 734 trarium,
619 669 744 724 1465
785 669 819 737 5
855 671 913 732 13
963 669 1033 722 (10
1076 669 1527 735 praesentatione
1569 668 1642 720 si-

315 751 589 814 moniaca,
624 750 749 804 1465
793 749 827 817 5
849 750 910 811 23
943 750 1084 816 quid
1115 750 1165 802 si
1195 749 1442 802 admissa
1465 747 1640 803 1110111

316 832 718 898 praesentatio,
758 831 881 882 1406
927 830 996 897 55
1030 832 1078 895 1,
1120 832 1181 892 83
1226 843 1459 897 poenae,
1487 842 1638 896 quae

314 911 427 965 huc
461 912 800 973 referuntur,
832 911 956 965 2301
991 909 1093 977 58,
1124 910 1272 973 2392,
1302 910 1448 965 ms.

185 1018 251 1029 -—-
281 993 591 1058 rescripti:
619 991 703 1055 51,
733 992 816 1044 52.

183 1072 676 1125 Preme-tationes
715 1073 1046 1138 populares:
1089 1071 1369 1138 quomodo
1407 1070 1634 1123 tantum

313 1150 656 1213 tolerandae,
693 1151 831 1204 1458.

181 1234 452 1286 Praese„
473 1231 799 1284 tribunalis
807 1231 1151 1298 colleaialis,
1169 1231 1292 1284 1577
1314 1230 1410 1298 52,
1427 1230 1496 1284 01.
1511 1230 1632 1285 1871

178 1421 245 1431 -
277 1392 729 1445 universitatis:
762 1392 886 1445 1406
916 1390 950 1458 5
975 1393 998 1444 1
1035 1406 1091 1444 11.
1113 1392 1167 1455 8,
1199 1392 1271 1445 cr.
1293 1391 1438 1446 2403.

179 1473 602 1525 Praestatioaes
634 1472 1006 1536 paroecialen
1036 1472 1151 1534 463,
1182 1471 1253 1524 01.
1275 1472 1422 1526 2340.

183 1552 745 1616 ‹Prummu-ltu
781 1551 916 1617 quid
950 1550 1055 1604 11οο
1091 1552 1323 1604 verbum
1365 1552 1633 1618 importet

311 1633 368 1683 in
403 1631 598 1697 poenis
629 1631 752 1683 lure
786 1630 937 1693 latis,
969 1631 1097 1684 2229
1129 1631 1233 1699 52.

175 1711 595 1775 Praesumptio:
621 1712 847 1771 natura,
868 1711 1195 1775 divisiones,
1230 1712 1379 1766 185:
1401 1726 1476 1764 an
1503 1726 1632 1765 con·

307 1793 398 1842 tra
428 1804 550 1842 eam
582 1790 918 1844 admittatur
951 1792 1223 1857 probatio,
1264 1792 1426 1852 18263
1459 1806 1534 1845 an
1566 1792 1631 1844 li·

305 1870 467 1922 beret
505 1870 579 1922 ab
608 1884 780 1923 onere
826 1871 1114 1937 probandi,
1160 1872 1305 1936 1827,
1339 1871 1463 1925 1747
1500 1872 1626 1934 1123

303 1962 377 2002 ex
416 1963 531 2016 quo
586 1951 1069 2017 praesumptiones
1109 1966 1144 2003 a
1192 1952 1378 2005 iudice
1425 1951 1628 2004 deduci

304 2031 564 2095 possunt,
606 2031 755 2091 18283
806 2031 1291 2098 praesumptiones
1332 2034 1389 2084 in
1427 2031 1628 2084 Codice

301 2110 553 2162 statutae
584 2110 724 2162 iuris
756 2111 814 2162 et
846 2110 917 2162 de
948 2110 1091 2173 iure,
1125 2112 1268 2174 1904,
1294 2111 1443 2173 10723
1477 2111 1627 2163 iuris

303 2189 527 2241 tantum
563 2188 686 2243 1015
716 2189 749 2254 5
769 2189 821 2252 2,
857 2190 981 2243 ioess
1011 2189 1045 2252 3
1074 2192 1122 2253 1,
1157 2191 1299 2244 1814.

167 2270 538 2322 praeve-uo:
564 2269 792 2335 quando
814 2270 865 2321 ei
887 2270 1045 2323 locus
1066 2271 1163 2329 sit.
1196 2271 1322 2324 1553
1351 2271 1385 2339 5
1405 2272 1457 2334 2,
1481 2272 1622 2326 1568.

167 2349 406 2402 Preces:
451 2349 501 2402 si
551 2363 697 2416 quas
741 2349 1076 2404 Ordinarius
1116 2351 1226 2403 loci
1274 2352 1349 2404 ob
1388 2365 1623 2406 calisam

301 2428 581 2494 publicam
622 2429 850 2488 indicat,
885 2429 959 2482 ad
1001 2444 1100 2483 eas
1137 2432 1410 2484 tenentur
1449 2431 1625 2485 etlam

298 2507 571 2574 religiosi,
603 2510 852 2576 exempti
877 2524 1126 2577 quoque,
1145 2511 1268 2572 6123
1301 2511 1627 2578 computan-

298 2591 400 2640 tnr
445 2589 599 2642 intra
653 2591 986 2657 praecipuas
1040 2592 1444 2658 poenitentias,
1496 2591 1626 2647 2318

299 2684 358 2720 11.
394 2669 448 2730 13
483 2670 609 2721 vide
642 2669 955 2724 Orationes.

156 2750 479 2814 Presbyter
513 2752 782 2802 asslsteas
823 2752 879 2802 in
919 2751 1089 2804 Missa
1123 2752 1337 2818 quibus
1379 2751 1622 2818 probibi-

297 2831 413 2888 tus,
447 2829 660 2895 quibus
692 2831 1022 2897 permissus,
1054 2832 1168 2884 812.

155 2910 629 2975 Presbyterum:
664 2911 754 2963 est
784 2909 921 2964 ordo
948 2924 1108 2964 sacer
1136 2925 1240 2966 seu
1266 2912 1461 2974 maior,
1492 2911 1617 2975 8403

293 3003 579 3057 quaenam
617 2990 687 3043 ad
743 3006 874 3045 eum
927 2993 1243 3059 requiritur
1282 2994 1462 3056 aetas,
1502 2992 1618 3057 975,

292 3071 556 3132 selentia,
586 3071 684 3123 876
714 3071 748 3139 5
767 3071 828 3131 23
867 3086 1149 3138 quaenam
1171 3074 1485 3126 interstitia
1507 3087 1620 3124 ser-

293 3151 482 3203 vanda
505 3152 652 3203 inter
672 3152 860 3218 ipsum
885 3154 944 3204 et
968 3152 1351 3213 diaconatum,
1371 3151 1470 3205 978
1498 3152 1531 3218 5
1555 3152 1615 3216 23

290 3229 610 3296 requiritur
657 3231 718 3282 in
765 3230 1144 3296 promovendo
1187 3230 1259 3283 ad
1297 3230 1619 3283 Cardinala-

293 3312 437 3371 tum,
469 3310 567 3363 232
597 3310 629 3377 5
654 3313 699 3382 1.

146 3391 379 3444 Primae
418 3391 744 3443 instantia:
776 3390 1073 3452 1572-15703
1112 3391 1242 3444 vide
1271 3393 1470 3445 Index.

143 3500 221 3510 —
255 3471 429 3523 sedes
458 3485 491 3522 a
517 3471 744 3523 nemine
765 3470 1069 3534 iudicatur,
1097 3471 1238 3526 1556.

143 3552 479 3604 Prii-ariae
510 3552 940 3605 mociano-en
976 3566 1279 3618 quaenam,
1309 3552 1421 3604 m.

141 3632 408 3684 Prinas:
445 3631 537 3683 liic
569 3630 780 3683 titulus
824 3631 1039 3684 nullam
1072 3632 1375 3686 secumfert
1405 3635 1618 3700 specia-

284 3710 400 3763 lem
423 3710 896 3772 iurisdictionem,
927 3712 1048 3776 2713
1080 3712 1353 3763 Primates
1375 3713 1614 3765 vocandi

286 3793 431 3843 sunt
455 3792 527 3843 ad
560 3790 876 3844 Concilium
910 3789 1370 3853 oecumenicum,
1402 3792 1498 3845 223
1528 3792 1562 3858 5
1587 3792 1611 3843 1

288 3885 349 3922 11.
382 3870 445 3930 23
492 3871 908 3936 praecedentia,
951 3870 1074 3932 2ω3
1119 3870 1190 3923 de
1223 3871 1614 3925 inlicientibus

286 3949 572 4002 violentas
604 3964 809 4004 manus
841 3951 905 4003 in
938 3951 1113 4013 ipsos,
1144 3953 1275 4006 2343
1305 3954 1337 4015 3
1359 3954 1403 4005 3.

133 4030 476 4085 Primitiaez
511 4031 666 4097 quod
692 4031 905 4083 attinet
931 4031 1004 4083 ad
1027 4045 1223 4084 earum
1245 4030 1609 4096 solutionem,

132 4192 474 4255 Principem
510 4192 660 4257 quod
693 4192 907 4244 attinet
927 4191 998 4243 ad
1024 4192 1343 4257 ingressum
1373 4191 1437 4243 in
1460 4190 1614 4244 clau·

282 4285 477 4323 suram
510 4272 861 4333 monialium,
904 4272 1002 4325 600
1049 4286 1106 4324 11.
1147 4274 1204 4335 33
1254 4272 1324 4323 ad
1358 4272 1613 4338 sepultu-

285 4364 408 4403 ram
442 4351 502 4403 in
535 4351 790 4413 ecclesia,
827 4351 951 4402 lmb
981 4350 1094 4418 523
1128 4351 1200 4403 ad
1238 4351 1424 4405 forum
1455 4353 1610 4420 quod

280 4432 626 4493 sortiuntur,
663 4431 783 4483 1557
815 4432 848 4498 5
873 4432 899 4482 1
935 4446 993 4484 n.
1022 4432 1074 4495 13
1107 4432 1182 4484 ad
1219 4447 1450 4499 poenas,
1483 4433 1611 4485 2227

129 4594 436 4647 Privatim
463 4591 748 4656 ὸοηοβοίδ,
771 4593 965 4658 officii.
985 4594 1122 4646 etc.:
1147 4595 1236 4646 est
1265 4606 1446 4659 poena
1487 4593 1610 4645 vin-

276 4672 530 4725 dicativa
561 4671 896 4725 clericorum
919 4674 1162 4740 propria,
1189 4674 1318 4726 m
1350 4671 1489 4733 11.·63
1523 4672 1612 4725 111·

279 4751 506 4818 111311111·
535 4752 659 4803 01νο
692 4752 817 4817 ipso
848 4753 972 4805 iure
1009 4754 1133 4805 sive
1163 4767 1199 4806 a
1233 4753 1484 4818 legitimo
1517 4766 1610 4805 su·

1188 399 1378 450 Isaeo
1410 396 2138 459 analytice-alphabeticus

2456 399 2783 458 Priv-Priv
3079 399 3188 459 759

1738 584 2033 653 [Privatio]
2046 600 2060 637 ε

1860 665 2003 734 31011
2021 665 2283 728 videnda,
2310 665 2434 718 1576
2463 665 2540 734 51
2566 681 2623 719 11.
2644 669 2701 728 13
2724 666 2794 719 de
2815 667 3183 720 exsecutione

1859 747 2183 799 sententiae
2231 747 2583 813 privationis.
2635 747 2760 802 1923
2803 746 2837 814 5
2871 748 2930 810 23
2982 747 3183 800 benefl-

1857 828 2010 881 clum
2042 828 2122 880 ita
2158 841 2369 880 vacans
2399 828 2523 880 suis
2564 827 2807 882 conferri
2851 828 3054 894 nequit
3090 842 3184 880 va-

1859 908 1972 961 lide
1991 908 2064 961 ab
2085 907 2382 961 Ordinario
2403 909 2501 974 qui
2517 909 2863 961 sententiam
2884 908 3037 970 tulit,
3060 907 3177 970 1573

1860 989 2163 1055 beneflciis,
2197 990 2325 1051 etc„
2366 988 2600 1056 privato·
2646 990 2788 1042 sunt
2832 991 2961 1056 ipso
2996 991 3180 1056 facto.-

1854 1069 2115 1122 retinens
2147 1071 2305 1135 prius
2326 1067 2769 1135 incompatibile,
2789 1068 2935 1133 23963
2962 1083 3182 1136 promo-

1856 1151 1956 1202 tns
1986 1148 2060 1201 ad
2092 1150 2481 1215 episcopatum
2523 1163 2640 1202 non
2670 1150 2950 1215 mcipiens
2984 1164 3181 1202 conse-

1852 1231 2163 1283 crationem
2187 1231 2334 1282 intra
2365 1232 2655 1292 semestre,
2680 1231 2836 1292 23983
2862 1244 3178 1284 excommu-

1856 1312 2083 1364 nicatus
2124 1310 2415 1372 vitandus,
2452 1310 2605 1372 mm
2649 1312 2941 1377 promotus
2980 1311 3054 1363 ud
3096 1312 3177 1363 di·

1852 1393 2132 1460 gnitatem
2166 1391 2593 1444 Cardinalitiam
2627 1405 2896 1444 recusans
2918 1393 3175 1445 emittere

1862 1471 2260 1525 iusiurandum
2300 1470 2371 1523 de
2411 1470 2674 1523 adeundo
2722 1470 2991 1524 Pontifice
3021 1471 3177 1524 intra

1853 1566 2090 1606 annum.
2121 1552 2275 1616 23873
2300 1552 2597 1619 privandi
2617 1553 2780 1604 sunt:
2815 1554 3109 1617 apostatae
3139 1567 3174 1605 a

1851 1631 1981 1694 tide,
2014 1633 2142 1694 etc..
2174 1633 2304 1685 2314
2340 1630 2374 1698 5
2408 1633 2433 1682 1
2478 1645 2535 1684 11.
2568 1630 2629 1695 23
2674 1632 2983 1684 canonicus
3019 1631 3177 1683 111οο-

1849 1711 2019 1778 103110
2039 1714 2144 1765 aut
2164 1713 2641 1779 poenitentiarius
2672 1725 2772 1777 per
2797 1725 3012 1763 annum
3044 1725 3172 1763 cum

1848 1790 2082 1844 dimidio
2113 1794 2363 1859 graviter
2383 1792 2680 1859 neghgens
2701 1791 2764 1843 in
2786 1791 2983 1851 0111010,
3015 1790 3168 1854 23813

1847 1871 2307 1932 concubinarius.
2330 1873 2401 1934 sl,
2424 1875 2552 1937 010.,
2574 1870 2773 1925 217711.
2792 1873 2842 1933 3,
2865 1870 3007 1931 2180,
3024 1870 3170 1932 2181,

1845 1951 1916 2004 01.
1940 1951 2067 2006 2359
2097 1951 2131 2019 5
2153 1955 2209 2014 13
2232 1953 2627 2019 conspirantes
2651 1953 2849 2005 contra
2868 1950 3173 2003 auctorita-

1848 2033 1981 2098 tem,
2004 2034 2139 2097 etc.,
2158 2032 2316 2086 Rom.
2344 2032 2527 2094 pont..
2548 2033 2673 2086 eius
2695 2032 2909 2100 Legati,
2939 2029 3172 2082 Ordina-

1847 2113 1918 2165 rii
1946 2115 2177 2180 proprii,
2209 2114 2332 2167 2331
2371 2113 2492 2181 523
2538 2113 2870 2175 homicidae,
2913 2112 3169 2177 raptores

1845 2192 2222 2259 impuberum,
2243 2194 2517 2256 usurarii,
2545 2195 2714 2259 sures,
2743 2195 2864 2254 etc.,
2894 2191 3024 2246 2354
3053 2191 3086 2259 5
3105 2191 3166 2253 23

1845 2274 2273 2338 perseverantes
2302 2274 2363 2325 in
2384 2274 2759 2341 suspensione
2782 2271 2931 2325 ultra
2950 2274 3167 2338 septem

1850 2366 2088 2416 menses,
2108 2354 2237 2407 2340
2254 2352 2347 2420 523
2374 2354 2649 2406 vlolentas
2678 2366 2881 2405 manus
2911 2352 3166 2406 inlicien-

1844 2435 1936 2482 tes
1982 2434 2043 2483 in
2090 2433 2466 2485 cardinalem
2513 2437 2619 2485 aut
2665 2435 2968 2493 Legatum,
3017 2434 3154 2485 2343

1845 2522 1875 2587 5
1923 2521 1953 2570 2
1999 2531 2053 2568 11.
2101 2521 2157 2579 33
2212 2520 2622 2579 delinquentes
2670 2523 2879 2570 contra
2921 2522 3154 2573 sextum

1846 2591 2203 2661 gravioribus
2226 2589 2569 2662 quibusdam
2606 2594 2805 2656 modis,
2837 2594 2965 2648 2359
2994 2594 3159 2661 52-33

1842 2683 2193 2734 confessarii
2224 2683 2630 2743 sollicitantes,
2664 2685 2800 2736 2368
2833 2688 2861 2753 5
2895 2688 2951 2744 13
2991 2696 3163 2736 usur-

1842 2754 2068 2808 pantes.
2122 2754 2247 2809 etc..
2304 2752 2453 2803 bona
2510 2757 2615 2804 aut
2669 2755 2801 2804 iura
2857 2752 3157 2806 Ecclesiae

1844 2819 2160 2876 Romanae,
2214 2820 2376 2878 23453
2436 2825 2791 2879 usurpantes
2839 2822 2953 2872 sibl
3004 2824 3161 2874 bona

1843 2887 2259 2946 ecelesiastica.
2300 2889 2462 2949 23463
2512 2890 2801 2941 violentas
2841 2902 3051 2943 manus
3093 2891 3155 2941 in

1843 2969 1908 3007 se
1958 2957 2313 3013 inlicientes,
2366 2958 2419 3007 si
2470 2961 2682 3016 agatur
2731 2959 2806 3009 de
2860 2959 3164 3010 beneflciis

1843 3037 1978 3075 cum
2030 3037 2174 3076 cura
2226 3026 2580 3084 animarum,
2641 3028 2776 3078 2350
2832 3031 2860 3094 5
2918 3028 2974 3085 23
3037 3038 3155 3077 11011

1842 3094 2187 3152 residentes,
2220 3095 2272 3144 si
2305 3098 2517 3151 agatur
2549 3096 2621 3145 de
2657 3094 3163 3155 residentlalibus,

1845 3162 1981 3213 2381
2019 3175 2073 3212 11.
2115 3162 2170 3219 2;
2214 3163 2441 3221 privari
2477 3166 2758 3222 possunt:
2797 3164 3030 3214 talsarii
3066 3163 3166 3214 lit—

1846 3233 2128 3288 terarum,
2190 3233 2315 3288 etc..
2381 3229 2548 3281 Sedis
2612 3233 2735 3292 Ap„
2799 3232 2935 3282 2360
2998 3235 3027 3298 5
3090 3233 3153 3291 23

1844 3299 2129 3349 iniuriam
2176 3299 2375 3351 verbis
2422 3304 2524 3349 aut
2571 3301 2813 3358 scriptis
2859 3300 3034 3349 alteri
3084 3300 3158 3350 ir·

1849 3369 2140 3425 rogantes.
2184 3368 2346 3426 2355:
2399 3371 2706 3427 quaestum
2752 3369 3039 3419 facientes
3080 3381 3158 3420 ex

1842 3438 2232 3497 eleemosynis
2270 3439 2603 3495 Missarum‚
2642 3439 2776 3489 2324
2814 3438 3157 3489 subtrahen-

1844 3508 1950 3563 tes,
1986 3507 2113 3561 etc..
2148 3506 2497 3557 documenta
2535 3506 2749 3557 Curiae
2786 3505 3163 3566 episcopalis,

1845 3575 2007 3632 24053
2083 3576 2321 3633 propria
2384 3575 2739 3625 auctoritate
2800 3578 3165 3634 occupantes

1844 3641 2141 3699 beneficia.
2177 3644 2311 3694 2394
2347 3656 2402 3694 n.
2439 3644 2494 3701 23
2539 3644 2904 3701 negligentes
2941 3644 3166 3702 protes-

1843 3711 2070 3760 sionem
2104 3712 2237 3762 fidei
2273 3712 2323 3761 sl
2355 3712 2428 3761 ad
2460 3723 2588 3761 eam
2620 3714 2951 3769 teneantur.
2984 3711 3147 3772 24033

1843 3779 2086 3830 edentes
2135 3781 2311 3838 leges.
2360 3783 2484 3836 etc„
2534 3784 2739 3831 contra
2789 3781 2918 3831 iura
2968 3780 3165 3831 Eccle—

1842 3848 1984 3904 siae.
2040 3849 2175 3899 2336
2232 3851 2260 3915 5
2316 3852 2371 3907 13
2432 3860 2646 3898 nomen
2699 3849 2908 3899 dantes
2961 3851 3162 3900 sectae

1843 3918 2227 3974 massonicae,
2274 3921 2399 3973 etc..
2447 3917 2582 3967 2336
2630 3920 2659 3983 5
2708 3918 2764 3976 23
2822 3917 3166 3976 delinquen—

1843 3986 1935 4034 tes
1986 3991 2194 4036 contra
2238 3988 2486 4043 sextum,
2537 3986 2671 4036 2359
2721 3989 2749 4053 5
2799 3985 2854 4041 3;
2911 3986 3052 4045 quid
3103 3985 3157 4035 si

1843 4054 2113 4111 privatus
2166 4053 2510 4104 beneficium
2565 4067 2681 4103 non
2732 4055 2999 4104 dimittat
3050 4056 3158 4105 aut

1845 4133 2041 4172 moras
2098 4122 2407 4180 illegitime
2462 4127 2673 4181 nectat,
2729 4123 2880 4174 2401.

1706 4297 1770 4310 -
1799 4271 2043 4324 habitus
2073 4272 2487 4326 ecclesiastici:
2519 4273 2810 4338 pei-petua.
2836 4274 2989 4330 2304,
3010 4268 3159 4324 2305

1834 4350 1864 4413 5
1906 4350 1953 4409 1,
1988 4348 2076 4396 vel
2111 4349 2184 4397 ad
2220 4352 2469 4408 tempus,
2505 4352 2658 4401 2300.

1706 4459 1769 4470 -
1799 4434 2072 4486 muneris
2092 4434 2434 4500 Superioris
2456 4434 2521 4484 in
2554 4431 2978 4497 relioionibus:
3005 4427 3156 4481 2411-

1705 4621 1766 4631 —-
1795 4595 2131 4661 privilsyii:
2161 4593 2242 4647 78.

1705 4702 1766 4711 -
1799 4674 2141 4741 sepiatur-ae
2192 4675 2622 4728 ecclesiasticae
2677 4672 2805 4724 vide
2856 4672 3157 4736 Sepultu-

1830 4755 2227 4806 0001001001100.

277 4831 525 4898 periore,
549 4830 642 4882 102
673 4830 705 4897 5
741 4832 785 4897 1,
824 4845 938 4884 11011
963 4834 1037 4884 ab
1054 4833 1202 4893 aliis,
1226 4832 1337 4885 etsi
1359 4831 1418 4883 hi
1451 4831 1611 4884 cleri·
1703 4834 2011 4897 Prlvllegu
2042 4835 2101 4886 et
2131 4834 2363 4887 indulta
2392 4835 2465 4886 ab
2490 4833 2683 4900 Apost.
2718 4830 2863 4884 Sede
2894 4831 3002 4882 iam
3025 4844 3156 4883 con·

282 4924 416 4963 cum
467 4911 542 4963 ad
588 4911 834 4964 officium
865 4912 1158 4979 elegerint,
1194 4912 1609 4977 postulaverint

277 4989 377 5042 vei
391 4990 746 5052 admiserint,
771 4992 880 5053 1053
904 4992 1187 5058 quomodo
1205 4991 1382 5057 11111131
1400 4993 1606 5058 potest,

282 5070 379 5123 182
410 5070 549 5136 552,
573 5072 628 5130 33
664 5084 738 5122 an
772 5084 995 5137 semper
1018 5071 1286 5132 admissa.
1309 5070 1437 5123 2290
1466 5070 1606 5138 551,

277 5152 340 5212 83
391 5163 620 5202 annexa
661 5149 865 5203 delicto
914 5165 1031 5205 non
1073 5150 1171 5204 dat
1206 5151 1396 5204 locum
1430 5164 1612 5203 corre-

1830 4927 1990 4965 cessa
2000 4915 2253 4980 personis
2274 4916 2395 4968 sive
2415 4914 2665 4981 physicis
2679 4912 2801 4965 sive
2825 4909 3154 4975 moralibus,

1828 5007 1981 5060 quae
2012 4995 2069 5046 in
2103 5008 2213 5047 usu
2246 4995 2435 5048 adhuc
2466 4996 2606 5053 sunt
2637 5008 2741 5047 nec
2770 4994 3049 5053 revocata,
3073 4992 3157 5044 ln·

1829 5075 1989 5139 tegra
2024 5077 2273 5137 manent,
2313 5075 2422 5127 nisi
2466 5074 2685 5127 Codicis
2713 5073 3029 5127 canonibus
3062 5086 3157 5125 ex-

1829 5168 2022 5221 presse
2054 5158 2411 5214 revocentur.
2443 5156 2493 5208 4.

278 5229 466 5296 ptioni
508 5229 783 5292 iudiciali,
836 5231 960 5284 1848
999 5245 1059 5287 n.
1095 5233 1142 5294 1,
1190 5233 1250 5284 et
1291 5231 1354 5286 111
1380 5230 1609 5284 casibus
1704 5248 1938 5301 -quae
1963 5234 2027 5287 in
2053 5234 2256 5288 Codice
2279 5236 2615 5288 revocantur
2637 5233 2959 5300 privilegia:
2983 5245 3156 5298 quae-

275 5310 524 5376 publicis
549 5310 622 5363 ab
653 5310 956 5364 Ordinatio
987 5312 1198 5366 remitti
1231 5312 1450 5379 nequit,
1483 5311 1609 5367 m

266 5393 396 5452 11.33
420 5390 472 5443 01
493 5393 703 5458 agatur
716 5390 787 5444 de
806 5391 1080 5446 beneflcio
1100 5391 1470 5453 inamovibili,
1501 5395 1611 5458 pri·

273 5470 534 5523 vat-ionis
552 5484 730 5523 causa
761 5470 1050 5525 iudicialis
1077 5486 1116 5524 a
1145 5471 1419 5526 tribunali
1442 5470 1609 5526 colie-

1829 5315 1959 5367 dam
1991 5313 2278 5368 laedentia
2310 5316 2438 5368 lura
2472 5315 2889 5382 Episcoporum,
2922 5313 3018 5367 313
3046 5311 3080 5379 5
3099 5312 3152 5376 2,

1825 5395 1941 5457 403,
1976 5395 2119 5459 1157,
2153 5395 2241 5448 vel
2274 5395 2370 5448 ius
2402 5394 2671 5448 ecclesiae
2692 5392 3033 5461 parochialis
3054 5391 3155 5445 ha-

1828 5474 1997 5528 bendi
2034 5475 2253 5529 fontem
2294 5476 2703 5542 baptismalem,
2749 5473 2846 5527 774
2882 5472 2994 5540 513
3042 5472 3155 5539 pri·
