3753 5871
544 307 655 368 484
1684 310 1882 364 σοαοο
1919 311 2082 367 ltu-u
2131 314 2412 367 canonici

1838 642 2100 712 Osrur
2145 645 2243 712 V.

792 784 904 851 De
934 785 1217 853 mutuis
1246 768 1732 869 petitionibus
1762 804 1895 854 seu
1924 790 2014 855 de
2045 786 2464 856 actionibus
2494 788 3306 857 reconventionalibus.

1824 981 2003 1052 om.
2061 984 2263 1053 1690.

729 1109 762 1192 ξ
809 1112 876 1175 1.
925 1109 1149 1176 Actio
1181 1126 1399 1192 quam
1433 1126 1604 1175 reus
1641 1125 1893 1175 coram
1935 1109 2184 1176 eodem
2219 1109 2465 1177 iudice
2497 1109 2576 1177 in
2610 1111 2862 1178 eodem
2893 1111 3181 1179 iudicio
3213 1111 3546 1179 instituit

551 1221 816 1286 contra
840 1219 1165 1286 actorem
1199 1216 1295 1283 ad
1329 1215 1899 1283 submovendam
1927 1216 2043 1285 vel
2078 1218 2552 1286 minuendam
2586 1219 2749 1288 eius
2778 1220 3246 1305 petitionem,
3280 1222 3551 1290 dicitur

551 1323 1021 1391 reconventio
1065 1324 1114 1394 ².

729 1433 764 1517 ἓ
810 1432 877 1499 2.
926 1432 1425 1502 Reconventio
1461 1434 2051 1502 reconventionis
2093 1452 2240 1503 non
2283 1433 2737 1503 admittitur.

1826 1606 2004 1674 CAN.
2054 1607 2251 1675 1691.

723 1719 944 1799 Actio
966 1730 1632 1800 reconventionalis
1648 1730 1900 1820 ‚locum
1930 1730 2198 1799 habere
2227 1734 2476 1817 potest
2495 1730 2577 1800 in
2606 1733 2947 1802 omnibus
2974 1733 3232 1801 causis
3253 1737 3554 1802 conten·

552 1835 791 1922 tiosis,
824 1839 1151 1923 exceptis
1175 1839 1424 1906 causis
1456 1839 1699 1924 spolii;
1725 1839 1808 1907 in
1834 1839 2352 1908 criminalibus
2379 1857 2553 1908 vero
2585 1858 2731 1909 non
2763 1841 3226 1925 admittitur,
3272 1842 3433 1910 nisi
3467 1842 3553 1910 ad

551 1961 884 2013 normam
928 1963 1094 2013 can.
1142 1945 1341 2028 2218,
1394 1947 1429 2031 δ
1463 1947 1510 2016 3
1563 1946 1615 2011 ¹.

1824 2054 2004 2124 om.
2053 2054 2254 2124 1692.

725 2176 1216 2263 Proponenda
1241 2181 1359 2247 est
1389 2177 1623 2247 iudici
1653 2196 1905 2247 coram
1933 2198 2078 2266 quo
2106 2179 2307 2249 actio
2338 2178 2781 2265 principalis
2815 2178 3177 2248 instituta
3201 2183 3358 2264 est,
3387 2178 3553 2247 licet

550 2284 645 2353 ad
689 2303 913 2353 unam
951 2302 1254 2353 causam
1293 2286 1690 2356 dumtaxat
1726 2287 2069 2373 delegato
2105 2288 2224 2357 vel
2266 2288 2599 2374 alioquin
2639 2287 3203 2372 incompetenti,
3246 2287 3412 2355 nisi
3461 2288 3552 2354 sit

547 2391 886 2462 absolute
921 2392 1425 2478 incompetens
1466 2391 1519 2463 ⁸.

1815 2627 2078 2697 Ou’m·
2120 2629 2258 2698 VI.

1223 2766 1337 2836 De
1368 2767 1787 2837 actionibus
1821 2787 1953 2837 seu
1984 2768 2329 2839 remediis
2364 2767 2861 2856 possessoriis.

1820 2964 2000 3033 om.
2057 2964 2253 3033 1693.

764 3090 912 3171 Qui
939 3089 1034 3158 ad
1064 3090 1597 3175 possessionem
1625 3089 1948 3159 alicuius
1976 3091 2087 3159 rei
2113 3089 2693 3176 adipiscendam,
2724 3089 2843 3157 vel
2869 3087 2968 3157 ad
2996 3088 3334 3157 alicuius
3361 3089 3546 3157 itu-is

543 3195 975 3265 exercitium
1013 3197 1491 3267 obtinendum
1527 3198 1867 3268 munitur
1907 3199 2136 3269 titulo
2179 3200 2536 3284 legitimo,
2577 3202 2825 3285 petere
2869 3201 3142 3283 potest,
3192 3203 3285 3267 ut
3328 3200 3412 3267 in
3449 3198 3548 3267 rei

544 3304 1074 3386 possessionem
1123 3305 1240 3374 vel
1278 3305 1468 3374 iuris
1506 3306 1939 3375 exercitium
1989 3307 2445 3376 immittatur
2485 3305 2538 3370 ⁴.
2657 3376 2664 3385 ,

1811 3481 1990 3550 om.
2039 3481 2236 3550 1694.

714 3606 786 3673 N
788 3626 884 3676 on
911 3607 1150 3675 solum
1172 3607 1562 3692 possessio,
1590 3607 1716 3676 sed
1740 3607 1969 3676 etiam
1994 3607 2307 3691 simplex
2328 3606 2662 3676 detentio
2683 3609 3045 3692 praestat,
3072 3605 3173 3674 ad
3206 3624 3542 3675 normam

538 3730 905 3782 canonum
945 3714 1075 3801 qui
1106 3718 1543 3800 sequuntur,
1580 3714 1948 3784 actionem
1976 3715 2093 3784 vel
2134 3715 2634 3800 exceptionem
2675 3713 3204 3799 possessoriam
3234 3712 3294 3781 ⁸.

1815 3891 1994 3961 ΟΔΝ.
2047 3891 2245 3960 1695.

729 4014 763 4098 5
810 4017 876 4081 1.
926 4014 1074 4095 Qui
1110 4032 1388 4083 annum
1416 4017 1787 4101 integrum
1826 4016 1909 4083 in
1939 4015 2399 4101 possessione
2428 4014 2537 4084 rei
2572 4013 2690 4082 vel
2723 4014 2804 4081 in
2837 4010 3537 4099 quasi-possessione

539 4121 728 4191 iuris
769 4123 1152 4206 manserit,
1198 4124 1263 4191 si
1306 4123 1719 4193 molestiam
1761 4125 2102 4209 patiatur
2145 4124 2537 4209 quominus
2580 4140 2790 4190 suam
2832 4121 3372 4207 possessionem
3427 4118 3534 4188 vel

538 4231 1312 4315 quasi-possessionem
1360 4232 1705 4314 retineat,
1744 4232 1968 4301 habet
2002 4232 2366 4301 actionem
2402 4230 2834 4297 retinendae
2871 4225 3364 4314 possessionis
3418 4227 3471 4294 ⁸.

713 4336 748 4420 ἓ
792 4338 861 4405 2.
911 4338 1117 4407 Haec
1154 4340 1354 4408 actio
1390 4358 1539 4408 non
1576 4339 2009 4410 admittitur
2044 4340 2193 4409 nisi
2227 4340 2432 4408 intra
2476 4357 2752 4407 annum
2800 4338 2896 4405 ab
2940 4337 3161 4405 illata
3198 4336 3534 4405 molestis

535 4442 891 4514 adversus
931 4446 1311 4516 molestiae
1351 4449 1726 4516 auctorem
1769 4454 1854 4517 ut
1888 4467 1937 4516 a
1970 4450 2330 4519 molestiis
2364 4448 2702 4516 desistat.

717 4685 740 4721 ²
777 4685 842 4738 G.
870 4685 921 4745 6,
958 4684 1023 4745 X,
1054 4685 1125 4735 de.
1151 4682 1417 4740 arbitris,
1446 4683 1495 4743 1,
1526 4681 1610 4743 433
1633 4693 1682 4733 c.
1716 4682 1767 4742 1,
1798 4681 1849 4741 2,
1881 4682 1948 4743 X,
1978 4682 2050 4732 de
2075 4679 2298 4732 mutuis
2324 4677 2728 4739 petitionibus,
2766 4677 2849 4736 11.
2876 4679 2925 4739 ἰς
2957 4688 3010 4729 c.
3040 4676 3093 4737 2,
3124 4676 3194 4739 X,
3226 4678 3304 4728 ae
3329 4676 3525 4727 orem

539 4774 954 4837 monitionum,
995 4774 1079 4835 11,
1110 4775 1191 4838 103
1220 4785 1270 4826 c.
1301 4773 1353 4834 3,
1385 4773 1451 4835 X,
1488 4774 1560 4824 de
1590 4769 2054 4832 probationibus,
2089 4769 2172 4831 11,
2214 4771 2296 4832 193
2324 4781 2373 4821 c.
2416 4768 2467 4830 3,
2502 4770 2573 4820 ae
2602 4767 2928 4828 rescriptis,
2964 4766 3015 4828 1,
3048 4766 3100 4827 3,
3132 4766 3199 4817 in
3231 4765 3366 4827 V103
3394 4778 3448 4818 c.
3479 4765 3523 4824 2.

539 4868 611 4919 ds
640 4865 950 4917 perborum
980 4863 1428 4925 sioniflcatione,
1461 4861 1532 4924 V,
1563 4863 1648 4923 11,
1683 4863 1746 4913 in
1775 4861 1957 4914 clem.

705 4965 730 4999 ²
774 4957 839 5010 G.
876 4957 926 5016 4,
957 4955 1025 5015 x,
1059 4956 1130 5006 de
1165 4953 1370 5005 ordine
1402 4951 1818 5013 monitionum,
1853 4951 1937 5012 11.
1979 4951 2061 5004 10.

705 5055 731 5091 ³
773 5048 838 5101 G.
868 5048 951 5108 21,
982 5048 1048 5107 X,
1081 5048 1154 5098 ae
1179 5043 1437 5104 iudiciis,
1471 5044 1555 5106 11,
1584 5045 1635 5105 13
1661 5056 1711 5096 c.
1742 5045 1792 5104 1,
1823 5043 1890 5102 X,
1930 5044 2002 5093 de
2029 5040 2253 5092 mutuis
2289 5037 2694 5101 petitionibus,
2734 5038 2817 5098 11,
2848 5038 2898 5099 43
2925 5047 2976 5088 c.
3008 5036 3061 5098 3,
3099 5037 3172 5087 de
3200 5033 3520 5095 rescriptis,

538 5139 588 5200 1,
622 5139 674 5202 3,
707 5140 770 5191 ln
805 5139 930 5201 V103
961 5137 1103 5200 Beg.
1137 5135 1221 5198 42,
1263 5137 1333 5188 R.
1378 5136 1459 5197 J..
1494 5136 1557 5187 in
1596 5134 1723 5188 V10.

706 5236 731 5271 ⁴
770 5230 835 5283 C.
867 5230 1019 5291 3,,Χ,
1053 5232 1120 5280 ut
1152 5227 1258 5280 lite
1289 5239 1406 5279 non
1438 5227 1768 5278 contestata
1799 5235 1917 5276 non
1948 5222 2303 5284 procedatur
2339 5222 2417 5272 aa
2451 5221 2690 5272 testium
2732 5214 3123 5277 receptionem
3162 5216 3260 5268 vei
3293 5219 3374 5270 aa
3406 5226 3513 5267 se·-

536 5321 783 5372 tentiant
817 5318 1202 5380 definitivam,
1231 5318 1316 5378 11,
1347 5315 1399 5369 6.

701 5419 727 5454 ⁸
771 5411 836 5465 0.
860 5412 910 5471 5,
946 5412 1012 5469 x.
1037 5413 1109 5462 ae
1130 5418 1312 5461 causa
1336 5405 1721 5470 possessionis
1741 5408 1800 5457 et
1822 5400 2226 5465 proprietatis,
2250 5402 2333 5462 11,
2356 5400 2438 5462 12:
2464 5412 2515 5452 c.
2538 5400 2589 5460 6,
2620 5399 2687 5460 Χ,
2720 5399 2790 5450 ae
2817 5395 3324 5456 institutionibus,
3348 5394 3518 5457 111.·1.

702 5528 727 5562 ⁸
768 5520 833 5572 O.
863 5520 913 5579 8,
945 5520 1011 5580 X,
1045 5520 1115 5569 dc
1144 5514 1606 5577 probationibus,
1641 5514 1725 5573 11,
1760 5514 1842 5565 19.
