3753 5871
535 143 645 203 512
1679 145 1875 199 Gom
1913 147 2077 199 lum
2115 146 2408 200 ‘canonio‘

1817 388 1997 457 CAN,
2030 388 2226 456 1820.

710 532 1170 599 Documenta
1207 530 1288 598 in
1324 530 1566 599 forma
1604 532 2040 599 authentica
2078 536 2256 600 sunt
2294 533 2707 602 exhibenda
2750 540 2826 602 et
2871 534 2952 601 in
2998 532 3276 601 iudicio
3315 531 3511 617 depo

538 640 802 722 nenda,
838 645 923 707 ut
959 657 1008 706 a
1038 640 1278 706 iudice
1309 644 1384 707 et
1415 639 1509 706 ab
1539 640 1971 708 adversa-rio
1998 642 2411 708 examinari
2443 643 2733 727 possint
2771 641 2820 708 ¹.

1812 855 1991 923 CAN.
2026 856 2223 923 1821.

709 996 743 1077 ξ
790 997 857 1062 1.
910 996 992 1064 Si
1023 996 1328 1064 dubium
1357 999 1723 1065 excitetur
1755 1002 2007 1066 utrum
2035 997 2358 1068 fideliter
2381 999 2835 1083 exscriptum
2864 998 2966 1067 sit
2997 999 3402 1082 exemplar,
3431 1016 3521 1065 an

533 1123 707 1187 non,
744 1105 964 1173 iudex
1004 1105 1102 1174 ad
1142 1107 1583 1175 instantiam
1619 1107 1862 1192 partis
1896 1108 2012 1175 vel
2044 1108 2271 1175 etiam
2304 1126 2394 1175 ex
2429 1105 2666 1175 officio
2703 1107 3096 1175 decernere
3136 1112 3409 1193 potest,
3445 1111 3523 1173 ut

531 1215 775 1299 ipsum
803 1214 1323 1283 documentum
1351 1216 1812 1297 exhibeatur,
1853 1216 2046 1283 unde
2071 1216 2449 1300 exemplar
2480 1222 2594 1284 est
2621 1215 3117 1300 desumptum.

709 1323 742 1405 ξ
789 1323 856 1390 2.
910 1323 993 1391 Si
1028 1324 1106 1392 id
1142 1323 1306 1392 fleri
1338 1329 1475 1393 aut
1508 1325 1809 1391 minime
1845 1329 1983 1393 aut
2023 1323 2238 1392 valde
2280 1322 2676 1392 difficulter
2711 1323 2974 1409 possit,
3021 1322 3241 1391 iudex
3286 1328 3522 1407 potest

530 1434 946 1501 auditorem
975 1433 1315 1519 delegare
1347 1437 1482 1501 aut
1509 1434 1654 1501 loci
1688 1431 2170 1501 Ordinarium
2202 1450 2464 1516 rogare
2493 1450 2631 1517 pro
2662 1433 2998 1500 examine
3032 1436 3106 1500 et
3133 1431 3522 1500 collatione

530 1541 979 1625 documenti,
1016 1541 1523 1626 praescribens
1558 1541 1824 1626 quibus
1851 1540 1944 1609 de
1969 1539 2313 1608 articulis
2339 1545 2414 1608 et
2443 1538 3053 1624 quemadmodum
3081 1538 3245 1608 fieri
3270 1539 3521 1608 debeat

527 1652 853 1735 collatio;
885 1651 1272 1719 collationi
1303 1669 1477 1718 vero
1505 1654 1821 1734 utraque
1850 1668 2025 1735 pars
2055 1649 2406 1718 amstere
2432 1651 2701 1733 potest.

1817 1865 1996 1932 CAN.
2035 1864 2231 1932 1822.

705 2011 1170 2079 Documenta
1203 2009 1623 2078 communia
1664 2026 1940 2094 quaeve
1983 2008 2076 2077 de
2112 2008 2485 2075 communi
2529 2012 2766 2094 agunt
2806 2006 3126 2093 negotio,
3170 2010 3257 2075 ut
3304 2009 3515 2075 teste·

535 2124 785 2185 menta
812 2124 890 2186 et
916 2119 1416 2186 instrumenta
1455 2135 1642 2202 quae
1673 2118 2084 2202 respiciunt
2119 2117 2642 2198 successiones,
2674 2116 3030 2183 bonorum
3061 2115 3520 2199 partitiones,

533 2230 966 2294 contractus
1011 2226 1307 2310 aliaque
1346 2224 1767 2293 huiusmodi
1805 2226 1898 2293 de
1935 2224 2203 2311 quibus
2250 2225 2346 2291 lis
2381 2230 2496 2292 est
2533 2224 2730 2291 inter
2769 2229 3045 2307 partes,
3097 2223 3411 2308 quilibet
3445 2240 3522 2289 ex

536 2332 1011 2418 litigantibus
1045 2337 1292 2418 potest
1329 2334 1710 2418 postulare
1743 2338 1829 2402 ut
1857 2333 1939 2400 in
1970 2333 2135 2401 iure
2164 2332 2655 2401 exhibeantur
2684 2332 2779 2400 ab
2817 2350 2906 2400 ea
2936 2336 3151 2414 parte
3183 2349 3375 2416 quae
3403 2330 3524 2397 illa

530 2442 905 2528 possidere
929 2442 1211 2510 dicitur
1239 2438 1292 2509 ⁸.

1818 2584 1998 2653 om.
2035 2584 2232 2652 1823.

706 2728 740 2811 ἕ
788 2730 855 2796 1.
906 2727 1142 2797 Nemo
1173 2733 1420 2797 tamen
1456 2728 1798 2796 exhibere
1837 2732 2136 2796 tenetur
2170 2728 2636 2809 documenta,
2673 2728 2817 2795 etsi
2856 2725 3306 2810 communia,
3348 2741 3519 2810 quae

528 2836 1059 2905 communicari
1086 2843 1461 2923 nequeunt
1486 2837 1647 2906 sine
1669 2836 2002 2922 periculo
2025 2837 2280 2905 damni
2307 2836 2404 2904 ad
2434 2853 2767 2904 normam
2789 2854 2956 2904 can.
2984 2835 3182 2919 1755,
3217 2834 3254 2918 ξ
3282 2834 3358 2919 2,
3386 2854 3457 2901 n.
3480 2832 3519 2899 2

529 2953 666 3016 aut
688 2949 850 3016 sine
872 2949 1206 3032 periculo
1226 2948 1655 3016 violationis
1679 2948 1945 3016 secreti
1969 2947 2313 3014 servandi
2343 2943 2396 3013 ³.

707 3056 741 3138 ξ
788 3054 856 3122 2.
905 3057 1260 3124 Attamen
1309 3057 1374 3123 si
1413 3073 1558 3140 qua
1597 3057 1860 3124 saltem
1901 3056 2325 3124 documenti
2374 3056 2773 3140 particula,
2817 3075 3036 3142 quam
3075 3055 3390 3140 produci
3425 3055 3518 3122 in·

535 3164 779 3246 tersit,
819 3163 1138 3232 describi
1171 3165 1432 3249 possit,
1466 3170 1543 3233 et
1573 3166 1652 3232 in
1683 3166 2088 3250 exemplari
2120 3165 2449 3233 exhiberi
2490 3165 2650 3233 sine
2685 3165 3112 3233 memoratis
3139 3164 3517 3233 incommo-

532 3271 676 3356 dis,
713 3271 935 3341 iudex
970 3272 1361 3342 decernere
1392 3277 1641 3359 potest
1674 3279 1760 3343 ut
1800 3272 2052 3343 eadem
2086 3274 2545 3343 exhibeatur.

1818 3488 1993 3556 CAN.
2029 3487 2226 3556 1824.

705 3628 739 3711 5
789 3630 854 3695 1.
908 3627 990 3696 Si
1049 3647 1227 3712 pars
1274 3629 1616 3697 exhibere
1668 3634 1956 3697 recuset
2002 3629 2523 3699 documentum
2580 3629 2673 3698 de
2719 3632 2883 3697 iure
2939 3630 3506 3716 producendum,

529 3740 722 3823 quod
765 3739 933 3824 ipsa
963 3739 1210 3807 fertur
1244 3740 1642 3823 possidere,
1679 3738 1929 3821 iudex,
1973 3739 2213 3807 altera
2248 3744 2463 3824 parte
2504 3740 2956 3824 postulante,
2994 3738 3424 3824 auditoque,
3457 3735 3512 3801 si

534 3865 721 3933 opus
752 3848 878 3931 sit,
915 3853 1334 3933 promotore
1363 3847 1701 3916 iustitiae
1728 3848 1843 3916 vel
1880 3847 2162 3916 vinculi
2193 3847 2603 3931 defensore,
2645 3847 3210 3915 interlocutoria
3244 3852 3512 3915 senten·

535 3953 645 4022 tia
686 3959 1001 4039 statuat,
1038 3973 1138 4022 an
1169 3959 1247 4024 et
1289 3956 1651 4040 quomodo
1681 3955 2008 4024 eiusdem
2046 3955 2467 4024 documenti
2504 3955 2862 4024 exhibitio
2894 3954 3241 4023 facienda
3275 3955 3402 4022 sit.

699 4064 733 4147 ξ
781 4064 846 4132 2.
899 4065 1127 4133 Parte
1162 4084 1423 4149 parere
1460 4070 1871 4148 recusante,
1910 4064 2181 4133 iudicis
2220 4070 2335 4134 est
2367 4064 2763 4134 aestimare
2804 4062 3069 4147 quanti
3110 4062 3293 4130 haec
3330 4078 3506 4130 recu·

529 4175 725 4244 satio
760 4174 1105 4243 facienda
1136 4175 1261 4243 sit.

706 4282 740 4365 ξ
787 4284 854 4351 3.
905 4283 1118 4363 Quod
1148 4282 1214 4350 si
1243 4301 1420 4368 pars
1445 4282 1966 4350 documentum
1999 4281 2199 4366 apud
2228 4300 2307 4349 se
2339 4299 2497 4349 esse
2531 4285 2770 4365 neget,
2801 4280 3024 4348 iudex
3052 4280 3340 4365 poterit
3367 4294 3507 4349 eam

524 4393 851 4462 examini
887 4393 1248 4460 subiicere
1287 4397 1363 4461 et
1398 4391 1494 4459 ad
1529 4390 2048 4459 iusiurandum
2083 4390 2176 4459 de
2211 4408 2305 4458 ea
2350 4409 2428 4458 re
2462 4388 2991 4475 praestandum
3029 4388 3355 4473 adigere.

719 4640 740 4675 ¹
777 4639 842 4690 Ο.
876 4638 928 4696 7,
963 4638 1034 4688 de
1065 4636 1411 4696 privileous,
1445 4634 1514 4697 V,
1553 4636 1607 4699 7,
1646 4637 1708 4688 ln
1741 4637 1867 4687 V10.

709 4736 733 4770 2
767 4729 833 4780 Ο.
872 4727 924 4787 5,
956 4727 1039 4786 12,
1070 4726 1136 4786 X',
1170 4728 1241 4777 de
1270 4726 1384 4786 fide
1413 4727 1960 4785 trutmmntorum,
1996 4727 2078 4785 11,
2119 4725 2201 4776 22.

711 4825 736 4861 ³
772 4817 837 4870 G.
882 4819 934 4877 1,
970 4817 1036 4876 X,
1073 4816 1144 4866 (le
1176 4815 1640 4877 probationibus.
1677 4816 1760 4877 11,
1797 4818 1880 4869 19.
