3753 5871
475 301 580 360 138
1608 303 1806 355 00⁶oe
1840 303 2006 355 lum
2053 302 2336 355 onnam

650 495 684 576 5
730 494 798 560 2.
848 494 1133 563 vicarii
1167 495 1559 562 substituti
1595 501 1673 564 et
1705 496 2087 563 adiutores
2122 495 2600 581 praecedunt,
2637 495 2815 562 dum
2851 495 2932 562 in
2969 512 3273 562 munere
3315 511 3461 560 ma·

475 606 678 685 nent,
726 601 1028 670 vicariis
1081 603 1704 687 cooperatoribus
1753 604 1831 670 hi
1888 604 2063 671 aliis
2112 603 2620 671 sacerdotibus
2664 602 3016 671 ecclesiae
3060 600 3458 686 paroeciali

468 709 793 778 addictis
836 710 886 778 ¹.

1738 874 2000 941 Oarm·
2031 872 2157 938 XI.

1399 996 1514 1065 De
1550 996 2027 1065 ecclesiarum
2073 994 2508 1063 rectoribus.

1763 1149 1943 1218 om.
1978 1149 2133 1216 479.

648 1260 683 1342 5
729 1262 797 1326 1.
846 1259 1161 1328 Nomine
1212 1261 1581 1327 rectorum
1632 1259 2108 1326 ecclesiarum
2162 1257 2285 1324 hic
2342 1256 2653 1324 veniunt
2714 1256 3157 1338 sacerdotes,
3195 1254 3463 1340 quibus

467 1387 653 1436 cura
687 1368 1181 1436 demandatur
1212 1367 1535 1435 alicuius
1566 1367 1941 1449 ecclesiae,
1982 1384 2169 1451 quae
2207 1383 2342 1433 nec
2384 1365 2826 1450 paroecialis
2860 1364 2963 1432 sit
3008 1381 3141 1432 nec
3173 1363 3458 1447 capitu·

471 1477 680 1560 laris,
722 1494 855 1544 nec
900 1476 1190 1543 adnexa
1234 1475 1483 1543 domni
1522 1474 2083 1543 communitatis
2121 1474 2535 1559 religiosae,
2577 1491 2764 1558 quae
2801 1473 2883 1540 in
2929 1470 3183 1541 eadem
3221 1470 3460 1539 officia

465 1583 809 1651 celebret.

651 1691 685 1773 5
730 1690 798 1756 2.
848 1691 961 1759 De
1003 1692 1442 1776 cappellano
1489 1692 2029 1777 religiosarum,
2082 1690 2448 1759 sodalium
2506 1689 2836 1757 virorum
2897 1688 3279 1773 religionis
3325 1687 3456 1754 lai·

467 1799 679 1883 calis,
719 1800 1365 1868 confraternitatis
1411 1801 1529 1868 vel
1566 1801 1764 1867 alins
1803 1799 2179 1885 legitimae
2217 1798 2760 1880 associationis,
2802 1804 3190 1865 serventur
3227 1797 3456 1881 parti·

466 1906 832 1974 cularium
862 1925 1227 1974 canonum
1261 1891 1749 1993 praescripta.

1759 2067 1939 2134 CAN·
1974 2065 2129 2132 48⁰.

647 2175 681 2257 5
728 2176 796 2240 1.
844 2174 1346 2242 Ecclesiarum
1380 2178 1702 2242 rectores
1729 2173 1958 2242 libere
1985 2174 2467 2242 nominantur
2497 2174 2594 2241 ab
2625 2172 3028 2240 ordinario
3053 2171 3225 2255 loci,
3253 2171 3463 2238 salvo

467 2282 631 2351 iure
660 2282 981 2368 eligendi
1010 2288 1147 2351 aut
1185 2282 1735 2367 praesentandi,
1772 2284 1839 2350 si
1869 2283 1995 2351 cui
2026 2282 2355 2368 legitime
2381 2286 2777 2367 competa&
2810 2281 3070 2366 quoin
3100 2298 3278 2347 casu
3322 2279 3455 2345 Or·

471 2390 751 2458 dinarii
790 2396 907 2461 est
939 2395 1293 2458 rectorem
1328 2390 1742 2475 approbare
1777 2390 1830 2456 ².

644 2499 678 2581 5
724 2498 792 2565 2.
843 2498 1048 2567 Licet
1072 2499 1379 2568 ecclesia
1408 2500 1780 2583 pertineat
1804 2500 1904 2566 ad
1934 2498 2263 2582 aliquam
2291 2496 2719 2582 religionem
2745 2499 3185 2580 exemptam,
3214 2497 3460 2563 rector

467 2609 715 2675 tamen
744 2626 793 2674 a
822 2607 1218 2691 Superiore
1248 2607 1676 2675 nominatus
1710 2607 1930 2676 debet
1963 2607 2061 2674 ab
2091 2605 2494 2708 ordinario
2523 2605 2668 2696 loci
2706 2604 3132 2690 approbari.

648 2714 683 2797 5
728 2712 797 2782 3.
849 2714 932 2782 Si
966 2714 1276 2783 ecclesia
1315 2715 1715 2783 coniuncta
1750 2716 1853 2783 sit
1888 2733 2056 2783 cum
2098 2714 2513 2786 Seminario
2548 2713 2787 2781 aliove
2819 2712 3131 2797 collegio
3177 2711 3369 2796 quod
3408 2729 3461 2779 a

462 2822 757 2890 clericis
787 2822 1096 2908 regitur,
1135 2824 1491 2907 Superior
1525 2824 1924 2892 Seminarii
1950 2824 2067 2892 vel
2090 2823 2385 2908 collegii
2408 2828 2525 2890 est
2551 2822 2774 2888 simul
2807 2820 3157 2890 ecclesiae
3186 2821 3455 2900 rector,

467 2930 613 3000 nisi
642 2930 868 3000 aliter
898 2931 1041 3000 loci
1073 2930 1521 3001 Ordinarius
1548 2932 2052 3002 constituerit.
2312 2935 2318 2940 ’

1759 3107 1939 3175 cm.
1976 3107 2132 3175 481.

643 3218 734 3283 In
791 3217 1100 3285 ecclesia
1157 3217 1300 3285 sibi
1359 3217 1750 3284 commissa
1808 3219 2052 3284 rector
2116 3216 2542 3285 functiones
2596 3203 3048 3302 paroeciales
3104 3237 3457 3305 peragere

465 3323 722 3409 nequit
759 3326 812 3392 ⁸.

1754 3432 1935 3500 CAN.
1970 3432 2127 3499 482.

638 3540 1014 3608 Ecclesiae
1061 3546 1303 3609 rector
1359 3546 1605 3626 potest
1648 3541 1903 3609 divina
1960 3541 2200 3609 officia
2252 3540 2478 3610 etiam
2525 3541 2912 3610 sollemnia
2957 3542 3227 3610 ibidem
3270 3542 3449 3611 cele·

462 3648 705 3732 bra-re,
744 3650 973 3717 salvis
1009 3650 1363 3736 legitimis
1398 3649 1866 3718 fundationis
1907 3650 2193 3736 legibus
2229 3655 2307 3718 et
2350 3651 2747 3718 dummodo
2785 3669 2930 3718 non
2970 3652 3286 3718 noceant
3321 3649 3451 3717 mi·

464 3756 775 3826 nisterio
813 3758 1234 3843 paroeciali3
1280 3758 1359 3824 in
1405 3758 1635 3826 dubio
1671 3764 1923 3827 antem
1972 3764 2225 3826 utrum
2264 3759 2686 3827 huiusmodi
2721 3758 3249 3827 detrimentum
3284 3776 3451 3826 con-

463 3865 735 3950 tingat,
800 3884 1050 3949 necne,
1105 3865 1489 3934 Ordinarii
1551 3866 1694 3934 loci
1753 3870 1870 3935 est
1922 3886 2076 3935 rem
2124 3867 2473 3935 dirimere
2519 3872 2596 3935 et
2644 3871 3105 3951 opportunas
3154 3884 3456 3935 normas

468 3973 967 4057 praescribere
993 3974 1089 4041 ad
1118 3973 1306 4041 illud
1338 3974 1765 4041 evitandum
1796 3975 1850 4042 ⁴.

1770 4130 1949 4198 cm.
1984 4131 2139 4198 483.

640 4237 721 4304 Si
746 4238 1080 4320 ecclesia,
1109 4238 1492 4306 ordinarii
1520 4238 1659 4306 loci
1687 4236 2135 4324 iudicio‚'ita
2159 4259 2206 4308 a
2230 4240 2632 4326 paroeciali
2654 4242 2886 4310 distet
2910 4248 2998 4311 ut
3029 4242 3456 4326 paroeciani

463 4362 610 4411 non
659 4345 819 4414 sine
871 4347 1082 4432 gravi
1137 4347 1597 4436 incommodo
1642 4349 1930 4432 possint
1979 4348 2466 4434 paroecialem
2523 4350 2905 4418 ecclesiam
2952 4351 3162 4419 adire
3206 4351 3456 4435 ibique

455 4451 735 4521 divinis
765 4453 1022 4522 officiis
1050 4448 1450 4523 interesse:

721 4564 821 4628 1.·
863 4562 1036 4630 Loci
1060 4563 1531 4654 ordinarius,
1563 4565 1916 4648 gravibus
1940 4584 2225 4650 quoque
2251 4567 2563 4635 statutis
2592 4567 2874 4651 poenis,
2907 4570 3155 4653 potest
3182 4570 3455 4636 rectori

463 4669 885 4753 praecipere
925 4674 1014 4740 ut
1043 4671 1248 4741 boris
1290 4672 1567 4756 populo
1605 4673 2224 4741 commodior-ibus
2258 4673 2496 4743 officia
2524 4676 2870 4759 celebret,
2910 4675 3250 4743 fidelibus
3292 4675 3456 4743 dies

641 4878 662 4913 1
700 4878 760 4929 8.
793 4877 866 4929 B.
896 4877 985 4938 0.,
1021 4875 1307 4935 uelim„
1340 4879 1406 4930 23
1438 4879 1587 4931 febr.
1620 4879 1769 4939 1839,
1803 4880 1883 4932 ad
1916 4882 1969 4942 ὃς
1999 4879 2284 4941 Romnum
2326 4882 2394 4932 12
2434 4883 2537 4934 iul.
2574 4882 2722 4943 1892,
2763 4883 2846 4937 ad
2879 4884 2961 4934 11.

639 4968 666 5004 ²
704 4966 764 5019 Β.
794 4966 863 5019 0.
891 4967 980 5029 0.,
1014 4966 1448 5027 Pammenem,
1475 4970 1509 5020 1
1541 4972 1606 5021 et
1632 4968 1700 5020 22
1725 4980 1853 5029 apr.
1892 4969 2042 5030 1719,
2073 4970 2154 5021 ud
2183 4971 2233 5021 4.

638 5059 667 5096 ⁸
708 5055 767 5108 S.
799 5056 864 5109 0.
896 5057 985 5117 0.,
1015 5056 1372 5116 Femur-ton„
1397 5059 1464 5109 15
1484 5058 1608 5111 dec.
1639 5059 1789 5121 1⁷03,
1817 5060 1885 5111 12
1911 5062 2029 5112 lan.
2059 5060 2209 5120 1704,
2239 5060 2317 5112 ad
2342 5060 2393 5120 2,
2427 5061 2479 5122 3;
2509 5060 2922 5121 Medicum„
2950 5061 3018 5112 22
3052 5062 3196 5122 iun..
3222 5062 3289 5113 21
3312 5073 3451 5123 aug.

457 5146 608 5207 1715,
648 5146 727 5197 ad
758 5145 809 5196 2.

643 5239 673 5276 ⁴
704 5235 1059 5289 Benedictus
1082 5236 1234 5298 XIV,
1260 5249 1352 5298 ep.
1381 5239 1601 5299 encycl.
1633 5253 1665 5289 ι
1690 5237 1825 5290 mei
1849 5238 2090 5291 minine
2117 5254 2170 5299 n,
2203 5239 2239 5291 7
2266 5240 2415 5291 febr.
2446 5240 2594 5299 1742,
2628 5240 2655 5301 5
2683 5241 2765 5301 143
2801 5239 2859 5292 8.
2890 5240 2956 5291 0.
2993 5240 3083 5301 0.,
3115 5238 3452 5298 Thalem,

458 5326 527 5378 26
572 5327 712 5388 lan„
752 5326 787 5378 9
829 5326 979 5378 febr.
1018 5326 1165 5388 1⁷32:
1211 5324 1270 5379 8.
1308 5327 1375 5380 0.
1415 5327 1490 5379 de
1526 5328 1699 5389 Prop.
1742 5327 1891 5380 Fide
1945 5327 2035 5387 (0.
2076 5329 2188 5389 Ρ.),
2226 5328 2294 5380 m
2331 5330 2450 5379 ian.
2492 5329 2639 5391 1688:
2681 5328 2722 5381 S
2776 5329 2847 5380 R.
2884 5329 2973 5390 0.,
3009 5327 3451 5386 Beneventano,

457 5415 527 5468 16
561 5427 689 5476 apr.
720 5416 869 5478 1639:
908 5415 1242 5475 rutenae,
1282 5417 1346 5468 21
1383 5429 1517 5479 ang.
1548 5417 1698 5478 104⁰:
1734 5416 2125 5476 Risinium„
2164 5418 2202 5469 6
2236 5421 2350 5471 oct.
2382 5418 2531 5480 164oe
2579 5417 2979 5477 salernitana,
3028 5420 3066 5470 9
3102 5417 3248 5469 mali
3298 5416 3450 5476 1⁷⁰5.

454 5505 536 5556 ad
564 5506 616 5557 3.
649 5532 718 5543 —-
747 5505 895 5558 Vide
931 5506 1116 5557 etiam
1146 5516 1276 5557 can.
1311 5506 1427 5568 716,
1468 5506 1502 5569 Ι
1533 5508 1586 5567 1,
1615 5507 1667 5569 83
1705 5507 1852 5558 1171..
