3753 5871
1313 279 1485 331 labor
1513 281 1751 333 Torum
1785 305 1804 317 ·
1842 280 1930 330 Do
1971 280 2166 332 Rebus
3150 271 3260 331 m

1557 482 1735 550 ΟΑΝ.
1783 480 1938 549 928.

446 609 483 693 5
528 611 597 677 1.
644 608 1148 696 Indulgentia-
1169 607 1531 695 plenaria,
1590 605 1738 674 nisi
1791 604 2002 674 aliud
2048 622 2390 689 expresse
2442 607 2748 670 cautum
2791 601 2918 684 sit,
2968 600 3258 686 acquiri

270 723 519 803 potest
546 717 770 787 semel
796 721 1093 786 tantum
1120 715 1200 784 in
1221 714 1369 798 die,
1380 714 1524 784 etsi
1552 713 1745 782 idem
1770 730 1959 797 opus
1982 710 2524 796 praescriptum
2556 707 2839 796 pluries
2867 703 3259 793 ponatur².

445 824 481 907 ὅ
524 823 593 891 2.
643 823 1003 893 Partialis
1037 821 1527 907 indulgentia,
1562 821 1709 889 nisi
1733 819 2198 889 contrarium
2228 835 2571 903 expresse
2600 820 2926 899 notetur,
2958 815 3258 899 saepius

262 949 399 1016 per
431 931 653 1013 diem,
687 931 938 1001 eodem
982 948 1199 1014 opere
1234 930 1574 1015 repetito,
1614 931 1861 1012 potest
1897 925 2252 995 lucrifieri
2281 922 2338 992 ¹.

1549 1102 1728 1171 om.
1778 1101 1933 1170 929.

445 1228 742 1297 Fideles
777 1228 1165 1314 utriusque
1196 1244 1417 1294 sexus
1451 1225 1604 1311 qui,
1642 1225 2124 1310 perfectionis
2158 1225 2411 1294 studio
2444 1225 2561 1293 vel
2596 1222 3098 1292 institutionis
3132 1241 3260 1291 seu

264 1336 733 1405 educationis
774 1339 913 1404 aut
950 1334 1176 1404 etiam
1214 1333 1667 1403 valetudinis
1707 1352 1938 1401 causa
1981 1334 2061 1400 in
2095 1332 2436 1401 domibus
2469 1332 2781 1401 ecclesia
2814 1333 2930 1400 vel
2966 1330 3263 1417 publico

267 1442 543 1512 sacello
572 1442 1026 1526 carentibus,
1065 1442 1158 1511 de
1193 1460 1556 1511 consensu
1587 1441 2160 1511 ordinariorum
2188 1441 2648 1523 constitutis,
2682 1440 2915 1508 vitam
2945 1456 3262 1507 commu·

267 1568 435 1619 nem
461 1554 722 1635 agunt,
749 1550 1072 1634 itemque
1100 1567 1458 1635 personae
1482 1567 1732 1618 omnes
1754 1548 1852 1617 ad
1875 1546 2033 1616 illis
2055 1547 2631 1616 ministrandum
2657 1546 2927 1615 ibidem
2952 1563 3261 1613 commo·

270 1662 550 1740 rantes,
589 1657 878 1741 quoties
901 1657 999 1726 ad
1026 1657 1427 1726 lucrandas
1454 1655 1961 1741 indulgentias
1987 1655 2543 1740 praescribatur
2573 1653 2911 1725 visitatio
2945 1653 3267 1722 alicuius

267 1763 621 1833 ecclesiae
662 1782 809 1833 non
862 1763 1423 1846 determinatae,
1479 1763 1595 1832 vel
1637 1762 2197 1832 indeterminati
2238 1761 2561 1830 alicuius
2602 1759 2883 1846 publici
2926 1761 3264 1844 oratorii,

265 1870 578 1939 visitare
610 1875 891 1957 queunt
946 1870 1292 1957 propriae
1342 1870 1604 1938 domus
1658 1870 2008 1937 sacellum
2065 1870 2145 1936 in
2211 1888 2359 1956 quo
2417 1869 2857 1956 obligationi
2912 1868 3266 1937 audiendi

272 1976 585 2045 Sacrum
630 1979 800 2046 iure
835 1978 1270 2045 satisfacere
1303 1981 1652 2062 possunt,
1710 1976 2109 2045 dummodo
2161 1980 2407 2045 cetera
2466 1994 2689 2060 opera
2736 1976 3078 2044 iniuncta
3125 1976 3268 2044 rite

268 2083 790 2167 praestiterint
816 2083 870 2152 ⁸.

1573 2192 1749 2259 ΟΑΝ.
1792 2191 1945 2260 930.

451 2315 684 2383 Nemo
719 2315 1225 2401 indulgentias
1261 2315 1652 2399 acquirens
1689 2318 1936 2399 potest
1976 2332 2102 2382 eas
2139 2314 2314 2383 aliis
2351 2316 2431 2382 in
2470 2316 2627 2382 vita
2664 2314 3101 2401 degentibus
3140 2332 3263 2399 ap·

273 2422 577 2507 plicare;
621 2422 1012 2490 animabus
1065 2425 1313 2491 autem
1370 2422 1450 2490 in
1498 2423 1938 2508 purgatorio
1989 2422 2315 2491 detentis
2370 2422 2879 2508 indulgentiae
2924 2439 3174 2490 omnes
3222 2441 3269 2488 a

273 2528 610 2597 Romano
639 2528 1000 2598 Pontifice
1029 2548 1440 2611 concessae,
1480 2531 1625 2598 nisi
1659 2530 1865 2598 aliud
1901 2534 2217 2614 constet,
2253 2530 2737 2615 applicabiles
2769 2527 3009 2598 suni⁴.

1566 2706 1745 2774 ΟΔΝ.
1794 2705 1948 2775 931.

451 2824 486 2908 ξ
535 2828 600 2892 1.
650 2826 769 2894 Ad
820 2826 1187 2912 quaslibet
1238 2825 1743 2912 indulgentias
1793 2826 2195 2897 lucrandas
2246 2827 2614 2896 confessio
2660 2828 2857 2896 torte
2912 2829 3273 2914 requisita

275 2934 536 3020 peragi
573 2940 819 3020 potest
857 2934 1063 3003 intra
1099 2940 1266 3004 octo
1300 2934 1461 3004 dies
1499 2935 1627 3020 qui
1664 2934 2089 3004 immediate
2136 2934 2590 3021 praecedunt
2634 2935 2829 3005 diem
2867 2937 2991 3004 cui
3031 2937 3270 3005 indul·

274 3042 530 3128 gentia
571 3043 725 3111 tuit
773 3041 1011 3126 affixa3
1050 3042 1471 3111 communio
1508 3046 1758 3111 autem
1802 3043 1882 3110 in
1928 3043 2321 3128 pervigilio
2359 3041 2683 3113 eiusdem
2727 3043 2901 3127 diei;
2955 3049 3273 3129 utraque

277 3168 455 3218 vero
487 3149 712 3218 etiam
748 3150 955 3217 intra
989 3150 1549 3234 subsequentem
1590 3153 1825 3219 totam
1865 3155 2201 3218 octavam
2232 3149 2289 3216 ⁸4

461 3256 496 3338 ξ
543 3256 610 3323 2.
664 3256 963 3325 Pariter
1022 3257 1119 3324 ad
1181 3256 1583 3325 lucrandas
1633 3257 2142 3343 indulgentias
2192 3275 2332 3342 pro
2379 3258 2528 3341 piis
2579 3257 2954 3326 exercitiis
3005 3257 3083 3324 in
3140 3258 3269 3326 tri·

279 3363 536 3447 duum,
583 3363 1138 3446 hebdomadam,
1180 3369 1350 3448 etc„
1390 3365 1638 3433 ductis
1676 3383 2086 3446 concessas,
2127 3364 2496 3434 confessio
2532 3368 2610 3433 et
2647 3366 3066 3434 communio
3114 3365 3277 3434 fieri

281 3473 508 3540 etiam
569 3475 814 3555 potest
877 3472 1088 3539 intra
1143 3475 1477 3540 octavam
1546 3491 1734 3557 quae
1792 3473 2215 3540 immediate
2279 3473 2614 3557 sequitur
2677 3473 3107 3542 exercitium
3160 3491 3275 3541 ex·

282 3578 591 3663 pletum.

461 3685 495 3767 fi
541 3685 609 3753 3.
658 3684 1197 3755 christifideles
1238 3688 1366 3773 qui
1407 3687 1671 3769 solent,
1725 3688 1871 3754 nisi
1910 3687 2238 3772 legitime
2286 3688 2815 3772 impediantur,
2863 3689 3125 3756 saltem
3168 3688 3283 3755 bis

286 3792 366 3859 in
410 3810 659 3861 mense
703 3791 799 3859 ad
844 3793 1345 3876 poenitentiae
1390 3800 1931 3863 sacramentum
1979 3795 2347 3877 accedere,
2397 3802 2531 3864 aut
2580 3800 2914 3864 sanctam
2961 3813 3274 3862 commu·

288 3900 581 3969 nionem
626 3901 705 3967 in
747 3904 954 3968 statu
1008 3900 1297 3986 gratiae
1349 3906 1423 3971 et
1468 3919 1634 3969 cum
1691 3907 1896 3971 recta
1948 3903 2218 3988 piaque
2260 3908 2503 3972 mente
2550 3904 2875 3988 recipere
2921 3902 3274 3989 quotidie,

287 4008 625 4093 quamvis
653 4008 874 4076 semel
903 4010 1039 4075 aut
1070 4008 1341 4077 iterum
1370 4028 1501 4095 per
1527 4009 2055 4078 hebdomadam
2085 4011 2178 4078 ab
2206 4011 2457 4079 eadem
2488 4011 2939 4090 abstineant,
2971 4013 3282 4095 possunt

287 4132 540 4184 omnes
578 4114 1083 4199 indulgentias
1113 4117 1485 4202 consequi,
1523 4118 1745 4186 etiam
1788 4119 1948 4187 sine
1978 4118 2257 4186 actuali
2298 4119 2758 4187 confessione
2794 4137 2979 4203 quae
3010 4121 3279 4186 cetero·

290 4222 470 4309 quin
498 4222 594 4290 ad
625 4241 751 4291 eas
785 4222 1187 4292 lucrandas
1220 4226 1635 4293 necessaria
1660 4227 1883 4308 toret,
1916 4226 2243 4310 exceptis
2271 4227 2760 4312 indulgentiis
2789 4225 2940 4293 sive
2978 4224 3281 4291 iubilaei

287 4329 654 4398 ordinarii
695 4335 773 4399 et
805 4331 1384 4401 extraordinarii
1416 4333 1569 4401 sive
1601 4333 1697 4401 ad
1734 4335 1979 4403 instar
2010 4334 2314 4402 iubilaei
2350 4338 2401 4403 ⁶.

472 4541 497 4578 ¹
534 4540 891 4594 Benedictus
921 4541 1073 4602 xlv,
1112 4552 1204 4603 ep.
1237 4543 1456 4605 encycl.
1501 4558 1533 4594 ι
1562 4542 1730 4595 Inter
1760 4545 2116 4604 praeteritos
2153 4559 2207 4606 ι,
2240 4545 2274 4598 9
2302 4545 2426 4597 dec.
2462 4544 2609 4605 1⁷49,
2646 4542 2674 4605 Ι
2706 4543 2788 4605 843
2823 4542 2882 4595 8.
2918 4542 2983 4595 C.
3024 4543 3280 4605 Indulg„

292 4631 326 4681 7
356 4633 536 4684 mart.
569 4630 719 4694 1⁶⁷&
762 4630 1222 4691 wladislavum,
1256 4633 1322 4683 14
1361 4631 1485 4684 dec.
1523 4632 1670 4695 1717ς
1705 4631 2189 4694 concremationis
2223 4632 2282 4685 Β.
2329 4630 2637 4683 Benedicti
2677 4633 2741 4682 {a
2775 4629 2993 4690 Gamo,
3030 4631 3096 4684 29
3131 4633 3278 4684 febr.

291 4720 444 4780 ma,
479 4718 559 4773 ad
596 4719 648 4781 2.
678 4720 730 4782 83
762 4719 1075 4778 Petamne,
1117 4720 1183 4773 18
1213 4723 1360 4781 sept.
1397 4719 1546 4782 19115,
1587 4722 1668 4774 ad
1699 4724 1750 4774 1.

474 4809 505 4849 ¹
540 4808 599 4862 8.
631 4810 697 4862 0.
733 4808 794 4862 Β.
828 4810 945 4864 011.
989 4809 1168 4871 (sect.
1200 4808 1274 4863 de
1303 4811 1582 4874 Indulg.),
1615 4811 1771 4864 decr.
1805 4825 1910 4864 seu
1941 4812 2157 4864 declar.
2199 4810 2265 4862 25
2298 4812 2420 4861 iun.
2452 4811 2599 4862 1914.

478 4899 507 4937 ⁸
537 4897 598 4950 Β.
631 4898 697 4951 0.
740 4898 801 4952 Β.
836 4898 952 4951 off.
1003 4899 1182 4958 (sect.
1215 4898 1290 4953 de
1322 4899 1602 4963 Indulg.),
1641 4902 1709 4958 14
1739 4900 1857 4953 ian.
1894 4900 2040 4953 1909.

479 4989 509 5027 ⁴
542 4986 602 5040 8.
635 4986 702 5041 0.
739 4988 991 5050 Indulg..
1029 4987 1205 5040 Urbis
1237 4992 1298 5041 ee
1329 4988 1522 5049 ortu,
1552 4989 1620 5044 39
1648 4993 1797 5051 sept.
1828 4988 1978 5042 1852.

483 5077 511 5114 ⁸
549 5075 607 5129 Β.
646 5077 712 5130 Ο.
754 5077 813 5130 Β.
862 5077 978 5131 Off.
1026 5076 1205 5138 (sect.
1244 5079 1319 5132 de
1364 5079 1643 5142 Indulg.),
1682 5078 1838 5132 decr.
1878 5078 1945 5132 28
1980 5090 2108 5140 apr.
2147 5077 2295 5140 10143
2334 5076 2392 5130 8.
2436 5077 2503 5129 C.
2546 5076 2804 5140 Indulg„
2843 5078 2910 5131 19
2956 5078 3099 5130 mall
3139 5077 3286 5139 175oe

305 5166 481 5220 Urbis
514 5171 574 5220 et
611 5166 804 5226 orbis,
838 5168 906 5220 12
941 5170 1062 5222 iun.
1096 5169 1244 5232 1822
1276 5170 1544 5231 Attum..
1579 5170 1647 5223 w
1677 5170 1799 5222 lun.
1834 5168 1986 5230 lm.
2026 5166 2111 5222 ad
2144 5169 2194 5230 43
2228 5165 2622 5227 noemam„
2660 5168 2727 5220 15
2768 5167 2893 5221 dec.
2930 5168 3079 5227 1841,
3127 5168 3202 5219 ad
3241 5167 3287 5227 1:

305 5257 482 5309 ormo
514 5259 575 5308 ot
612 5255 812 5316 ortu,
841 5257 876 5310 ο
904 5260 1018 5311 oct.
1054 5257 1202 5319 187⁰:
1236 5255 1411 5310 Urbis
1442 5263 1502 5312 et
1541 5258 1734 5318 ortu,
1768 5259 1834 5310 11
1868 5259 2046 5310 mart.
2080 5255 2232 5310 lnoe.

486 5348 515 5386 ⁸
545 5345 900 5400 Benedictus
930 5347 1082 5409 m,
1117 5351 1304 5401 const.
1339 5363 1369 5398 ι
1405 5348 1753 5400 convocatu
1787 5363 1837 5408 ι»,
1868 5347 1939 5399 25
1977 5359 2109 5400 nov.
2152 5346 2301 5407 1749,
2334 5359 2392 5398 n.
2431 5346 2629 5410 nvn
2661 5359 2752 5408 ep.
2796 5348 3015 5409 encycl.
3055 5361 3085 5396 ι
3120 5344 3289 5396 Inter

305 5436 661 5497 mem-uos
694 5449 748 5498 r,
778 5436 813 5490 8
837 5437 961 5490 dee.
992 5436 1142 5499 1749,
1175 5436 1203 5499 Ι
1232 5437 1338 5499 8-7,
1369 5437 1453 5499 77,
1484 5438 1566 5500 78ς
1597 5436 1654 5491 S.
1691 5436 1757 5490 O.
1794 5437 1853 5490 8.
1891 5435 2006 5492 Off.
2050 5435 2229 5496 (Sect-
2262 5436 2337 5489 de
2369 5436 2649 5498 Indum),
2690 5435 2845 5488 decr.
2888 5435 2953 5488 23
2983 5446 3111 5495 apr.
3142 5433 3289 5494 1⁹14:
