3753 5871
631 355 744 416 666
1768 362 1966 414 σοαοο
2012 361 2173 413 [ιη-ιε
2211 363 2492 414 canonice

812 548 847 630 ξ
891 546 959 614 3.
1010 545 1526 616 Transmittat‘
1551 564 1839 633 qnoque
1888 548 2335 617 Ordinarins
2382 550 2952 636 descriptionem
3006 551 3307 620 formae
3376 551 3613 637 sigilli,

639 669 788 739 quo
821 656 1369 738 transumptum
1406 653 1847 740 obsignavit,
1884 656 2000 725 vel
2036 657 2360 726 eiusdem
2396 657 2628 744 sigilli
2660 659 3057 744 exemplar.

1923 855 2101 920 CAN.
2132 852 2328 920 2064.

811 993 1000 1060 Item
1034 992 1480 1062 Ordinarius
1519 993 1892 1077 expletum
1934 1012 2356 1077 processum
2396 994 2488 1064 de
2523 1012 2671 1064 non
2704 995 2915 1063 cultu
2948 994 3045 1064 ad
3084 994 3419 1063 Sacram
3456 995 3617 1063 Ocn-

636 1100 1134 1183 gregat'ionem
1176 1117 1309 1184 per
1346 1102 1875 1186 postulatorem
1922 1103 2414 1172 transmittat.

1898 1441 2157 1509 OAru'r
2201 1443 2308 1510 11.

977 1581 1088 1649 De
1128 1600 1392 1649 causae
1427 1584 1976 1652 introductione
2007 1587 2207 1670 apud
2240 1584 2547 1653 Sacram
2592 1583 3283 1669 Gonyroyationcm.

1448 1812 1614 1877 ΑΜ.
1659 1814 1711 1877 1.
1762 1847 1834 1861 -
1879 1815 1977 1877 De
2017 1817 2351 1879 revincam
2389 1816 2819 1897 scriptorum.

1912 2002 2088 2070 OAN.
2126 2002 2321 2069 2065.

814 2142 1087 2211 Statim
1132 2161 1221 2210 ac
1265 2145 1546 2228 scripta
1594 2144 1802 2213 Servi
1848 2146 1987 2213 Dei
2043 2144 2349 2213 Romam
2406 2147 2845 2213 transmissa
2897 2145 3211 2227 fuerint,
3266 2153 3467 2216 sunt
3508 2148 3621 2215 iun

640 2251 929 2337 quidem
956 2253 1277 2319 examini
1307 2252 1784 2336 subiicienda3
1814 2253 1941 2321 sed
1970 2253 2199 2322 Sacra
2226 2254 2720 2338 congregatio
2742 2253 2956 2322 debet
2982 2261 3427 2338 opportune
3450 2256 3620 2322 inve

638 2359 916 2445 stigare
952 2365 1228 2443 utrum,
1268 2366 1563 2445 praeter
1596 2362 1953 2445 exhibita,
1982 2363 2132 2429 alia
2165 2381 2451 2447 quoque
2483 2362 2692 2431 Servi
2724 2363 2864 2430 Dei
2893 2362 3175 2446 scripta
3211 2364 3385 2431 sive
3415 2382 3468 2431 a
3495 2365 3620 2449 pri·

628 2470 824 2537 vatis
845 2470 1218 2537 custodita
1242 2470 1395 2538 sive
1417 2472 1494 2537 in
1521 2471 1838 2553 publicis
1865 2471 2187 2538 archivis
2210 2472 2642 2548 consignata
2671 2476 2962 2540 exstent
3011 2468 3058 2536 ¹.

1907 2651 2084 2717 CAN.
2122 2648 2317 2717 2066.

811 2788 846 2872 5
893 2791 958 2856 1.
1008 2789 1395 2859 Revisores
1431 2792 1878 2874 scriptorum
1914 2792 1993 2860 in
2031 2791 2348 2876 singulis
2382 2793 2630 2861 causis
2665 2793 3092 2875 deligantur
3135 2809 3184 2859 a
3235 2792 3622 2861 cardinali

637 2894 990 2982 Ponente,
1034 2896 1293 2969 audito
1329 2898 1759 2969 Promotore
1799 2900 2127 2986 generali
2160 2900 2353 2987 fidei3
2395 2918 2791 2986 eorumque
2824 2900 3126 2970 nomina
3155 2908 3466 2971 secreto
3496 2920 3620 2969 ser·

634 3009 925 3073 ventur.

816 3115 851 3199 ξ
896 3115 964 3183 2.
1014 3116 1129 3183 Ad
1181 3117 1316 3185 hoc
1375 3135 1644 3185 munus
1700 3117 2218 3186 adsciscantur
2265 3117 2683 3187 sacerdotes
2730 3117 2860 3203 qui
2908 3107 3167 3184 laurea
3216 3118 3499 3187 saltem
3547 3120 3613 3186 in

635 3224 1008 3310 theologia
1041 3224 1181 3304 vel,
1218 3225 1282 3293 si
1328 3225 1653 3310 religiosi
1697 3226 2007 3309 fuerint,
2053 3226 2550 3309 aequivalenti
2588 3225 2814 3295 titulo
2850 3225 3002 3292 sint
3037 3224 3336 3293 donati.

1914 3404 2092 3498 QAN.
2128 3403 2323 3472 2067.

811 3543 846 3627 5
893 3546 958 3611 1.
1011 3544 1310 3629 Scripta
1347 3545 1557 3614 Servi
1594 3546 1734 3615 Dei
1768 3546 2171 3615 tradantur
2204 3565 2250 3614 a
2284 3547 2683 3616 secretario
2727 3546 3172 3616 revisoribus
3208 3546 3311 3614 ad
3365 3548 3447 3615 id
3490 3566 3616 3613 mu-

638 3671 780 3722 nus
813 3655 1122 3723 adscitis
1164 3655 1274 3723 ita
1320 3661 1404 3724 ut
1440 3655 1901 3740 singulorum
1939 3657 2387 3740 scriptorum
2423 3673 2727 3723 examen
2764 3653 2900 3723 flat
2933 3672 2982 3722 a
3014 3652 3311 3723 duobus
3364 3657 3613 3723 revise

638 3764 866 3846 ribus,
909 3782 1219 3849 quorum
1252 3764 1448 3833 alter
1474 3764 1696 3833 alteri
1725 3764 1827 3833 sit
1856 3765 2181 3849 ignotus.

811 3872 846 3956 ἦ
893 3872 960 3939 2.
1010 3872 1219 3939 Nihil
1256 3873 1527 3955 obstat,
1573 3872 1638 3941 si
1684 3873 2132 3958 scriptorum
2171 3873 2381 3941 Servi
2419 3873 2560 3942 Dei
2594 3889 2945 3940 numerus
2978 3870 3248 3955 ingens
3284 3872 3429 3956 sit,
3467 3890 3613 3959 qne

636 3982 882 4049 minus
921 3999 1010 4050 ea
1041 3982 1119 4048 in
1156 3982 1407 4065 plures
1440 3985 1691 4065 partes
1729 3980 2188 4062 dividantur,
2234 3997 2547 4066 quarum
2582 3997 3061 4065 unaquaeque
3094 3979 3500 4049 distinctis
3533 4000 3614 4047 re

635 4090 1003 4159 visoribus
1021 4090 1405 4159 tradatur.

1917 4215 2095 4283 om.
2125 4213 2321 4282 2068.

812 4357 846 4438 ξ
893 4359 958 4424 1.
1009 4357 1377 4424 Iudicium
1411 4359 1811 4426 revisorum
1838 4358 2054 4426 debet
2084 4358 2361 4425 referre
2394 4375 2569 4425 num
2604 4358 2684 4424 in
2713 4356 3015 4441 scriptis
3042 4355 3335 4440 aliquid
3372 4358 3613 4426 habes·

636 4471 765 4535 tur
797 4465 989 4550 qnod
1035 4465 1204 4534 fidei
1246 4484 1335 4533 ac
1371 4466 1580 4534 bonis
1623 4466 1952 4535 moribus
1986 4465 2445 4547 adversetur,
2483 4470 2560 4534 et
2594 4464 2898 4534 edocere
2931 4464 3265 4549 generali
3304 4466 3614 4551 quadan

637 4575 926 4642 ratione
970 4592 1328 4657 quaenam
1371 4575 1681 4657 indoles,
1722 4575 2021 4658 quinam
2057 4574 2422 4643 virtutum
2460 4574 2760 4642 habitus
2792 4572 2911 4641 vel
2944 4571 3286 4641 detectus
3320 4593 3423 4641 ex
3462 4574 3613 4642 scri·

637 4683 790 4768 ptis
822 4688 1235 4768 appareant
1274 4683 1577 4768 propria
1609 4684 1843 4752 fuisse
1885 4683 2093 4751 Servi
2137 4682 2300 4750 Dei.

813 4791 847 4874 ξ
894 4791 960 4858 2.
1012 4792 1172 4859 Hoc
1208 4791 1564 4859 iudicium
1604 4791 1962 4859 reviseres
2006 4791 2288 4876 scripto
2332 4790 2743 4875 proferant,
2783 4789 3248 4874 argumentis
3285 4794 3369 4860 et
3410 4791 3610 4859 ratio

638 4902 856 4969 nibus
883 4900 1297 4970 suffultum.

1924 5026 2104 5097 om.
2135 5026 2330 5095 2069.
2438 5107 2451 5122 q

641 5171 663 5181 ‘'
777 5168 892 5260 *Si
955 5171 1250 5252 quando
1314 5171 1592 5239 iudicia
1658 5171 2061 5240 revisorum
2127 5170 2572 5256 discrepent,
2642 5169 3072 5253 designetur
3126 5168 3226 5236 ad
3291 5185 3607 5239 normam

636 5292 801 5343 can.
846 5275 1018 5343 2066
1052 5278 1319 5345 tertius
1357 5280 1658 5361 revisor,
1706 5279 1833 5365 qui
1876 5297 2146 5346 munus
2181 5296 2394 5346 suum
2430 5277 2679 5347 eodem
2716 5277 2934 5347 modo
2965 5274 3291 5361 expleat.

817 5507 841 5543 ¹
880 5506 937 5559 Β.
971 5505 1040 5557 B.
1073 5507 1161 5565 O..
1193 5506 1345 5559 decr.
1383 5507 1449 5561 26
1491 5519 1624 5569 aug.
1666 5507 1811 5565 1913.
1859 5520 1917 5559 n.
1959 5508 2072 5560 111.
