3753 5871
1262 372 1440 425 Liber
1470 373 1774 424 secundus
1814 396 1836 410 ·
1869 371 1960 423 Do
2000 371 2277 423 Percosia
3158 367 3266 430 163

1559 578 1736 645 CAN.
1777 578 1932 644 561.

443 702 478 786 5
525 704 591 769 1.
642 703 794 770 Uni
829 701 1194 786 Magistro
1227 701 1347 768 ius
1379 707 1494 769 est
1536 705 1614 769 et
1648 700 1964 767 officium
2007 699 2440 767 consulendi
2477 700 2924 768 novitiorum
2960 700 3257 768 institu-

267 811 482 895 tioni,
519 812 615 879 ad
648 811 1038 896 ipsumque
1068 826 1292 876 unum
1326 808 1736 877 novitiatus
1765 809 2090 893 regimen
2119 813 2432 893 spectat,
2468 808 2580 877 ita
2611 813 2698 876 ut
2726 808 3002 876 nemini
3038 808 3260 876 liceat

268 918 469 986 bisce
518 936 619 1001 se,
686 919 944 1004 quovis
988 917 1258 1000 colore,
1310 917 1745 999 immiscere,
1799 917 2128 1001 exceptis
2191 916 2716 1002 Superioribus
2769 916 3035 1001 quibus
3083 916 3161 985 id
3214 934 3263 982 a

264 1026 927 1096 constitutionibus
967 1026 1434 1111 permittitur
1473 1045 1560 1093 ac
1603 1025 2163 1108 Visitatoribus;
2207 1025 2301 1092 ad
2355 1025 2826 1109 disciplinam
2880 1044 3055 1092 vero
3101 1026 3255 1091 uni·

266 1152 522 1202 versae
558 1135 822 1202 domus
863 1134 1056 1219 quod
1107 1135 1408 1211 attinet,
1457 1134 1841 1218 Magister,
1887 1133 2194 1218 perinde
2234 1151 2323 1201 ac
2376 1134 2665 1216 novitii,
2716 1132 3102 1218 Superiori
3147 1143 3261 1200 est

264 1241 626 1310 obnoxius
669 1241 719 1311 ¹.

446 1351 481 1435 ξ
525 1351 593 1418 2.
643 1352 992 1419 Novitius
1048 1351 1407 1436 potestati
1472 1350 1820 1434 Magistri
1872 1368 1961 1418 ac
2011 1347 2503 1434 'Superiorum
2563 1348 2945 1433 religionis
3012 1348 3262 1416 subest

267 1460 519 1544 eisque
552 1459 847 1528 obedire
878 1464 1178 1528 tenetur
1213 1458 1268 1525 ².

1536 1565 1740 1634 CAN.
1780 1564 1934 1633 562.

441 1692 670 1760 Gravi
700 1692 1151 1778 obligatione
1180 1693 1479 1760 tenetur
1504 1690 1863 1776 Magister
1889 1689 2338 1781 novitiorum
2365 1707 2650 1759 omnem
2673 1688 3071 1770 adhibendi
3097 1689 3260 1757 dili·

265 1801 592 1885 gentiam
631 1804 719 1869 ut
759 1800 880 1867 sui
915 1799 1201 1867 alumni
1246 1800 1326 1867 in
1365 1798 1710 1884 religiosa
1745 1798 2171 1882 disciplina,
2215 1772 2614 1866 secundum
2661 1798 3260 1876 constitutiones,

265 1907 526 1976 sedulo
565 1912 1072 1989 exerceantur,
1110 1907 1204 1974 ad
1242 1924 1576 1975 normam
1609 1924 1774 1974 can.
1812 1906 1944 1973 565
1983 1904 2036 1973 ⁸.

1563 2082 1743 2151 Cm.
1785 2081 1940 2150 563.

442 2208 660 2274 Intra
715 2223 993 2272 annum
1052 2204 1463 2273 novitiatus
1513 2203 1897 2289 Magister,
1945 2203 2043 2270 ad
2093 2219 2424 2269 normam
2470 2202 3116 2281 constitutionum,
3170 2199 3262 2268 de

263 2314 532 2401 agendi
560 2314 850 2382 ratione
878 2313 1339 2397 singulorum
1368 2313 1838 2379 alumnorum
1875 2311 2310 2380 relationem
2340 2310 2695 2395 Capitulo
2730 2311 2846 2377 vel
2877 2309 3261 2394 Superiori

265 2422 533 2490 maiori
567 2422 910 2490 exhibeat
950 2421 1002 2487 ⁴.

1567 2527 1745 2594 CAN.
1789 2526 1943 2594 564.

442 2651 476 2734 ξ
522 2655 588 2718 1.
639 2650 1070 2720 Novitiatus
1095 2648 1191 2717 ab
1220 2667 1307 2717 ea
1334 2652 1550 2734 parte
1576 2649 1864 2732 domus,
1895 2649 1977 2716 in
2006 2665 2153 2734 qua
2181 2648 2462 2732 degunt
2488 2649 2831 2734 professi,
2872 2650 2998 2733 sit,
3034 2667 3258 2734 quan·

263 2772 426 2829 tum
461 2758 622 2828 fieri
657 2762 929 2845 potest,
976 2761 1404 2842 segregatus
1447 2757 1558 2825 ita
1603 2761 1713 2839 ut,
1755 2757 1915 2825 sine
1958 2757 2264 2841 speciali
2297 2775 2528 2824 causa
2560 2775 2648 2825 ac
2686 2757 3109 2842 Superioris
3146 2757 3261 2825 vel

264 2867 612 2955 Magistri
649 2867 979 2949 licentia,
1017 2866 1283 2934 novitii
1325 2865 1607 2932 nullam
1646 2866 1967 2933 habeant
2001 2865 2737 2933 communicationem
2775 2883 2942 2932 cum
2984 2866 3256 2950 proies-

262 2977 393 3061 sis,
427 2994 660 3060 neque
697 2974 774 3041 hi
804 2991 970 3041 cum
1012 2974 1314 3042 novitiis
1359 2975 1411 3041 ³.

441 3084 475 3167 ξ
521 3084 588 3149 2.
636 3084 1032 3153 Conversis
1069 3093 1318 3152 autem
1358 3085 1662 3152 novitiis
1698 3084 1907 3152 locus
1949 3090 2339 3168 separatus
2376 3085 2835 3169 adsignetur.

1553 3262 1731 3329 CAN.
1782 3262 1936 3328 565.

441 3381 475 3465 5
523 3384 588 3448 1.
637 3383 904 3449 Annus
935 3381 1347 3450 novitiatus
1385 3379 1601 3450 debet
1631 3382 1768 3449 sub
1800 3381 2204 3467 disciplina
2235 3381 2582 3466 Magistri
2615 3383 2752 3450 hoc
2793 3383 3062 3451 habere
3095 3400 3257 3467 pro·

258 3490 613 3575 positum,
655 3492 742 3557 nt
767 3491 1214 3559 informetur
1250 3489 1535 3557 alumni
1565 3490 1860 3556 animus
1889 3490 2142 3558 studio
2173 3490 2471 3575 regulae
2503 3495 2581 3558 et
2609 3492 3257 3574 constitutionum,

258 3598 408 3683 piis
445 3597 1052 3666 meditationibus
1081 3598 1529 3684 assiduaque
1559 3617 1796 3682 prece,
1831 3598 1927 3664 iis
1956 3598 2461 3682 perdiscendis
2501 3617 2688 3684 quae
2717 3599 2812 3666 ad
2847 3605 3024 3667 vota
3056 3605 3131 3668 et
3163 3600 3259 3668 ad

257 3705 579 3773 virtutes
610 3706 1013 3790 pertinent,
1049 3706 1705 3775 exercitationibus
1746 3707 2190 3791 opportunis
2219 3707 2318 3774 ad
2358 3707 2711 3775 vitiorum
2746 3708 3028 3776 semina
3067 3708 3257 3775 radi·

261 3814 459 3881 citus
519 3814 1026 3899 exstirpanda,
1069 3815 1164 3882 ad
1210 3815 1774 3898 compescendos
1849 3814 2084 3881 animi
2160 3819 2430 3899 motus,
2480 3815 2575 3883 ad
2629 3814 2952 3883 virtutes
3013 3817 3258 3901 acqui·

263 3921 533 3988 rendas
560 3919 610 3988 ⁸.

441 4025 475 4108 ξ
520 4024 589 4093 2.
639 4027 993 4095 Conversi
1034 4032 1422 4113 praeterea
1454 4028 1854 4112 diligenter
1901 4028 1981 4095 in
2018 4029 2430 4097 christiana
2476 4030 2822 4098 doctrina
2860 4031 3256 4099 instituan-

262 4136 416 4218 tur,
452 4135 758 4220 speciali
787 4135 1185 4205 collatione
1217 4137 1313 4204 ad
1351 4156 1475 4205 eos
1514 4136 1771 4206 habita
1811 4138 2037 4206 semel
2069 4137 2331 4206 saltem
2373 4138 2454 4206 in
2486 4137 2943 4208 hebdomada
2984 4138 3034 4205 ⁷.

441 4380 462 4415 ¹
501 4379 770 4432 Clemens
801 4381 968 4439 VIII,
999 4383 1184 4433 const.
1218 4396 1250 4432 ι
1284 4380 1430 4431 Cum
1459 4383 1536 4431 αα
1563 4380 1895 4440 reputarem
1926 4397 1975 4441 ι,
2015 4383 2082 4435 19
2108 4386 2283 4434 mart.
2316 4383 2463 4441 1603,
2499 4383 2526 4443 5
2565 4385 2615 4444 ⁰:
2647 4383 2705 4435 S.
2738 4382 2803 4435 0.
2840 4384 2944 4443 Ep.
2986 4387 3049 4434 et
3086 4383 3253 4444 neg..

263 4469 522 4525 comen..
561 4469 627 4519 16
664 4473 838 4519 mart.
874 4470 1021 4530 1593,
1055 4470 1134 4521 ad
1164 4471 1214 4533 43
1255 4469 1313 4522 S.
1350 4469 1415 4521 C.
1449 4469 1537 4530 0.,
1569 4468 1725 4521 decr.
1767 4469 1834 4521 21
1867 4474 2016 4530 sept.
2051 4469 2199 4527 1⁰24,
2236 4470 2263 4530 5
2301 4474 2350 4521 1.

438 4557 466 4592 ²
501 4557 772 4609 Clemens
802 4558 970 4618 VIII,
1000 4562 1184 4610 const.
1226 4574 1258 4610 ι
1291 4558 1442 4609 Cum
1471 4561 1548 4609 ad
1577 4557 1911 4618 renutat-em
1937 4573 1988 4619 n,
2018 4559 2085 4611 19
2119 4561 2295 4611 mart.
2329 4556 2478 4618 1603,
2512 4560 2539 4620 5
2569 4562 2621 4621 9,
2657 4560 2740 4622 15;
2771 4560 2830 4612 S.
2867 4560 2931 4613 0.
2984 4561 3058 4620 7„
3098 4561 3254 4612 decr.

256 4646 324 4696 21
354 4647 504 4706 sept.
547 4646 696 4707 1624,
734 4646 761 4706 5
803 4647 853 4696 1.

434 4737 461 4772 ⁸
498 4736 769 4787 Clemens
804 4736 972 4795 VIII,
1013 4740 1198 4788 const.
1241 4751 1272 4787 α
1311 4735 1458 4787 oum
1497 4739 1573 4788 aa
1610 4737 1941 4796 reauzarem
1979 4752 2029 4798 n,
2075 4738 2144 4789 19
2179 4741 2351 4789 mart.
2395 4738 2541 4797 1603,
2588 4740 2612 4798 5
2661 4740 2711 4800 9;
2751 4737 2809 4791 S.
2850 4738 2915 4790 0.
2956 4739 3046 4799 0.,
3096 4738 3253 4791 decr.

256 4825 324 4876 21
364 4825 515 4883 sept.
560 4824 707 4884 1⁰24,
745 4824 772 4884 5
807 4825 857 4874 1.

433 4915 465 4951 ⁴
503 4913 563 4966 S.
598 4914 663 4966 0.
701 4925 878 4974 super
918 4913 1094 4966 Statu
1132 4914 1535 4976 Regularium,
1576 4914 1732 4965 decr.
1774 4930 1804 4965 ι
1841 4913 2127 4973 moulan
2173 4914 2520 4976 disciplinae
2557 4930 2606 4976 ι,
2644 4914 2709 4967 25
2747 4916 2866 4967 lan.
2916 4915 3065 4977 1848,
3106 4916 3257 4968 Pars

251 5001 532 5062 secunda,
563 5014 622 5053 n.
658 5002 740 5062 11,
784 5002 884 5054 IV.

432 5094 461 5129 ⁵
495 5090 765 5144 Clemens
795 5091 963 5153 VIII,
993 5102 1178 5144 const.
1213 5107 1245 5143 ι
1276 5091 1422 5142 cum
1455 5094 1532 5144 aa
1560 5091 1891 5153 remmom
1919 5106 1970 5153 ι,
2007 5094 2076 5145 w
2101 5095 2277 5145 mart.
2309 5093 2457 5153 1606,
2493 5093 2520 5154 5
2558 5094 2609 5154 8;
2641 5092 2698 5145 S.
2739 5092 2806 5146 0.
2848 5094 2955 5153 Ep.
2987 5098 3053 5145 et
3085 5093 3249 5156 Reg„

253 5179 622 5238 morentiae,
650 5180 719 5232 30
745 5181 888 5232 mall
924 5180 1072 5243 102oe
1109 5180 1168 5233 S.
1201 5180 1267 5234 0.
1299 5180 1387 5243 0.,
1419 5181 1575 5234 decr.
1615 5180 1681 5232 21
1711 5183 1859 5243 sept.
1891 5181 2039 5242 1624,
2074 5181 2101 5242 5
2138 5183 2190 5233 1.

435 5271 465 5307 ⁸
502 5269 771 5322 Clemens
796 5268 964 5330 VIII,
990 5273 1176 5323 const.
1205 5286 1236 5322 α
1262 5271 1409 5323 oum
1436 5272 1514 5322 aa
1536 5270 1867 5331 moulan-em
1890 5285 1940 5332 ο,
1971 5271 2041 5323 19
2061 5273 2236 5323 mart.
2263 5271 2412 5331 1603,
2443 5272 2470 5333 5
2502 5272 2640 5331 9-11.
2668 5272 2751 5333 15;
2783 5271 2841 5324 S.
2874 5271 2939 5324 0.
2973 5272 3061 5332 0.,
3095 5272 3251 5324 decr.

252 5358 320 5409 21
348 5361 498 5418 sept.
528 5357 677 5418 1624,
716 5359 743 5419 5
780 5360 831 5421 1:
860 5359 919 5411 S.
958 5358 1023 5411 0.
1056 5358 1130 5411 de
1157 5359 1493 5421 Religiosis,
1523 5359 1678 5412 decr.
1717 5362 1753 5412 1
1780 5360 1899 5411 lan.
1932 5361 2081 5411 1911.

426 5446 455 5485 ¹
502 5446 775 5498 Clemens
809 5447 978 5509 VIII,
1022 5452 1208 5500 const.
1255 5464 1287 5499 ι
1330 5448 1477 5499 oum
1511 5450 1590 5500 αα
1623 5448 1953 5509 manzerem
1990 5464 2041 5510 ι,
2077 5450 2144 5502 19
2185 5452 2360 5502 mart.
2397 5448 2544 5511 1603,
2584 5450 2611 5511 5
2646 5450 2729 5512 15;
2766 5449 2824 5502 S.
2862 5450 2927 5503 C.
2968 5450 3057 5510 0.,
3093 5450 3233 5502 decr

250 5535 318 5586 21
344 5538 495 5595 sept.
527 5535 675 5596 lm.
715 5536 831 5600 512
860 5537 918 5591 S.
959 5536 1025 5591 0.
1058 5537 1133 5589 de
1162 5537 1497 5601 Religionis,
1527 5538 1684 5591 decr.
1725 5539 1758 5591 1
1786 5539 1906 5589 lan.
1938 5539 2086 5590 1911.
