3753 5871
561 17 672 76 698
1701 16 1898 67 Oodeoe
1937 15 2098 66 luris
2147 15 2429 67 canonici

565 200 770 279 idque
806 218 886 263 eo
923 198 1212 262 consilio
1248 200 1374 262 flat
1406 203 1491 268 *ut
1530 200 1603 260 in
1641 197 1788 260 illis
1829 198 2221 261 difficilibus
2263 214 2489 261 rerum
2536 197 2885 260 adiunctis
2923 197 3198 274 integra
3250 200 3561 259 servetur

565 309 803 370 unitas
844 307 1313 385 auctoritatis,
1349 307 1645 369 actionis
1681 311 1753 370 et
1795 306 2221 369 directionis.

747 417 851 477 14.
892 450 910 461 ·
948 415 1021 477 Si
1054 415 1228 477 foris
1259 414 1625 478 violentiae
1653 418 1854 478 actus
1884 415 2059 476 fiant
2088 431 2168 476 ea
2200 417 2425 476 mente
2463 417 2547 476 ut
2576 413 3129 492 perturbationes
3170 410 3567 474 excitentur

570 528 779 601 atque
826 523 985 585 hinc
1037 526 1439 601 praetextus
1489 525 1855 584 sumantur
1910 522 1987 582 in
2040 521 2112 587 S.
2165 519 2515 583 Palatium
2566 520 2997 599 penetrandi,
3052 519 3121 582 S.
3179 518 3565 597 Collegium

566 630 989 694 necessarias
1020 628 1377 691 cautiones
1407 626 1783 706 adhibebit,
1816 645 1901 690 ac
1933 627 2018 690 de
2051 643 2125 689 re
2162 625 2701 705 Diplomaticum
2734 624 3019 688 Coetum
3053 626 3435 688 certiooem
3476 625 3565 686 fa-

567 739 726 817 ciet,
761 741 842 800 ut
880 735 1361 814 tranquillitas
1398 738 1850 814 componatur
1878 740 1952 798 et
1981 733 2474 798 Cardinalibus
2513 732 2931 796 restituatur
2970 732 3289 796 libertas.

751 845 854 906 15.
901 879 919 891 ·
965 843 1040 906 Si
1079 844 1237 922 quis
1272 847 1560 912 conetur
1596 841 2028 906 Bibliotheca
2065 842 2304 921 potiri,
2344 841 2671 920 Musaeis,
2713 841 3034 904 Archivis
3079 846 3213 904 aut
3259 841 3568 918 qualibet

566 953 711 1015 alia·
741 952 811 1015 S.
843 951 1103 1014 Palatii
1140 955 1363 1030 parte,
1402 948 1819 1013 claudantur
1849 955 2115 1029 portae,
2155 950 2431 1013 sinatur
2466 953 2546 1013 ut
2577 951 2979 1012 evertantur
3004 965 3112 1027 ac,
3143 949 3402 1011 debita
3432 966 3564 1027 pro-

569 1059 940 1123 testatione
980 1076 1025 1122 a
1061 1059 1421 1125 Cardine-li
1462 1057 1858 1121 Camerario
1898 1059 2170 1137 emissa,
2212 1057 2628 1120 solemnibus
2666 1056 2925 1126 litteris
2962 1056 3046 1120 de
3086 1074 3165 1120 re
3215 1055 3562 1135 Diplm

568 1167 749 1229 ticus
790 1166 1045 1230 Coetus
1076 1168 1333 1234 certior
1375 1166 1522 1230 flat.

751 1275 852 1336 16.
893 1309 910 1322 ·
945 1274 1235 1337 Debitae
1270 1273 1807 1352 protestationes
1839 1275 2105 1352 pariter
2133 1273 2433 1337 edantur
2465 1274 2524 1335 si
2556 1272 2713 1350 quis
2743 1275 3030 1336 conetur
3068 1271 3298 1334 armis
3334 1289 3567 1335 exuere

571 1385 641 1444 S.
682 1382 943 1444 Palatii
979 1383 1325 1458 excubias,
1364 1385 1573 1459 atque
1607 1398 1842 1444 earum
1878 1382 2031 1444 loco
2061 1381 2342 1444 italicos
2385 1380 2644 1444 milites
2680 1396 2950 1459 ponere.

752 1489 853 1549 17.
904 1522 924 1535 ·
968 1487 1218 1552 Omnes
1268 1488 1851 1568 Oongregationes
1911 1491 2058 1552 tum
2124 1488 2584 1568 particulares
2645 1485 2971 1566 Capitum
3035 1485 3368 1566 Ordinis,
3432 1503 3564 1550 cnm

567 1596 921 1675 generales
955 1595 1175 1658 totius
1208 1595 1277 1685 S.
1320 1595 1633 1676 Collegii,
1668 1596 1905 1659 haberi
1943 1597 2285 1659 debebunt
2318 1596 2394 1658 in
2423 1596 2702 1660 Palatio
2731 1596 3093 1659 Vaticano.

753 1704 854 1766 18.
900 1738 919 1750 ·
959 1702 1365 1768 Cardinales
1404 1705 1479 1766 in
1516 1708 1786 1768 coetum
1825 1702 2097 1767 collecti
2135 1708 2217 1768 ut
2253 1703 2545 1783 primam
2584 1702 3204 1782 Oongregationem
3245 1703 3562 1768 habeant.

569 1815 953 1889 opportune
994 1809 1363 1874 consulant
1404 1808 1729 1874 Conclavi
1765 1809 2193 1887 celebrando.

752 1919 855 1980 19.
903 1952 922 1964 ·
967 1917 1047 1981 S..
1085 1917 1490 1996 Collegium,
1533 1920 1827 1982 attentis
1871 1919 2041 1982 locis
2080 1936 2255 1997 quae
2292 1919 2366 1981 in
2409 1923 2734 1999 promptu
2773 1919 3062 1997 fuerint,
3115 1919 3565 1996 expensisque

568 2025 903 2088 adhibitis
943 2042 1080 2103 qno
1128 2025 1378 2096 minori
1420 2043 1743 2090 mensura
1794 2027 2121 2106 possibile
2167 2028 2329 2107 erit,
2383 2027 2471 2091 de
2509 2026 3103 2090 conclavistarum
3145 2026 3564 2089 admissione

572 2131 1006 2212 deliberabit,
1059 2150 1141 2196 ac
1193 2132 1399 2195 simul
1454 2135 1539 2197 de
1586 2151 1871 2197 numero
1925 2134 2525 2198 caeremoniarum
2576 2134 3089 2214 magistrorum,
3142 2132 3562 2197 famulorum

568 2239 994 2318 aliorumque
1026 2242 1143 2320 qui
1176 2242 1266 2305 ad
1308 2240 1644 2306 Conclave
1684 2243 1965 2305 admitti
2007 2244 2253 2305 solent.

732 2346 834 2409 20.
887 2382 906 2394 ·
962 2349 1186 2423 Quum
1229 2350 1616 2413 constituta
1655 2351 2051 2413 iuramenta
2093 2349 2165 2412 S.
2221 2349 2601 2430 Collegium
2643 2350 3141 2429 praestiturum
3187 2349 3361 2428 erit,
3413 2354 3562 2411 tunc

567 2454 794 2533 ipsum
828 2471 1062 2520 omnes
1101 2456 1637 2535 protestationes
1677 2456 1963 2521 iterabit
2001 2474 2048 2520 a
2077 2457 2403 2520 defuncto
2436 2457 2775 2521 Pontiflce
2812 2474 2942 2537 pro
2970 2456 3271 2536 iuribus,
3310 2456 3564 2537 legibu-

568 2567 639 2626 et
668 2563 866 2626 bonis
897 2562 967 2626 S.
1005 2563 1205 2627 Sedis
1232 2569 1307 2628 et
1337 2564 1687 2628 Ecclesiae
1714 2565 1996 2628 tuendis
2023 2565 2273 2644 editas,
2307 2565 2473 2644 quin
2513 2568 2743 2628 tamen
2777 2564 3059 2627 omittat
3085 2562 3174 2626 de
3215 2581 3295 2627 re
3337 2564 3560 2644 Diplo-

567 2669 894 2732 ma-ticum
940 2670 1225 2732 Ooetum
1261 2671 1619 2734 certiorem
1661 2671 1911 2736 facere.

731 2777 835 2839 21.
891 2813 909 2824 ·
971 2778 1333 2842 Pontificis
1379 2796 1566 2842 mors
1624 2783 1773 2842 tum
1822 2780 2213 2843 Pontificiis
2261 2780 2562 2860 Legatis,
2614 2796 2822 2859 quum
2875 2777 3407 2857 Cardinalibus,
3460 2779 3560 2857 qui

570 2884 826 2949 Romae
870 2902 1006 2948 non
1053 2885 1411 2950 adfuerint
1467 2886 1742 2966 quando
1795 2888 1946 2967 ipse
1991 2887 2315 2951 Pontifex
2372 2886 2569 2965 obiit,
2632 2886 2863 2950 subito
2909 2885 3372 2949 nunciabitur
3418 2889 3560 2950 teis

568 2997 972 3071 grammate,
1011 3010 1169 3071 quo,
1210 2997 1371 3072 post
1410 2994 1869 3074 significatam
1907 3000 2220 3073 mortem,
2261 2994 2682 3058 adiicientur
2716 2995 2881 3059 haec
2918 2994 3162 3058 verba:
3217 3014 3257 3054 α
3304 2994 3561 3070 nuqua

570 3112 694 3174 per
740 3099 1070 3175 epistolas
1110 3122 1170 3163 ».
1222 3102 1457 3165 Prima
1505 3101 2051 3182 Congregatione
2088 3103 2351 3181 habita,
2394 3083 2578 3167 idem*
2623 3103 2949 3166 nuncium
2989 3104 3248 3167 iterum
3289 3103 3564 3166 dabitur

570 3224 693 3285 per
727 3208 1238 3272 commendatas
1279 3210 1578 3287 litteras,
1620 3208 2004 3289 sigillisque
2044 3209 2373 3288 munitas,
2417 3213 2498 3273 ut
2533 3209 2776 3273 iisdem
2816 3211 3008 3273 locus
3044 3214 3116 3273 et
3162 3214 3450 3288 tempus
3487 3209 3560 3271 si·

568 3314 1006 3394 gnificentur,
1054 3317 1302 3394 quibus
1335 3316 1672 3380 conclave
1715 3317 2102 3381 habebitur.

731 3422 835 3491 22.
886 3458 904 3469 -
951 3425 1037 3484 In
1090 3424 1314 3501 prima
1354 3426 1904 3504 congregatione,
1950 3443 2153 3504 quam
2199 3425 2484 3489 Ordinis
2535 3425 2787 3505 Capita
2832 3443 2987 3489 cum
3031 3424 3405 3488 Cardinali
3446 3425 3558 3488 Oa·

574 3533 869 3594 merario
909 3532 1279 3607 habebunt,
1323 3550 1555 3596 omnes
1600 3533 2252 3596 communicationes
2291 3552 2375 3597 ex
2422 3550 2608 3597 more
2656 3534 2748 3596 ad
2785 3532 3135 3596 Gubernia
3173 3534 3563 3605 mittentur,

569 3638 753 3701 idest
789 3638 1159 3716 mittentur
1196 3639 1285 3702 ad
1324 3640 1554 3702 omnia
1601 3640 1975 3717 Gubernia,
2015 3640 2224 3705 etiam
2274 3642 2363 3705 ad
2402 3660 2486 3704 ea
2523 3641 2924 3719 quibuscum
2970 3640 3039 3702 S.
3089 3639 3307 3703 Sedes
3353 3640 3554 3719 diple

569 3746 861 3808 maticas
907 3747 1557 3809 communicationes
1623 3748 1809 3810 forte
1866 3764 2003 3810 non
2071 3748 2345 3828 habeat,
2385 3748 2518 3814 etsi
2577 3747 2706 3812 hae
2770 3747 3435 3811 communicationes
3469 3745 3558 3808 vel

568 3870 917 3931 nunquam
955 3854 1474 3918 intercesserint
1508 3856 1610 3918 vel
1658 3855 2094 3935 interruptae
2136 3857 2424 3935 fuerint,
2474 3856 2840 3920 dummodo
2872 3855 3038 3919 haec
3074 3854 3440 3919 Gubernia
3472 3871 3558 3916 re-

570 3960 849 4038 cognita
890 3960 1027 4023 iam
1064 3962 1208 4025 sint
1238 3980 1280 4024 a
1326 3961 1603 4025 Summo
1638 3963 1974 4027 Pontifice
2015 3964 2363 4027 defuncto.
2411 3963 2564 4026 Hac
2599 3964 2709 4025 via
2743 3966 2816 4027 et
2845 3962 3121 4026 ratione
3152 3962 3558 4041 impedietur

570 4067 936 4145 quominus
979 4069 1307 4131 nuncium
1351 4070 1438 4133 ab
1479 4070 1883 4149 Apostolica
1932 4070 2104 4134 Sede
2145 4071 2237 4134 iis
2276 4070 2592 4133 omnibus
2634 4069 3076 4148 Principibus
3118 4069 3354 4147 detur,
3403 4085 3555 4147 quos

569 4173 723 4252 ipsa
765 4192 945 4238 nuuc
981 4176 1165 4239 haud
1209 4177 1342 4241 rite
1375 4177 1747 4256 cognoscit.

737 4285 838 4346 23.
889 4320 906 4331 ·
951 4284 1122 4346 Cum
1160 4284 1332 4347 nihil
1377 4302 1420 4347 a
1457 4285 1527 4347 S.
1565 4284 1871 4365 Collegio
1912 4284 2150 4364 (veluti
2189 4302 2400 4364 supra
2442 4285 2531 4348 ad
2568 4284 2941 4348 articulum
2986 4285 3286 4362 primum
3331 4286 3554 4347 harum

571 4391 1120 4454 Instructionum
1166 4393 1621 4456 constitutum
1659 4394 1822 4472 fuit)
1870 4397 2159 4457 vacante
2193 4392 2596 4473 Apostolica
2634 4391 2807 4457 Sede
2849 4392 3322 4455 innovandum
3367 4394 3464 4455 sit
3490 4396 3552 4452 in

568 4517 648 4562 ea
682 4517 909 4561 rerum
943 4492 1359 4578 conditione,
1397 4518 1599 4578 quam
1635 4500 1958 4565 Pontifex
1990 4502 2289 4564 moriens
2324 4501 2630 4579 reliquit,
2665 4500 2861 4564 nullo
2891 4499 3090 4564 modo
3134 4517 3377 4564 eorum
3420 4499 3550 4562 Stu-

569 4609 765 4668 tuum
800 4608 1066 4686 legatos
1097 4608 1159 4670 ei
1199 4608 1508 4685 excipere
1540 4608 1651 4671 fas
1689 4609 1851 4687 erit,
1896 4610 2012 4687 qui
2054 4607 2539 4687 diplomaticus
2571 4607 2944 4672 relationes
2973 4624 3130 4670 cum
3168 4606 3552 4686 Apostolicn

573 4715 745 4779 Sede
776 4715 1228 4793 disruperint,
1272 4716 1402 4805 etsi
1436 4716 1505 4777 hi
1546 4715 1793 4780 Status
1821 4716 2045 4795 excipi
2079 4717 2267 4780 ultro
2301 4720 2565 4796 petant.

753 4823 855 4884 24.
915 4857 935 4865 -
975 4824 1304 4886 Defuncti
1356 4824 1715 4887 Pontificis
1754 4842 2006 4903 corpus
2047 4825 2561 4903 pontificalibus
2609 4824 2938 4902 vestime,
2990 4839 3127 4901 quo
3167 4824 3388 4887 citius
3425 4820 3552 4885 fieri

572 4934 824 5008 potest,
861 4931 1220 5009 induatur,
1258 4950 1340 4994 ac
1375 4930 1701 5010 privatim
1740 4932 1927 4995 sca-la
1964 4933 2281 5003 interiori
2316 4933 2406 4997 ad
2445 4930 2514 4995 S.
2554 4931 2747 4995 Petri
2795 4931 3171 4994 Basilicam
3216 4931 3555 4996 deferatur

570 5038 641 5099 in
676 5039 1095 5102 sanctissimi
1122 5040 1551 5103 sacramenti
1584 5040 1934 5103 sacellum.
1976 5041 2109 5119 Ibi,
2146 5039 2578 5104 absolutione
2613 5041 2804 5117 data,
2834 5044 3244 5119 exponetur,
3279 5044 3556 5120 quatuor
