3753 5871
410 338 611 379 xxvui
1561 320 1758 372 Οοᾶοο
1802 320 1966 372 lou-ts
2005 320 2287 372 comici

410 516 482 578 et
529 515 939 597 conquesta
982 473 1392 598 praecipue·
1421 515 1557 596 est,
1589 509 1790 598 quod
1841 516 2233 598 praecepta
2276 510 2417 580 hac
2464 511 2555 580 de
2602 532 2680 581 re
2727 511 2902 581 data
2950 511 3023 580 in
3072 512 3417 600 pluribus

409 651 869 721 dioecesibus
930 652 1510 741 neglegerentur.
1576 651 2024 740 Quanquam
2095 653 2468 724 fatendum
2537 673 2836 724 causam
2885 653 3246 724 eiusmodi
3295 653 3415 723 vel

409 768 893 882 ignorationis
925 760 1040 863 {rel
1086 793 1591 885 neglegentiae
1638 814 1908 883 magna
1941 814 2030 865 ex
2067 790 2273 882 part'e
2322 793 2549 865 fuisse
2593 800 2863 865 statum
2901 816 3072 884 quo,
3105 802 3188 866 ut
3234 795 3418 865 dixi·

414 956 600 1019 muS,
647 936 763 1005 ius
811 941 969 1008 erat
1015 936 1483 1007 canonicum.
2137 925 2145 933 ’

591 1077 754 1148 Huc
801 1077 1122 1168 denique
1167 1078 1372 1150 aliud
1418 1077 1701 1149 accedit
1746 1101 1899 1149 non
1964 1079 2272 1150 minoris
2337 1081 2713 1166 momenti,
2762 1081 2952 1152 idest
3012 1080 3417 1151 nonnullas

408 1219 605 1308 leges
651 1219 1207 1304 ecclesiasticas,
1243 1219 1453 1290 initio
1500 1219 2073 1310 prudentissime
2106 1219 2315 1306 lataS,
2350 1221 2655 1291 mutatis
2686 1242 2929 1292 rerum
2962 1226 3418 1310 temporum-

376 1332 566 1470 ‘que'
601 1362 1181 1448 condicionibus,
1213 1364 1448 1434 factas
1495 1362 1725 1433 fuisse
1757 1367 1890 1433 aut
1922 1364 2017 1433 ad
2048 1363 2601 1453 exsequendum
2637 1363 2968 1434 difficiles
3002 1370 3132 1435 aut
3164 1364 3414 1434 minus

404 1486 502 1573 ‘ad
551 1506 967 1576 animorum
1016 1507 1335 1578 salutem
1382 1506 1917 1578 conducibiles:
1966 1507 2412 1579 videbantur
2457 1506 2679 1598 igitur
2724 1506 3141 1579 necessario
3174 1529 3415 1579 emen·

409 1648 719 1733 dandae,
782 1648 1410 1736 quemadmodum
1459 1646 1808 1733 Ecclesia,
1840 1654 1926 1719 ut
1971 1655 2085 1719 est
2130 1648 2448 1727 societas
2495 1669 2627 1737 pro
2674 1647 3104 1719 hominibus
3150 1649 3416 1719 consti·

408 1796 590 1877 tuta,
622 1792 863 1862 facere
910 1792 983 1861 in
1035 1792 1279 1862 causis
1325 1792 1528 1864 haud
1575 1791 2062 1864 dissimilibus
2108 1793 2513 1864 consuevit.
2561 1792 2890 1879 Constat,
2922 1814 3035 1863 eit.
3067 1814 3192 1882 gr„
3227 1791 3410 1863 Con·

408 1934 657 2006 cilium
705 1935 1201 2005 Lateranense
1250 1934 1347 2003 IV
1394 1933 2007 2023 impedimentum
2055 1954 2145 2005 ex
2195 1934 2836 2025 consanguinitate
2895 1935 2970 2005 in
3033 1935 3227 2005 linea
3272 1934 3414 2005 col-

407 2076 689 2147 laterali
735 2075 1006 2146 idcirco
1056 2076 1152 2146 ad
1198 2080 1546 2165 quartum
1608 2074 2067 2147 contraxisse
2126 2075 2460 2166 gradum,
2507 2076 2683 2166 quia
2734 2105 2771 2140 «
2802 2081 2887 2146 in
2945 2078 3412 2147 ulterioribus

399 2219 753 2304 madibus
797 2220 953 2286 iam
1000 2238 1146 2286 non
1182 2219 1431 2303 potest,
1485 2218 1751 2304 absque
1808 2220 2027 2304 aravi
2087 2218 2487 2303 dispendio,
2530 2218 2921 2303 prohibitio
2977 2218 3412 2303 aenei-aliter

403 2358 764 2429 observari
796 2381 858 2443 »3
913 2364 991 2428 at
1038 2378 1231 2443 vero,
1280 2358 1540 2429 eadem
1589 2358 1680 2428 de
1727 2378 1976 2442 causa,
2023 2378 2175 2428 non
2239 2358 2478 2447 pauci,
2527 2358 2919 2447 postremis
2979 2358 3181 2428 hisce
3233 2363 3413 2427 tem·

405 2500 746 2590 poribus,
810 2500 1346 2590 opinabantur,
1409 2499 1772 2572 eiusmodi
1849 2499 2463 2591 impedimentum
2546 2501 2640 2571 ad
2717 2500 3013 2572 tertium
3095 2502 3407 2591 gradum

408 2644 743 2715 contrahi
805 2648 1165 2733 oportere.
1233 2643 1758 2715 Postulabatur
1817 2644 2069 2715 itidem
2132 2644 2465 2734 undique
2531 2650 2615 2715 ut
2682 2644 2955 2716 rectius
3023 2652 3245 2733 atque
3316 2645 3412 2715 ad

407 2794 736 2858 nostram
783 2793 1097 2859 aetatem
1132 2786 1766 2858 accommodatius
1811 2792 2398 2877 temperarentur
2428 2791 2587 2857 tum
2637 2787 2858 2877 leges,
2890 2807 3081 2875 quae
3116 2786 3411 2859 decreto

417 2932 725 3001 Tametsi
785 2935 1278 3017 accesserunt,
1324 2935 1483 3002 tum
1551 2952 1742 3020 quae
1805 2931 1897 3001 de
1952 2929 2233 3002 ieiunio
2292 2937 2366 3000 et
2426 2908 2878 3001 abstinentia
2924 2929 3292 3022 vigebant,
3339 2938 3413 3002 et

411 3076 514 3145 ita
561 3096 801 3165 porro.

593 3218 800 3304 Quae
870 3217 996 3307 qui
1068 3216 1319 3288 omnia
1368 3218 1856 3307 perpenderit,
1916 3217 2164 3288 mirari
2211 3219 2357 3288 iam
2430 3217 2745 3303 desinet,
2792 3238 3020 3308 quare
3090 3223 3163 3288 et
3229 3217 3413 3288 iuris

409 3359 744 3432 canonici
815 3360 1223 3431 cultoribus
1289 3366 1362 3432 et
1431 3359 1767 3450 plurimis
1837 3359 2180 3432 catholici
2249 3360 2456 3432 orbis
2488 3343 2491 3348 ⁶
2520 3360 2909 3450 Episcopis
2977 3360 3408 3431 iamdudum

408 3508 602 3575 esset
648 3525 1109 3593 persuasum,
1141 3505 1260 3575 ius
1290 3503 1729 3575 canonicum
1779 3523 1974 3574 nova
2019 3505 2341 3593 quadam
2390 3504 2676 3575 ratione
2723 3525 2887 3575 esse
2937 3504 3234 3574 tandem
3283 3504 3414 3575 ali-

409 3649 707 3737 quando
755 3648 1275 3728 ordinandum.

590 3790 1112 3862 Communium
1174 3796 1518 3862 votorum
1579 3791 2017 3880 interpretes
2079 3790 2606 3878 praestiterunt
2667 3811 2746 3861 se
2796 3791 3054 3862 Patres
3103 3790 3411 3862 Concilii

410 3932 760 4003 Vaticani.
810 3933 1156 4022 Episcopi
1204 3934 1428 4018 enim,
1472 3933 1644 4003 inde
1691 3934 1786 4002 ab
1835 3954 1955 4003 an.
1993 3932 2190 4018 1865,
2238 3953 2405 4003 cum
2454 3934 2549 4004 ad
2595 3932 2879 4004 litteras
2925 3932 3410 4005 rescriberent

407 4076 501 4145 ab
548 4075 979 4164 Apostolica
1009 4075 1199 4145 Sede
1247 4075 1338 4145 de
1375 4073 1703 4145 Concilio
1738 4073 2232 4146 Oecumenico
2262 4075 2544 4146 Romae
2577 4075 2921 4145 habendo
2954 4074 3189 4160 datas,
3222 4075 3414 4146 Pon-

406 4218 674 4288 tificem
745 4218 1145 4289 Maximum
1216 4222 1591 4307 rogarunt,
1664 4218 1883 4289 vellet
1950 4239 2127 4303 rem,
2198 4239 2389 4308 quae
2459 4223 2740 4288 tantam
2814 4218 3146 4307 paritura
3214 4223 3414 4289 esset

407 4361 778 4433 Ecclesiae
824 4360 1240 4447 utilitatem,
1288 4361 1793 4447 considerare;
1841 4362 2080 4450 deque
2126 4361 2407 4447 eadem,
2456 4381 2624 4433 cum
2673 4361 2748 4430 in
2799 4360 3204 4432 Concilium
3275 4360 3413 4432 coi-

408 4509 696 4589 verunt,
741 4504 1118 4594 postulata
1168 4504 1451 4575 deferre
1500 4503 1823 4575 cunctati
1855 4504 2076 4575 haud
2126 4509 2322 4574 sunt.

590 4648 811 4718 Primi
875 4648 966 4718 de
1030 4647 1261 4719 sacris
1321 4648 1732 4719 canonibus
1794 4648 1870 4717 in
1932 4668 2163 4719 unum
2228 4652 2397 4737 apte
2459 4648 2877 4739 redigendis
2938 4648 3413 4738 postularunt

408 4791 936 4880 Neapolitanae
987 4784 1298 4862 dicionis
1345 4790 1724 4881 Episcopi:
1779 4819 1816 4854 «
1848 4794 2128 4860 Novum
2170 4795 2367 4860 iuris
2409 4796 2740 4861 canonici
2777 4792 3049 4879 Corpus
3080 4795 3415 4880 conticere

407 4957 679 5007 necesse
722 4957 871 5005 esse
914 4937 1199 5016 videtur
1212 4960 1236 5018 ,·
1281 4956 1369 5004 ac
1413 4938 1522 5004 vet
1573 4939 1658 5004 in
1707 4937 1982 5020 primis
2040 4938 2282 5021 quoad
2340 4956 2750 5020 processum
2804 4956 3238 5004 causariam:
3284 4939 3414 5022 qui

409 5079 644 5163 vesanis
688 5098 776 5145 ac
818 5079 1057 5162 mauis
1101 5078 1500 5161 expeditior
1545 5078 1642 5145 sit
1677 5103 1736 5145 ».

541 5217 690 5286 Eos
751 5220 1201 5305 exceperunt
1262 5215 1558 5305 plurimi
1623 5237 1709 5286 ex
1770 5216 2175 5287 Galliarum
2224 5217 2645 5305 Episcopis:
2701 5245 2737 5280 «
2775 5220 3411 5289 Evidentissimum

407 5365 508 5431 est
553 5364 616 5430 et
661 5362 754 5430 ab
799 5362 1130 5431 omnibus
1171 5363 1464 5431 iamdiu
1509 5364 1841 5449 aynitum
1887 5366 1951 5430 et
1994 5362 2254 5449 ubique
2283 5363 2828 5446 conclamatum,
2860 5364 3054 5431 iuris
3082 5361 3415 5429 canonici

408 5508 742 5594 aliq-uam
787 5508 1211 5577 revisionem
1241 5511 1306 5575 et
1333 5508 1917 5593 reformationem
1950 5509 2435 5578 neeessariam
2461 5528 2612 5578 esse
2640 5507 2982 5591 valdeque
3011 5506 3416 5591 umentem,-
