3753 5871
580 262 691 319 580
1722 261 1920 312 0οᾶοο
1958 259 1989 309 1
1991 258 2119 310 um
2168 255 2449 310 canonici

1865 495 2044 563 CAN.
2094 493 2291 561 2146.

762 641 796 722 ξ
843 642 909 707 1.
958 641 1028 707 Α
1086 639 1469 707 definitivo
1516 639 1811 706 decreto
1865 636 2163 702 unicum
2225 635 2453 702 datur
2502 633 2692 700 iuris
2745 632 3181 713 remedium,
3235 630 3433 697 idest
3474 649 3553 696 re

582 766 848 816 cursus
878 749 974 814 ad
1011 748 1270 816 Sedem
1302 746 1807 831 Apostolicam
1860 743 1910 812 ¹.

762 855 797 938 ξ
843 855 909 922 2.
960 856 1124 936 Quo
1154 857 1233 922 in
1261 873 1438 921 casu
1469 856 1566 921 ad
1599 855 1952 923 Sanctam
1994 854 2253 922 sedem
2287 852 2537 920 omnia
2564 855 2736 919 acta
2773 868 3167 935 processus
3203 849 3559 917 transmit-
3654 886 3655 897 κ

711 961 760 1027 (1
1035 1010 1053 1029 .

586 972 711 1031 ten
760 983 811 1153 ζ
840 968 1335 1139 ἓῃίξεῃᾱεηῐε
1366 1090 1695 1153 recursu,
1730 1068 2177 1136 Ordinarius
2213 1068 2628 1153 paroeciam
2659 1067 2775 1134 vel
2803 1065 3247 1134 beneficium
3279 1082 3431 1149 quo
3450 1065 3561 1132 cle—
3654 1056 3655 1093 ³

583 1179 786 1273 ricus
829 1179 1170 1264 privatus
1214 1179 1339 1258 sit,
1377 1180 1510 1246 alii
1549 1179 1921 1252 stabiliter
1954 1178 2292 1245 conferre
2325 1177 2569 1244 valide
2610 1178 2887 1261 nequit.

1692 1567 2119 1637 'PITULUS
2168 1568 2465 1634 XXVII.

810 1714 912 1781 De
959 1713 1167 1781 modo
1213 1711 1636 1799 procedendi
1682 1712 1758 1778 in
1809 1712 2203 1780 remotione
2248 1710 2721 1796 parochorum
2767 1709 3375 1776 inamovibilium.

1859 1941 2037 2007 CAN.
2085 1939 2281 2006 2147.

762 2085 797 2168 ξ
844 2088 911 2151 1.
960 2085 1341 2153 Parochus
1374 2084 1872 2151 inamovibilis
1897 2103 1944 2151 a
1969 2102 2106 2150 sua
2133 2083 2476 2168 paroecia
2510 2084 2834 2150 amoveri
2861 2086 3111 2167 potest
3136 2083 3237 2149 ob
3264 2100 3575 2149 causam,

588 2213 774 2279 quae
811 2194 1049 2279 ipsius
1095 2193 1616 2269 ministerium,
1655 2193 1880 2259 etiam
1919 2193 2116 2259 citra
2149 2209 2446 2277 gravem
2484 2210 2693 2258 suam
2734 2192 3055 2275 culpam,
3110 2193 3438 2258 noxium
3474 2198 3577 2257 aut

585 2302 847 2368 saltem
893 2301 1225 2400 inefficax
1272 2301 1516 2368 reddit
1557 2299 1608 2363 ².

762 2410 795 2492 §
842 2409 911 2476 2.
960 2409 1125 2477 Hae
1157 2427 1426 2477 causae
1471 2413 1650 2477 sunt
1688 2409 2124 2493 praesertim
2163 2425 2350 2492 quae
2386 2411 2841 2491 sequuntur:

845 2520 943 2583 1.⁹
988 2517 1380 2601 Imperitia
1422 2517 1538 2584 vel
1578 2534 2017 2601 permanens
2065 2516 2464 2583 infirmitas
2501 2514 2771 2583 mentis
2808 2518 2946 2582 aut
2983 2515 3366 2598 corporis,
3422 2534 3583 2600 quae

587 2626 989 2710 parochum
1032 2626 1188 2691 suis
1228 2624 1656 2692 muneribus
1695 2624 1838 2691 rite
1879 2624 2236 2695 obeundis
2272 2624 2630 2707 imparem
2672 2623 2941 2705 reddit,
2988 2623 3079 2705 si,
3132 2622 3434 2691 iudicio
3472 2625 3578 2689 Or-

586 2733 890 2815 dinarii,
949 2752 1081 2818 per
1125 2733 1484 2800 vicarium
1529 2732 1946 2799 adiutorem
1991 2732 2180 2799 bono
2234 2732 2651 2797 animarum
2699 2730 3071 2815 provideri
3126 2736 3470 2814 nequeat
3506 2730 3579 2797 nd

588 2858 919 2907 normam
963 2854 1126 2907 can.
1168 2839 1319 2924 4753

843 2948 942 3014 2?
987 2949 1257 3016 Odium
1300 2948 1560 3033 plebis,
1605 2948 1938 3033 quamvis
1986 2949 2348 3015 iniustum
2388 2953 2463 3016 et
2514 2966 2663 3014 non
2706 2946 3145 3028 universale,
3192 2946 3579 3014 dummodo
3654 2983 3655 2996 κ

585 3057 737 3124 tale
774 3057 900 3140 sit,
949 3057 1143 3141 quod
1183 3057 1367 3124 utile
1402 3056 1705 3141 parochi
1742 3056 2238 3123 ministerium
2275 3055 2657 3140 impediat,
2698 3074 2829 3123 nec
2872 3055 3072 3122 brevi
3116 3060 3574 3122 cessaturum

584 3163 1128 3248 praevideatur3
1545 3189 1548 3192 ¹

842 3272 942 3338 3.⁰
987 3272 1240 3340 Bonae
1272 3271 1846 3339 existimationis
1876 3272 2180 3340 amissio
2209 3290 2431 3356 penes
2469 3271 2737 3356 probos
2768 3276 2843 3338 et
2881 3289 3143 3353 graves
3172 3271 3411 3354 viros,
3448 3271 3578 3336 sive
3654 3333 3655 3338 ,

583 3379 762 3447 haec
798 3380 1091 3447 oriatur
1121 3399 1209 3447 ex
1240 3380 1383 3447 levi
1414 3380 1706 3447 vivendi
1738 3379 2028 3447 ratione
2057 3379 2386 3464 parochi.
2424 3378 2578 3446 sive
2615 3398 2704 3446 ex
2735 3377 3046 3463 antiquo
3075 3378 3237 3445 eius
3279 3380 3580 3446 erimine

589 3488 782 3572 quod
825 3506 1062 3572 nuper
1110 3488 1477 3555 detectum
1524 3487 1895 3554 eximatur
1936 3488 2086 3553 iam
2131 3505 2369 3572 poena
2422 3486 2512 3554 ob
2554 3486 3240 3571 praescriptionem,
3294 3488 3460 3555 sive
3509 3504 3577 3553 ex
3654 3521 3655 3554 z

585 3595 791 3662 facto
814 3594 1302 3660 familiarium
1334 3598 1408 3662 et
1442 3594 2158 3676 consanguineorum
2190 3593 2623 3678 quibuscum
2652 3594 3020 3677 parochus
3056 3593 3242 3661 vivit
3280 3595 3437 3662 nisi
3468 3613 3582 3679 per

585 3721 838 3770 eorum
873 3703 1276 3769 discessum
1312 3701 1546 3769 bonae
1590 3701 1895 3784 parochi
1931 3701 2175 3768 famae
2213 3701 2314 3768 sit
2350 3700 2536 3768 satis
2581 3700 2979 3785 provisum;

845 3811 943 3875 4.⁰
988 3809 1380 3876 Probabile
1424 3808 1703 3876 crimen
1743 3809 2140 3892 occultum,
2181 3809 2505 3893 parocho
2539 3809 3017 3893 imputatum,
3058 3828 3145 3876 ex
3186 3827 3341 3893 quo
3381 3811 3581 3878 Ordi-

587 3918 847 3984 narius
905 3919 1311 4002 prudenter
1358 3916 1742 4002 praevidet
1797 3935 2141 4002 magnam
2187 3918 2268 3984 in
2320 3920 2696 4001 posterum
2749 3916 2934 3984 oriri
2994 3935 3208 4001 posoe
3258 3916 3579 3986 fidelium

583 4024 1081 4108 offensionem3

845 4134 944 4200 5.⁰
990 4134 1192 4200 Mala
1226 4153 1470 4201 rerum
1497 4133 2018 4218 temporalium
2051 4133 2610 4201 administratio
2636 4151 2801 4200 cum
2830 4133 3041 4218 gravi
3066 4132 3433 4201 ecclesiae
3466 4143 3581 4200 ant

584 4240 917 4309 beneficii
957 4242 1252 4325 damno,
1308 4242 1594 4326 quoties
1635 4241 1806 4308 huic
1847 4242 2044 4309 malo
2087 4241 2486 4309 remedium
2527 4240 2783 4328 afferri
2823 4242 3143 4325 nequeat
3186 4241 3344 4308 sive
3390 4243 3581 4308 aufe
3654 4267 3655 4330 γ

586 4348 815 4417 rendo
847 4349 1570 4417 administrationem
1606 4349 1953 4433 parocho,
1992 4350 2145 4416 sive
2180 4349 2334 4417 alio
2375 4349 2615 4424 modo,
2666 4351 2999 4435 quamvis
3034 4349 3344 4418 aliunde
3382 4368 3583 4436 paro·

580 4457 764 4524 chus
803 4457 1199 4542 spirituale
1234 4457 1729 4526 ministerium
1769 4457 2062 4525 utiliter
2099 4463 2434 4526 exerceat
2482 4453 2534 4520 ³.

769 4707 791 4743 ¹
830 4708 1185 4761 Benedictus
1216 4710 1368 4769 XIV,
1403 4711 1587 4761 const.
1624 4724 1655 4759 α
1698 4709 1788 4758 Ad
1823 4708 2142 4760 militantia
2177 4725 2225 4768 ιι,
2264 4709 2331 4761 30
2362 4714 2537 4761 mart.
2584 4709 2732 4769 1742,
2771 4710 2798 4771 2
2836 4709 2916 4772 23;
2953 4708 3011 4763 S.
3043 4710 3109 4763 c.
3142 4710 3233 4772 0.,
3272 4708 3583 4771 Samen..

585 4800 650 4850 21
679 4799 801 4849 iun.
834 4799 982 4852 1623.

757 4896 781 4929 ²
827 4890 892 4942 Ο.
927 4890 1009 4948 38,
1042 4891 1106 4941 O.
1139 4891 1290 4949 XVI,
1329 4903 1383 4951 q.
1416 4890 1465 4951 7;
1491 4890 1664 4942 Oonc.
1695 4890 1984 4950 Trident„
2017 4902 2160 4941 sese.
2193 4890 2340 4949 XXI,
2381 4892 2453 4941 de
2482 4890 2619 4950 ref„
2649 4902 2698 4942 c.
2732 4891 2781 4952 ὃς
2813 4891 3170 4942 Benedictus
3199 4891 3359 4950 xlv.
3400 4893 3579 4942 const

588 4996 619 5031 α
647 4981 736 5031 Λα
765 4980 1082 5030 militantis
1119 4995 1168 5039 n,
1201 4981 1266 5032 30
1294 4984 1468 5032 mart.
1502 4980 1649 5042 1742,
1683 4982 1711 5041 8
1741 4980 1822 5042 123
1861 4979 1920 5033 S.
1953 4980 2018 5032 C.
2054 4980 2333 5041 Consist.,
2364 4980 2520 5032 decr.
2554 4995 2583 5031 «
2613 4978 2875 5030 Mamm
2906 4991 3048 5030 euro
3087 4995 3138 5042 ι,
3171 4980 3239 5033 w
3267 4992 3413 5043 aug.
3446 4981 3585 5034 1810:

587 5071 645 5122 S.
678 5071 743 5121 Ο.
777 5070 863 5130 0.,
901 5069 1176 5128 Pharon„
1209 5071 1272 5120 14
1304 5070 1448 5120 mall
1486 5069 1633 5122 1359.

763 5166 787 5201 ³
828 5161 891 5214 C.
931 5163 981 5221 4,
1019 5162 1085 5223 X,
1124 5162 1194 5211 de
1231 5161 1442 5212 clerico
1479 5163 1823 5221 aeorotante
1868 5161 1961 5210 vel
1998 5159 2327 5219 debilitato,
2365 5161 2481 5221 111,
2526 5161 2577 5221 ὃς
2614 5161 2968 5213 Benedictus
3001 5162 3154 5223 xlv,
3190 5167 3385 5214 const.
3425 5178 3457 5212 ι
3500 5161 3582 5209 Ad

589 5251 906 5302 militantis
947 5267 997 5313 x»,
1036 5252 1102 5303 30
1142 5255 1317 5304 mart.
1368 5251 1516 5311 1742,
1559 5252 1585 5313 5
1624 5251 1708 5311 12,
1742 5251 1821 5312 25;
1862 5251 1922 5302 S.
1955 5251 2020 5302 G.
2056 5252 2162 5312 Ep.
2202 5254 2263 5303 et
2314 5251 2477 5313 neg„
2518 5250 2745 5309 Athen„
2785 5252 2851 5302 15
2897 5256 3010 5304 oct.
3054 5253 3207 5312 1601:
3245 5252 3580 5303 Novem.

582 5343 651 5394 12
672 5343 792 5392 ian.
820 5341 966 5402 1604:
993 5342 1323 5400 Tiburtina,
1352 5343 1416 5394 20
1445 5344 1565 5393 iun.
1601 5341 1748 5404 1831;
1771 5342 2100 5399 Lubtinen„
2126 5342 2160 5395 8
2191 5344 2365 5393 mart.
2395 5341 2541 5403 189&
2569 5341 2626 5392 S.
2659 5341 2725 5392 Ο.
2758 5341 3036 5401 Consist„
3063 5341 3223 5393 decr.
3254 5358 3286 5392 ι
3320 5340 3575 5391 Uest-c
3654 5361 3655 5364 ¹

586 5441 728 5481 cura
765 5447 815 5492 ιι,
849 5432 914 5482 2ο
946 5443 1078 5492 aug.
1124 5433 1270 5492 1910,
1305 5445 1433 5483 can.
1467 5434 1516 5493 1;
1549 5433 1608 5484 S.
1641 5433 1706 5485 C.
1740 5433 1828 5492 C..
1863 5433 2230 5490 Placentina,
2263 5432 2331 5482 22
2370 5445 2524 5491 nov..
2559 5432 2594 5483 6
2624 5431 2746 5482 dec.
2792 5431 2939 5494 17273
2972 5431 3318 5490 Emeum..
3356 5433 3424 5484 21
3457 5431 3574 5482 iul..
