3753 5871
593 263 703 322 754

1079 254 1357 312 Par-Par

1729 240 1926 291 code-v
1953 237 1986 288 1
1987 236 2116 288 eru
2154 229 2436 285 onnoatot

2815 223 3095 281 Par-Par

594 314 3545 370 ..—--.---—--—-————-——————-—--

599 442 877 512 [raram]
892 456 906 492 ε

719 523 928 577 habeat
955 508 2047 587 paroeciam,4oe31,etinunaparoe-

721 605 813 656 cia
849 614 1002 654 unus
1045 595 1323 664 parochus
1358 588 1763 647 constituatur,
1795 583 1893 637 «im
1928 581 1962 648 5
1981 580 2040 643 23

720 699 757 736 a
786 694 901 749 quo
934 677 1216 732 momento
1246 672 1470 725 obtinet
1500 681 1693 721 curam
1723 663 2044 718 animarum

722 763 844 825 461;
883 758 1204 812 functiones
1240 751 1485 820 parocho
1520 747 1840 801 reservatae
1875 754 2043 809 quae,

723 843 838 904 ⁴62.
869 837 1208 907 78851,848
1237 832 1485 903 51,850;
1519 830 1646 883 eius
1677 824 1870 884 iusad
1892 835 2048 889 prae-

725 922 1004 976 stationes
1034 917 1324 986 legitimas
1350 910 1442 966 vel
1472 909 1794 967 consuetas,
1814 905 1914 958 463
1932 902 1965 970 5
1988 904 2043 966 1;

726 1002 939 1070 quibus
969 999 1207 1052 maiores
1237 993 1465 1061 exigere
1487 987 1708 1055 nequit,
1739 987 1836 1040 463
1855 984 1956 1051 58,
1989 984 2048 1036 et

726 1096 873 1151 quae
896 1080 1005 1148 ipsi
1025 1077 1257 1138 cedunt,
1281 1073 1393 1127 etsi
1421 1072 1569 1124 alter
1599 1065 1914 1136 paroeciaie
1933 1063 2050 1117 oili-

727 1166 876 1219 cium
918 1159 1246 1226 expleverit,
1289 1155 1421 1216 nisi,
1462 1154 1592 1213 etc„
1632 1149 1728 1203 463
1757 1147 1790 1215 5
1811 1150 1870 1212 8;
1914 1159 2050 1212 pau-

731 1246 959 1314 peribus
1012 1254 1145 1294 vero
1190 1236 1506 1305 gratuitum
1545 1229 1925 1285 ministerium
1976 1238 2051 1278 ne

728 1325 990 1392 deneget,
1033 1322 1130 1375 468
1176 1319 1209 1386 5
1240 1320 1297 1381 4»;
1347 1316 1582 1384 quinam
1628 1309 1874 1379 parocho
1924 1306 2054 1359 sub-

729 1407 959 1465 dantur,
1006 1401 1104 1455 464
1147 1399 1179 1466 5
1219 1399 1266 1460 1,
1312 1399 1371 1449 et
1411 1409 1486 1447 an
1529 1392 1833 1459 Episcopus
1873 1386 2054 1454 possit

731 1487 953 1552 aliquos
983 1481 1247 1541 eximere,
1268 1477 1366 1531 464
1385 1475 1418 1543 5
1438 1474 1497 1538 2;
1520 1487 1558 1525 a
1577 1472 1700 1524 iure
1730 1468 2055 1534 exemptum

732 1567 822 1620 est
868 1563 1264 1622 Seminarium,
1303 1559 1363 1610 in
1400 1568 1516 1623 quo
1561 1550 1792 1621 parochi
1834 1547 2053 1609 munia,

733 1646 969 1713 excepta
1009 1657 1070 1696 re
1112 1635 1527 1698 matrimoniali,
1572 1633 1693 1688 obit
1739 1633 1923 1683 rector
1965 1625 2055 1678 vel

733 1728 861 1782 eius
891 1723 1209 1791 delegatus,
1245 1719 1385 1774 1868.

609 1839 672 1851 --
701 1805 1102 1874 obligationes:
1140 1796 1439 1854 emittendi
1480 1792 1885 1862 professionem
1924 1785 2056 1840 fidei

734 1891 793 1942 et
823 1886 1072 1954 quando,
1103 1883 1225 1946 ⁴613
1257 1875 1539 1931 residendi
1574 1873 1636 1926 in
1668 1870 1836 1925 domo
1868 1880 2060 1936 paroe-

734 1967 883 2024 ciali.
934 1965 1032 2018 465
1079 1963 1182 2030 51,
1225 1958 1479 2026 exceptis
1519 1954 1741 2007 duobus
1786 1950 1857 2002 ad
1908 1961 2057 2001 sum·

738 2063 890 2101 mum
940 2043 1231 2098 mensibus
1278 2036 1612 2097 vacationis,
1646 2031 1780 2091 nisi,
1812 2032 1942 2092 etc„
1963 2027 2060 2080 465

737 2129 770 2197 5
792 2131 843 2192 2,
874 2129 934 2181 et
975 2122 1177 2178 diebus
1210 2121 1424 2189 quibus
1464 2117 1627 2169 vacat
1658 2108 2060 2178 spiritualibus

738 2205 1049 2265 exercitiis,
1080 2203 1177 2256 465
1206 2202 1239 2268 5
1259 2203 1318 2262 33
1353 2197 1494 2264 quid
1525 2195 1597 2247 de
1621 2190 1868 2260 parocho
1898 2203 1934 2241 a
1965 2201 2061 2254 pae

740 2287 928 2341 roscia
946 2284 1216 2344 abeunte,
1239 2279 1335 2333 465
1363 2277 1431 2346 55
1451 2276 1562 2337 4-6;
1585 2269 1911 2340 applicandi
1934 2267 2062 2320 Mis·

740 2382 862 2421 sam
900 2380 1000 2434 pro
1029 2360 1262 2431 populo,
1303 2360 1400 2412 466
1432 2355 1584 2419 (vide
1624 2355 1792 2406 lissa
1818 2363 1934 2417 pro
1963 2362 2064 2415 po-

736 2449 926 2517 pulo„
953 2440 1279 2499 celebrandi
1310 2437 1495 2492 officia
1523 2435 1737 2495 divina,
1758 2443 1896 2483 oves
1926 2441 2063 2481 suas

741 2525 1137 2595 cognoscendi,
1157 2524 1286 2583 etc..
1302 2518 1396 2572 467
1417 2518 1450 2586 5
1469 2517 1516 2580 1,
1532 2529 1600 2568 ac
1621 2510 1950 2581 praesertim
1969 2506 2066 2560 ad-

742 2605 1098 2662 ministrandi
1133 2599 1497 2656 Sacramenta
1528 2597 1587 2648 et
1616 2591 1878 2653 curandi,
1908 2587 2060 2655 quod

741 2688 954 2743 attinet
988 2684 1062 2738 ad
1099 2682 1467 2749 baptismum:
1497 2675 1562 2728 ut
1591 2673 1845 2726 infantes
1871 2680 2065 2736 quam·

744 2769 983 2836 primum
1016 2763 1377 2830 baptizentur
1406 2760 1465 2812 et
1484 2758 1556 2810 de
1583 2754 1690 2807 hac
1719 2750 2067 2819 obligatione

743 2847 938 2903 fideles
981 2843 1266 2904 monendi,
1301 2840 1421 2902 77ος
1463 2840 1528 2890 ut
1565 2834 1778 2895 fideles,
1817 2842 2069 2899 praesen

745 2930 848 2983 tim
903 2925 1250 2984 obstetrices,
1300 2918 1524 2979 medici,
1578 2917 1685 2970 etc.
1702 2954 1716 2976 ,
1767 2909 2067 2966 addiscant

745 3012 963 3065 rectum
996 3001 1320 3072 baptizandi
1358 2998 1607 3059 modum,
1637 2995 1758 3056 71³3
1794 2994 1859 3044 ut
1893 2988 2070 3055 bapti·

745 3089 943 3144 zandis
959 3085 1335 3141 christianum
1357 3092 1562 3133 nomen
1583 3074 1929 3142 imponatur,
1943 3068 2065 3132 7613

745 3172 819 3226 ad
860 3165 1366 3222 confirmationem:
1406 3162 1475 3213 ut
1519 3155 1717 3210 fideles
1752 3153 2069 3220 opportuno

732 3255 998 3316 ⁴tempore
1029 3247 1101 3299 ad
1133 3258 1259 3298 eam
1291 3240 1582 3300 accedant,
1603 3235 1724 3298 7873
1747 3233 1821 3286 ad
1857 3229 2070 3283 Eucha-

746 3332 996 3385 ristiam:
1034 3329 1100 3380 ut
1133 3338 1235 3377 nec
1275 3321 1439 3390 pueri
1480 3314 1803 3383 indispositi
1838 3310 1915 3365 ad
1946 3322 2070 3364 eam

744 3411 1035 3470 accedant,
1077 3419 1181 3459 nec
1212 3400 1477 3468 dispositi
1508 3397 1582 3451 ab
1618 3411 1689 3449 ea
1720 3391 2070 3451 abstineant,

745 3492 845 3546 854·
879 3490 990 3557 553
1027 3489 1094 3541 ut
1126 3483 1322 3537 fideles
1356 3479 1701 3546 frequenter,
1734 3474 1906 3527 etiam
1937 3482 2072 3538 quo-

748 3571 910 3633 tidie,
943 3569 1017 3621 ad
1049 3579 1172 3619 eam
1203 3560 1490 3620 accedant,
1519 3558 1642 3619 &533
1675 3555 1749 3609 ad
1780 3552 2073 3620 poeniten-

749 3653 914 3706 tiam:
936 3651 1000 3701 ut
1020 3644 1233 3705 fideles,
1252 3641 1352 3709 qui
1369 3638 1553 3693 velint
1571 3634 1797 3703 peccata
1816 3645 1925 3685 sua
1943 3644 2074 3682 con-

750 3731 918 3792 fiteri,
962 3742 1091 3780 eum
1127 3724 1354 3792 praesto
1390 3718 1661 3779 habeant,
1704 3712 1802 3769 sm
1832 3712 1865 3780 5
1902 3712 1956 3774 1;
2000 3708 2075 3762 ad

751 3814 1061 3866 extremam
1105 3805 1464 3859 unctionem:
1507 3800 1574 3851 ut
1611 3795 1807 3849 iideles
1841 3793 1970 3846 sine
2006 3803 2077 3843 ea

751 3906 866 3946 non
890 3888 1182 3949 decedant,
1207 3885 1303 3938 468
1321 3884 1354 3950 5
1377 3885 1424 3945 1,
1452 3880 1569 3942 939,
1590 3878 1687 3929 514
1705 3876 1739 3941 5
1755 3878 1813 3938 83
1837 3873 1912 3927 ad
1933 3870 2078 3924 ordi-

753 3986 911 4027 nem:
945 3971 1012 4022 ut
1043 3964 1419 4035 praescriptae
1457 3974 1557 4027 pro
1588 3955 1949 4009 ordinatione
1979 3966 2079 4019 pu-

753 4053 1086 4107 blicationes
1107 4049 1217 4100 rite
1250 4046 1411 4106 fiant,
1434 4042 1550 4103 998,
1572 4041 1630 4092 et
1661 4037 1889 4090 litterae
1919 4033 2079 4086 testi-

756 4133 1030 4189 moniales
1063 4130 1133 4183 de
1164 4123 1467 4181 ordinandi
1499 4119 1753 4174 moribus
1784 4119 1842 4169 et
1863 4116 1986 4167 vita
2004 4113 2078 4166 ad

754 4216 981 4269 Curiam
1005 4207 1487 4265 transmittantur,
1516 4201 1639 4255 1000
1658 4199 1691 4267 5
1716 4200 1771 4261 13
1793 4197 1867 4250 ad
1890 4194 2082 4248 matri-

757 4296 1035 4350 monium:
1078 4293 1142 4343 ut
1189 4282 1569 4356 praescriptae
1608 4276 2082 4343 investigationes

756 4381 815 4430 et
830 4372 1249 4444 publicationes
1265 4366 1631 4434 peragantur,
1645 4357 1912 4415 1010-1031
1929 4355 2082 4425 (vide

759 4462 1018 4520 Examen,
1037 4452 1451 4506 Publicationes
1474 4438 1997 4504 ”castimoniale-sk
2018 4438 2083 4490 ut

761 4537 1166 4606 nupturientes
1196 4531 1437 4585 afferant
1474 4523 1866 4580 testimonium
1904 4519 2086 4585 bapti-

759 4621 960 4675 smatis
982 4620 1038 4671 et
1071 4616 1405 4684 plerumque
1437 4604 1900 4665 confirmationis,
1935 4600 2084 4659 1021:

763 4706 829 4757 ut
859 4699 1171 4755 doceantur
1201 4692 1396 4761 sponsi
1418 4688 1779 4743 sanctitatem
1803 4682 2088 4736 matrimo-

762 4786 859 4845 nii,
885 4778 1188 4844 ete.,1033;
1215 4778 1279 4828 ut
1312 4774 1383 4827 de
1415 4772 1521 4824 hoc
1553 4770 1678 4836 ipso
1708 4768 1765 4819 et
1792 4767 1862 4817 de
1896 4762 2086 4816 matri-

761 4865 942 4920 monii
993 4855 1409 4928 impedimentis
1456 4849 1705 4919 populus
1757 4845 2086 4904 edoceatur,

776 4947 921 5008 1018;
958 4945 1025 4996 ut
1055 4939 1249 5009 sponsi
1284 4932 1598 5002 nuptialem
1636 4926 2089 4982 benedictionem

763 5024 1060 5092 accipiant,
1104 5020 1223 5074 1101
1266 5017 1299 5084 5
1334 5018 1386 5077 1;
1432 5013 1687 5067 infirmos
1722 5005 1995 5060 visitandi
2031 5006 2091 5056 et

761 5102 1094 5163 adiuvandi,
1137 5099 1233 5152 468
1272 5097 1305 5164 5
1341 5098 1394 5158 1;
1439 5088 1789 5158 advigilandi
1838 5101 1911 5139 ne
1953 5084 2090 5153 quid

767 5186 962 5238 contra
1004 5183 1170 5234 fldem
1225 5182 1283 5231 et
1337 5188 1520 5228 mores
1571 5174 1631 5225 in
1676 5183 1812 5224 suos
1858 5167 2089 5233 irrepat,

767 5264 1097 5333 praesertim
1145 5261 1207 5312 in
1261 5256 1487 5318 scholis,
1530 5255 1587 5306 et
1639 5248 1868 5304 fovendi
1922 5260 2093 5315 opera

765 5344 1039 5401 caritatis,
1086 5342 1214 5402 etc„
1257 5337 1383 5399 46ος
1427 5331 1761 5387 conficiendi
1797 5324 1869 5381 'et
1915 5339 2096 5379 asser·-

2143 414 2451 484 [Ριῐοώίμ

2265 493 2441 548 vandi
2490 492 2664 544 libros
2711 485 3079 556 paroeciales,
3123 482 3226 536 470
3270 480 3336 548 55
3371 481 3466 542 1-2.
3501 481 3548 531 et

2264 587 2460 628 curam
2517 569 2766 624 habendi
2818 563 3155 635 paraecialis
3205 560 3434 622 archivi,
3474 558 3551 612 470

2262 655 2297 722 5
2319 656 2379 717 ⁴3
2413 652 2646 706 verbum
2680 649 2779 702 Dei
2811 645 3022 716 populo
3043 641 3359 698 nuntiandi
3385 640 3550 692 diebu

2266 734 2566 788 dominicis
2594 730 2917 795 ceteristme
2952 741 3051 794 per
3080 735 3305 777 annum
3330 720 3472 772 testis
3494 718 3549 771 ds

2268 814 2593 883 praesepto,
2645 809 2770 865 ¹344
2808 808 2842 875 g
2877 809 2926 867 1.
2971 807 3031 857 et
3078 801 3437 855 nominaliter
3472 813 3550 865 μα
3650 837 3651 842 Ν

2267 896 2541 961 seipsum,
2586 890 2712 946 1344
2739 890 2774 957 5
2802 888 2863 950 2;
2907 886 3078 940 statis
3119 880 3457 948 temporibus
3488 879 3550 930 in-

2269 976 2601 1028 stitutiones
2625 969 3005 1024 catecbeticas
3035 965 3235 1033 pueris
3266 961 3548 1028 praesertim

2269 1059 2329 1111 ot
2358 1054 2572 1109 anulus
2603 1050 2869 1112 habendi,
2904 1045 3195 1107 maiam,
3228 1044 3290 1095 ιιι
3316 1055 3421 1107 quo
3446 1039 3551 1091 ab
3650 1047 3651 1050 ι

2270 1151 2396 1192 rum
2427 1148 2602 1202 opera
2631 1133 2721 1185 uti
2757 1130 2946 1199 potest
2984 1129 3045 1180 et
3073 1120 3549 1190 aliquandodebet,

2274 1219 2398 1273 1883
2427 1216 2461 1283 5
2486 1219 2540 1278 1;
2574 1212 2762 1267 clerici
2794 1211 2988 1263 autem
3019 1208 3081 1259 et
3114 1203 3365 1270 religiosi
3385 1201 3551 1254 demi

2271 1312 2406 1353 eum
2437 1298 2501 1350 in
2540 1294 2649 1348 hoc
2678 1294 2976 1353 adiuvare,
3007 1289 3141 1351 nisi,
3174 1288 3305 1345 etc„
3340 1283 3449 1337 1333
3471 1280 3548 1349 51,

2276 1379 2424 1443 1364ς
2458 1374 2697 1429 curandi
2730 1375 2796 1425 ut
2826 1370 3045 1424 decimo
3072 1379 3303 1434 quoque
3328 1376 3465 1416 anno
3487 1375 3550 1412 a·

2273 1473 2403 1514 crae
2458 1457 2760 1510 missiones
2809 1453 2883 1505 ad
2935 1448 3211 1518 populum
3262 1443 3548 1500 habeantur,

2277 1540 2427 1601 1340:
2462 1536 2687 1590 fovendi
2709 1544 3011 1601 puerorum
3035 1526 3459 1583 eedeshstican
3480 1535 3550 1573 vo-

2274 1619 2574 1677 cationem,
2620 1615 2767 1677 ως
2808 1612 2932 1665 olea
2977 1623 3138 1662 sacra
3186 1606 3262 1658 ab
3305 1602 3550 1657 ordinario

2278 1697 2510 1767 petendi
2540 1698 2599 1750 et
2630 1693 2939 1760 diligenter
2965 1681 3546 1747 asservandiflaemss:

2278 1776 2545 1833 monendi
2576 1774 2772 1828 fideles
2810 1771 2882 1824 de
2914 1767 3165 1836 periculo
3205 1767 3268 1818 et
3296 1764 3479 1816 damno
3495 1759 3548 1811 in-

2277 1859 2487 1914 ctionis
2526 1856 2797 1909 librorum
2829 1862 3155 1919 pravorum,
3191 1845 3318 1899 im
3355 1842 3454 1912 52:
3481 1840 3550 1891 ad-

2278 1936 2646 1993 ministrandi
2688 1932 3006 1987 oblationes
3046 1928 3228 1981 facus
3264 1926 3324 1977 in
3362 1935 3551 1975 conno-

2278 2019 2414 2073 dum
2462 2015 2775 2085 paroeciae,
2821 2011 2955 2071 nisi,
2998 2010 3127 2070 etc„
3176 2005 3302 2058 11oe
3339 2002 3401 2069 55
3436 2001 3477 2063 2.
3506 2001 3546 2058 ὃς

2279 2097 2553 2167 vigilandi
2603 2109 2677 2148 ne
2727 2105 2921 2145 sacrae
2972 2087 3273 2154 reliquiae,
3313 2081 3550 2136 occ-dm

2282 2180 2526 2233 maxime
2547 2174 2946 2231 hereditatum,
2975 2167 3321 2228 vendantur,
3343 2160 3493 2227 ms
3510 2163 3547 2218 i;

2282 2257 2752 2312 denuntiationes
2771 2251 3105 2306 delictorum
3126 2247 3274 2300 torte
3293 2244 3400 2297 sibi
3412 2240 3548 2295 aad*

2284 2340 2441 2393 libus
2472 2338 2652 2390 iactas
2691 2334 2906 2400 scripto
2934 2325 3309 2395 consignandi
3347 2325 3401 2375 et
3432 2319 3549 2373 (hdi-

2283 2421 2448 2474 nario
2476 2414 2789 2475 deferendi,
2826 2412 2969 2466 im.

2159 2530 2221 2541 -
2252 2514 2332 2554 an
2351 2501 2410 2552 et
2430 2497 2667 2565 quinam
2688 2494 2763 2546 ad
2794 2491 3090 2557 Synodum
3109 2487 3474 2538 dioeemnan
3490 2480 3553 2532 in-

2286 2576 2525 2636 vitandi,
2558 2575 2654 2629 358
2681 2572 2716 2639 5
2742 2572 2767 2623 1
2802 2584 2903 2622 ιιιι.
2935 2570 2988 2628 c.
3019 2567 3080 2629 73
3112 2564 3355 2633 possunt
3381 2557 3553 2612 iamd-

2288 2656 2398 2710 bus
2427 2650 2820 2721 singularibus
2857 2650 2916 2700 et
2952 2647 3110 2699 iusta
3150 2644 3223 2695 de
3260 2653 3421 2694 cansa
3452 2647 3553 2689 m

2286 2736 2459 2788 etiam
2488 2731 2756 2785 absentes
2780 2728 2841 2779 et
2866 2723 3202 2792 peregrinos
3233 2718 3552 2786 praesentata

2287 2816 2416 2882 lege
2445 2815 2517 2867 de
2546 2810 2911 2866 observantia
2952 2807 3223 2858 festorum
3236 2842 3254 2862 ,
3283 2797 3463 2852 ieiunii
3488 2791 3551 2846 vel

2286 2893 2671 2952 abstinentiae
2700 2891 3049 2957 dispensare,
3084 2885 3211 2938 1246
3239 2882 3342 2951 51;
3375 2890 3551 2931 ωου-

2289 2982 2404 3034 tem
2425 2978 2499 3030 ab
2518 2975 2653 3030 aliis
2671 2973 2919 3042 legibus,
2941 2970 3069 3022 sive
3099 2964 3443 3035 generalibus
3464 2960 3550 3009 sire

2288 3058 2689 3130 peculiaribus,
2711 3056 2802 3116 833
2826 3052 3075 3120 possunt
3103 3049 3180 3101 ab
3208 3043 3552 3107 eedssiisqan—
3650 3066 3651 3077 ι

2289 3156 2403 3210 que
2440 3155 2555 3193 non
2601 3135 3015 3205 paroecialibus
3061 3127 3449 3184 Eucharistian
3482 3134 3551 3187 pm

2292 3220 2532 3274 infirmis
2563 3218 2881 3276 desumere,
2912 3213 2983 3272 si,
3019 3212 3162 3271 ete„
3192 3204 3429 3265 mand,
3454 3198 3552 3252 obti-
3650 3260 3651 3275 χ

2294 3300 2433 3352 nent
2464 3295 2806 3349 ordinariam
2829 3288 3286 3344 iurisdictionem
3306 3283 3373 3335 ad
3394 3278 3551 3333 caah*
3650 3290 3651 3299 ¹

2292 3378 2487 3430 siones
2533 3372 2846 3427 audiendas
2881 3368 3160 3425 fidelium,
3195 3364 3291 3417 87³
3327 3362 3419 3428 51.
3450 3367 3554 3422 qm·

2294 3461 2414 3512 toto
2436 3459 2687 3521 tempore
2706 3450 2961 3520 paschali
2983 3447 3281 3501 absolvere
3300 3442 3450 3495 etim
3468 3449 3554 3503 1³oe-
3650 3482 3651 3497 ,

2295 3539 2435 3593 sunt
2469 3551 2506 3589 a
2540 3534 2769 3588 casibus
2814 3544 2958 3597 quos
2998 3539 3238 3594 quoquo
3268 3521 3415 3575 modo
3442 3514 3553 3570 Ordi-

2296 3621 2442 3673 narii
2473 3618 2583 3671 sibi
2615 3609 3177 3674 reservaverint,oe9
3207 3606 3240 3674 5
3259 3608 3317 3666 3;
3338 3600 3552 3655 ssoeciu

2294 3701 2463 3755 oflicii
2494 3698 2759 3751 accurate
2790 3705 3019 3746 servare
3052 3690 3263 3743 debent
3292 3699 3388 3738 nec
3411 3685 3557 3734 tean-

2295 3784 2394 3834 tur
2418 3778 2603 3847 quoad
2626 3790 2713 3837 ea,
2735 3787 2883 3840 quae
2906 3772 3019 3824 sub
3039 3771 3167 3838 ipso
3187 3766 3402 3823 eadunt,
3424 3756 3552 3813 iudici

2297 3858 2674 3926 interroganti
2720 3852 3066 3921 respondere
3114 3852 3174 3903 et
3215 3847 3472 3900 veritatem
3502 3838 3556 3888 δ’

2299 3943 2424 4004 teri,
2462 3940 2585 3993 1755
2622 3938 2653 4005 5
2685 3938 2718 3988 2
2760 3951 2818 3988 n.
2857 3936 2910 3997 13
2945 3925 3428 4003 depr-accedentia
3451 3919 3555 3971 inifl

2299 4021 2592 4091 parochos,
2624 4018 2719 4071 478
2748 4016 2782 4084 5
2816 4017 2871 4073 1;
2909 4013 3210 4080 nequeunt
3240 4004 3442 4075 parochi
3471 4010 3556 4066 μῦ

2299 4104 2587 4157 cessiones
2634 4112 2813 4151 novas
2860 4094 3138 4148 inducere
3192 4090 3278 4142 vel
3325 4082 3555 4139 caused*

2300 4183 2609 4238 transferre
2649 4181 2752 4232 aut
2782 4175 3031 4235 abolere,
3068 4172 3199 4225 1304
3225 4170 3258 4237 5
3281 4170 3334 4229 1;
3362 4176 3446 4218 net
3468 4170 3554 4212 τε*

2302 4268 2558 4332 ingerere
2621 4263 2683 4313 in
2745 4255 3295 4311 administrationem
3348 4249 3555 4300 bom·

2302 4344 2745 4401 associationum
2808 4339 3061 4406 piarum,
3118 4345 3309 4386 earum
3363 4332 3556 4395 quoqu.

2304 4441 2451 4496 quae
2494 4426 2553 4478 in
2595 4439 2703 4476 suo
2747 4418 3036 4473 territorio
3078 4418 3299 4469 erectae
3337 4401 3553 4467 suanm
3650 4434 3651 4451 ;

2306 4510 2338 4575 5
2365 4511 2418 4572 1;
2446 4521 2549 4560 nec
2572 4503 2734 4570 fungi
2768 4500 3013 4569 possunt
3047 4508 3283 4550 munere
3302 4480 3543 4543 vie-rii&

2308 4588 2538 4651 nex-alis,
2580 4584 2673 4639 ³67
2716 4584 2749 4650 5
2780 4584 2838 4645 83
2885 4578 3184 4647 prohiberi
3223 4575 3295 4628 ab
3331 4562 3559 4624 ordin-ri·

2310 4670 2549 4738 possunt
2590 4681 2660 4719 ex
2702 4662 2860 4731 gravi
2902 4674 3078 4714 causa
3112 4673 3149 4711 a
3181 4646 3559 4710 commonitu

2307 4749 2628 4810 audiendis,
2646 4747 2743 4800 sed
2769 4744 2984 4797 babent
3005 4744 3209 4794 contra
3230 4737 3327 4790 boc
3343 4735 3557 4785 πωπω

2313 4835 2375 4887 in
2420 4829 2754 4884 devolutivo
2789 4825 2863 4879 ad
2894 4822 3098 4877 Sedem
3140 4819 3347 4885 Apost„
3375 4803 3557 4872 &3¹3

2310 4919 2373 4968 in
2404 4926 2566 4967 sacro
2597 4907 2934 4967 ministerio,
2968 4900 3298 4971 praesertim
3328 4897 3383 4948 in
3408 4886 3562 4942 ooth·

2312 4995 2573 5049 sionibus
2596 4987 2917 5049 audiendis,
2938 4984 3192 5037 libenter
3213 4977 3429 5032 utantur
3442 4976 3561 5033 ⁰3⁸¹

2312 5076 2727 5144 religiosorum,
2748 5070 2847 5124 6oe
2877 5068 2910 5134 5
2945 5067 3009 5130 23
3039 5067 3102 5118 et
3133 5057 3449 5116 acatholico·
3469 5058 3562 5113 φ’·

2313 5170 2428 5225 que
2458 5156 2518 5208 in
2543 5167 2654 5207 sua
2684 5150 2946 5219 paroecia
2964 5146 3242 5212 degentes
3259 5137 3360 5192 sibi
3379 5126 3559 5188 batt*³¹

2314 5234 2756 5294 commendatos,
2790 5230 2914 5286 1350
2934 5229 2967 5297 5
2992 5229 3044 5291 1;
3068 5227 3119 5278 si
3148 5208 3561 5291 quandonam*

2317 5316 2591 5372 vicarium
2623 5313 2947 5367 miutomm
2987 5306 3076 5359 vel
3117 5302 3350 5358 vicarios
3374 5298 3564 5360 eoum·
3650 5322 3651 5337 2
