3753 5871
1238 311 1414 362 biber
1444 311 1748 361 Secundus
1788 333 1809 346 ·
1843 310 1933 361 Do
1973 309 2249 361 Perennis
3131 306 3238 366 193

242 501 388 567 tiae
433 500 546 585 pii
587 517 676 566 ac
715 498 1109 584 prudentis
1158 498 1587 582 sacerdoti&
1625 502 1704 566 et
1743 497 1811 565 si
1852 497 2244 582 religiosus
2287 514 2436 563 non
2480 496 2842 582 paruerit,
2899 501 3236 565 servetur

241 606 786 690 praescriptum
817 624 892 672 n.
920 605 988 688 33

499 714 602 779 5.·
642 713 957 799 Religio,
999 732 1132 798 per
1170 731 1435 780 manus
1472 713 1857 780 Ordinarii
1908 713 2052 780 loci
2087 713 2714 796 commorationis,
2756 714 3236 781 caritativum

237 823 656 890 subsidium
708 821 1014 888 dimisso
1057 821 1484 905 suppeditet
1534 838 1673 904 pro
1715 819 2152 886 necessariis
2196 820 2293 887 ad
2347 820 2546 887 vitae
2590 821 3233 904 sustentationem,

243 928 386 995 nisi
424 929 590 1012 ipse
613 926 916 994 aliunde
943 926 1237 994 sibimet
1266 926 1651 1010 providere
1686 926 1953 1009 valeat3

496 1035 598 1102 6.·
643 1034 727 1102 Si
760 1034 1111 1103 dimissus
1141 1034 1340 1101 vitae
1375 1034 1736 1102 rationem
1776 1033 2276 1103 ecclesiastico
2315 1034 2479 1104 viro
2506 1034 2807 1121 dignam
2851 1054 2999 1104 non
3031 1041 3234 1121 agat,

242 1146 633 1210 transacto
674 1161 873 1210 anno
924 1147 1059 1210 aut
1111 1142 1337 1210 etiam
1385 1142 1619 1226 prius,
1668 1141 1947 1210 iudicio
1990 1141 2399 1226 ordinarii,
2461 1142 2797 1227 privetur
2839 1143 3239 1211 caritativo

240 1250 603 1332 subsidio,
629 1249 976 1318 eiiciatur
997 1269 1037 1317 e
1063 1250 1279 1317 domo
1301 1249 1802 1343 poenitentiae
1830 1250 2042 1334 eique
2065 1249 2458 1317 autera-tur
2478 1250 2599 1317 ius
2622 1250 3004 1319 deferendi
3036 1251 3233 1318 habi·

239 1364 402 1425 tum
435 1358 1017 1427 ecclesiasticum
1049 1358 1144 1425 ab
1175 1357 1340 1441 ipso
1380 1357 1806 1439 ordinario,
1851 1357 1981 1442 qui
2017 1358 2272 1425 statim
2317 1359 2612 1425 mittere
2644 1372 2856 1426 curet
2889 1368 3236 1444 opportu-

242 1484 416 1533 nam
444 1465 880 1534 relationem
914 1470 1074 1533 tum
1099 1466 1196 1533 ad
1230 1465 1490 1533 Sedem
1520 1465 2026 1550 Apostolicam
2056 1470 2215 1533 tum
2244 1465 2340 1532 ad
2370 1465 2820 1551 religionem3

508 1572 608 1640 7.·
652 1573 736 1641 Si
764 1592 940 1640 vero
967 1572 1318 1641 dimissus
1346 1570 1729 1657 praedicto
1765 1579 2095 1658 tempore
2124 1577 2277 1641 tam
2310 1573 2791 1642 laudabiliter
2820 1593 2898 1642 se
2928 1573 3240 1659 gesserit

243 1688 327 1749 ut
374 1681 647 1749 merito
694 1680 951 1749 haberi
998 1680 1235 1765 possit
1282 1699 1454 1749 vere
1498 1680 1957 1762 emendatus,
2020 1680 2468 1748 ordinarius
2514 1680 2676 1749 eius
2724 1697 2978 1766 preces
3036 1679 3238 1764 apud

242 1789 604 1856 Sanctam
634 1788 894 1857 Sedem
915 1788 1458 1857 commendabit
1484 1807 1623 1872 pro
1646 1787 2112 1856 absolutione
2145 1806 2195 1855 a
2223 1806 2541 1855 censura
2573 1787 3103 1872 suspensionis,
3135 1793 3236 1871 et,

238 1915 326 1965 ea
354 1897 692 1979 obtenta,
728 1895 964 1964 eidem
990 1896 1071 1963 in
1103 1913 1242 1963 sua
1267 1894 1583 1963 dioecesi
1614 1895 2028 1980 permittat,
2059 1894 2417 1962 adhibitis
2447 1895 2889 1980 opportunis
2923 1895 3241 1963 cautelis

239 2010 315 2072 et
348 2003 957 2086 limitationibus,
997 2003 1271 2071 Missae
1296 2003 1860 2071 celebrationem
1892 2007 1971 2070 et
1995 2002 2247 2084 etiam,
2281 2020 2419 2085 pro
2454 2020 2590 2070 suo
2617 2002 2937 2071 arbitrio
2959 2007 3038 2071 et
3067 2021 3237 2087 pru·

240 2111 528 2194 dentia,
590 2109 798 2178 aliud
843 2128 1136 2197 sacrum
1194 2109 1715 2186 ministerium,
1779 2109 1975 2178 unde
2024 2111 2327 2178 honeste
2373 2110 2620 2177 vivere
2671 2115 2917 2195 queat3
2965 2129 3112 2195 quo
3159 2110 3239 2177 in

238 2237 419 2286 casu
476 2217 740 2303 religio
781 2217 1261 2286 caritativum
1302 2216 1711 2286 subsidium
1751 2217 2249 2286 intermittere
2290 2222 2560 2302 potest.
2603 2218 2817 2299 Quod
2863 2219 2931 2286 si
2968 2222 3243 2305 agatur

240 2326 331 2394 de
361 2326 683 2394 diacono
711 2329 848 2394 aut
884 2325 1358 2407 subdiacono,
1394 2344 1511 2394 res
1544 2325 1639 2392 ad
1679 2325 2030 2394 Sanctam
2067 2325 2327 2392 Sedem
2360 2324 2745 2393 deteratur
2785 2324 2834 2391 ¹.

1534 2482 1712 2548 om.
1752 2480 1908 2548 672.

423 2592 462 2674 ξ
509 2594 578 2658 1.
627 2591 1023 2675 Dimissus,
1077 2590 1275 2659 votis
1322 2591 1405 2657 in
1456 2590 1810 2676 religione
1872 2588 2163 2658 emissis
2215 2607 2363 2657 non
2415 2590 2733 2674 solutus,
2787 2594 3087 2660 tenetur
3137 2592 3235 2659 ad

241 2699 585 2767 claustra
622 2698 885 2782 redire3
922 2705 998 2767 et
1038 2698 1103 2766 si
1143 2702 1582 2785 argumenta
1629 2698 1893 2782 plenae
1928 2697 2467 2765 emendationis
2506 2716 2640 2783 per
2678 2698 3083 2767 triennium
3123 2699 3238 2768 de·

242 2806 471 2889 derit,
522 2806 786 2892 religio
826 2810 1124 2874 tenetur
1157 2824 1323 2874 eum
1372 2806 1716 2890 recipere3
1757 2806 1952 2891 quod
1992 2806 2059 2872 si
2093 2812 2355 2891 graves
2390 2806 2687 2875 obstent
2725 2806 3051 2874 rationes
3091 2807 3244 2874 sive

246 2934 332 2983 ex
383 2917 604 3001 parte
645 2913 1026 3001 religionis
1064 2914 1218 2984 sive
1255 2932 1345 2983 ex
1386 2917 1601 2999 parte
1643 2913 1995 3000 religiosi,
2039 2932 2157 2982 res
2196 2913 2474 2983 iudicio
2515 2914 2729 2983 Sedis
2768 2915 3242 3000 Apostolicae

247 3021 718 3090 subiiciatur.

426 3129 460 3213 ξ
507 3129 577 3196 2.
624 3129 934 3210 Quoties
982 3148 1157 3198 vero
1195 3135 1373 3198 vota
1411 3131 1490 3197 in
1545 3129 1900 3216 religione
1941 3130 2209 3198 emissa
2252 3131 2729 3213 cessaverint,
2786 3131 2852 3198 si
2894 3131 3246 3199 dimissus

254 3239 706 3323 Episcopum
755 3237 1183 3306 benevolum
1240 3241 1688 3322 receptorem
1738 3237 2134 3320 invenerit,
2187 3238 2325 3305 sub
2376 3239 2539 3306 eius
2600 3237 3116 3307 iurisdictione
3167 3244 3244 3308 et

252 3345 559 3432 speciali
606 3342 1001 3430 vigilantia
1057 3349 1380 3428 maneat,
1433 3349 1725 3413 servato
1772 3345 2236 3430 praescripto
2280 3364 2444 3413 can.
2499 3347 2651 3420 642:
2712 3365 2924 3415 secus
2982 3366 3100 3416 res
3146 3348 3242 3415 ad

252 3451 606 3520 Sanctam
642 3451 902 3521 Sedem
934 3451 1341 3521 deferatur.

1377 3732 1804 3804 TITULUS
1864 3734 1993 3802 XV
1996 3735 2103 3801 ΙΙ.

860 3882 963 3949 Dc
1005 3880 1463 3949 societatibus
1505 3881 1656 3948 sivo
1700 3880 2020 3949 virorum
2064 3881 2214 3948 sivo
2259 3880 2639 3948 muliorum

1068 3997 1148 4064 in
1192 3996 1550 4064 communi
1593 3996 1985 4065 viventium
2028 3996 2183 4064 sino
2228 3996 2439 4063 votis.

1550 4168 1730 4234 om.
1780 4167 1936 4235 673.

431 4291 468 4375 ξ
514 4293 582 4358 1.
634 4288 969 4357 Societas
999 4287 1153 4356 sive
1179 4286 1510 4354 virorum
1550 4287 1703 4353 sive
1731 4287 2153 4371 mulierum,
2187 4287 2267 4355 in
2298 4306 2444 4373 qua
2477 4289 2768 4356 sodales
2804 4289 3100 4358 vivendi
3135 4309 3246 4358 ra·

253 4400 532 4467 tionem
565 4397 1078 4483 religiosorum
1110 4395 1508 4464 imitantur
1547 4395 1627 4462 in
1658 4395 2031 4463 communi
2062 4395 2409 4481 degentes
2450 4397 2586 4464 sub
2624 4397 2980 4483 regimine
3023 4397 3246 4482 Supe-

255 4508 539 4576 riorum
573 4506 976 4576 secundum
1008 4504 1362 4590 probatas
1390 4503 1990 4587 constitutiones,
2028 4504 2155 4573 sed
2197 4505 2442 4573 tribus
2473 4506 2849 4598 consuetis
2882 4509 3078 4574 votis
3120 4525 3247 4591 pu·

254 4614 473 4683 blicis
502 4633 651 4682 non
686 4612 1280 4698 obstringuntur,
1309 4630 1457 4680 non
1484 4617 1600 4680 est
1632 4613 1934 4696 proprie
1963 4613 2247 4699 religio,
2282 4633 2412 4681 nec
2447 4613 2609 4682 eius
2639 4613 2929 4681 sodales
2958 4614 3252 4683 nomine

258 4722 772 4807 religiosorum
813 4720 1112 4805 proprie
1142 4719 1654 4805 designantur.
2538 4717 2550 4728 '

434 4847 470 4929 ξ
515 4845 585 4912 2.
635 4844 1084 4913 Huiusmodi
1113 4844 1429 4913 societas
1458 4849 1574 4912 est
1608 4844 1977 4912 clericalis
2006 4843 2122 4911 vel
2152 4843 2468 4928 laicalis,
2511 4845 2701 4913 iuris
2735 4845 3101 4930 pontificii
3137 4847 3256 4914 vel

255 4953 675 5022 dioecesani
707 4953 803 5020 ad
839 4969 1171 5020 normam
1202 4969 1370 5019 ean.
1408 4951 1563 5035 488,
1607 4969 1733 5018 nn.
1770 4951 1840 5034 3,
1878 4952 1946 5018 4.

445 5182 470 5219 ¹
508 5182 653 5234 Pius
684 5181 784 5242 11,
818 5182 1005 5233 const.
1049 5194 1083 5231 ι
1115 5178 1487 5240 Ammaous
1522 5177 1695 5231 Sedit
1728 5194 1778 5241 ι,
1814 5179 1883 5231 12
1913 5182 2027 5233 oct.
2066 5179 2216 5245 18⁰9·
2255 5180 2283 5242 i
2329 5180 2399 5243 V,
2437 5193 2496 5233 n.
2531 5181 2583 5243 53
2625 5179 2688 5238 S.
2728 5180 2797 5234 Ο.
2838 5180 2946 5243 Dp.
2991 5184 3057 5235 et
3084 5181 3251 5245 Res..

265 5269 609 5327 umnam..
636 5269 706 5322 10
733 5271 909 5322 mart.
950 5267 1098 5331 1502:
1127 5267 1459 5325 menonem,
1498 5267 1565 5319 22
1598 5269 1717 5320 ian.
1758 5268 1908 5330 1596:
1936 5269 2092 5321 decr.
2127 5284 2158 5319 ι
2192 5268 2401 5321 Auem
2429 5268 2746 5320 admodum
2777 5284 2827 5331 ι,
2861 5270 2895 5320 4
2925 5282 3058 5323 ων.
3100 5271 3250 5332 1802,

262 5373 321 5413 n.
347 5362 399 5424 4:
428 5360 490 5415 S.
517 5360 584 5414 Ο.
614 5359 707 5421 θ’..
730 5358 887 5412 decr.
914 5358 981 5411 21
1009 5362 1159 5420 sept.
1184 5358 1334 5419 1⁶24,
1365 5357 1501 5421 21oe
1524 5357 1829 5416 romana,
1854 5358 1889 5408 4
1915 5358 2037 5409 iun.
2059 5355 2214 5419 1672,
2249 5356 2328 5410 ad
2351 5358 2403 5419 '13
2426 5357 3016 5416 Lum.·samnen.,
3046 5358 3113 5411 31
3142 5358 3248 5412 iul.

264 5449 410 5511 im.
439 5449 476 5503 8
502 5449 609 5501 iul.
647 5447 797 5511 1752
827 5447 887 5501 S.
920 5447 986 5501 0.
1017 5447 1094 5501 da
1122 5446 1460 5510 aenaeum
1490 5445 1648 5499 decr.
1681 5444 1749 5498 10
1777 5445 1925 5497 maii
1962 5446 2113 5507 1911.
2145 5459 2206 5498 n.
2238 5448 2324 5507 1⁶.
2353 5446 2439 5509 17,
2471 5447 2553 5499 20.

396 5586 595 5642 0000.
623 5586 790 5641 ludu
822 5586 1124 5640 vmd-
3070 5586 3127 5633 18
