3753 5871
1266 321 1441 373 Liber
1484 321 1745 383 Quartus
1782 348 1801 359 ·
1835 322 1924 373 De
1960 321 2339 373 processioa·
3185 321 3289 382 571

488 511 521 594 ξ
566 510 634 578 2.
684 510 1043 578 Tribunal
1065 510 1145 577 in
1168 510 1332 595 ipsa
1362 510 1601 594 prima
1624 510 1946 578 sessione
1970 509 2198 596 eligat
2222 511 2621 593 notarium,
2647 511 2808 578 eius
2830 511 3291 595 adiunctum,

308 617 657 703 peritum,
694 618 760 686 si
783 636 1001 685 casus
1026 618 1247 700 ferat,
1283 623 1358 686 et
1383 635 1780 700 cursorem,
1811 636 1898 685 ac
1926 618 2019 686 de
2051 618 2412 686 eiusmodi
2436 618 2791 686 electione
2817 617 3032 687 fidem
3058 617 3292 688 faciat

311 725 650 794 notarius
688 724 980 793 Curiae.

1576 834 1754 901 ΟΑΝ.
1802 833 1998 901 2094.

485 971 837 1051 Quamvis
884 991 1157 1055 omnes,
1217 974 1311 1041 ad
1360 991 1541 1058 quos
1589 972 2119 1040 remissoriales
2164 973 2461 1039 litterae
2508 971 2730 1041 datae
2787 975 2988 1054 sunt,
3038 971 3295 1039 adesse

310 1079 601 1164 possint
643 1080 958 1165 singulis
1001 1098 1385 1166 processus
1435 1081 1826 1164 apostolici
1869 1081 2341 1164 sessionibus,
2387 1080 2484 1148 ad
2528 1078 2992 1148 validitatem
3046 1083 3295 1148 tamen

312 1186 582 1255 sufficit
627 1192 714 1256 ut
757 1187 1010 1256 adsint
1067 1206 1361 1272 praeses
1408 1206 1573 1256 cum
1621 1188 1908 1256 duobus
1954 1187 2325 1256 iudicibus
2369 1187 2511 1271 vel,
2574 1188 2741 1273 ipso
2786 1190 3160 1255 annuente
3218 1189 3294 1255 et

308 1295 636 1377 absente,
677 1300 830 1363 tres
862 1295 997 1362 alii
1030 1296 1333 1373 iudices,
1379 1296 1699 1381 itemque
1737 1314 1930 1363 unus
1965 1315 2052 1363 ex
2097 1296 2808 1379 sub-promotoribus
2843 1294 3040 1379 fidei,
3089 1298 3291 1363 nota·

314 1401 469 1469 rius
501 1402 619 1469 vel
649 1401 1070 1469 adiunctus.

1578 1511 1754 1578 OAN.
1806 1511 2001 1578 2095.

486 1652 884 1719 Processus
913 1652 1175 1719 saltem
1204 1652 1408 1719 intra
1437 1652 1838 1736 biennium,
1869 1653 2445 1736 computandum
2484 1671 2526 1720 a
2557 1653 2678 1720 die
2708 1652 3147 1736 aperitionis
3175 1651 3293 1720 lit·

311 1763 666 1843 terarum,
704 1759 1192 1828 absolvendus
1232 1763 1367 1844 est;
1406 1778 1549 1844 quo
1585 1760 1884 1828 biennio
1919 1760 2192 1843 elapso,
2231 1779 2397 1827 cum
2446 1778 2830 1844 processus
2871 1757 3298 1827 continuari

315 1870 633 1950 nequeat
674 1866 833 1934 sine
876 1867 1094 1935 venia
1134 1868 1607 1951 Apostolicae
1668 1866 1904 1949 Sedis,
1956 1868 2188 1936 Sacra
2234 1868 2729 1954 congregatio
2774 1870 3162 1935 moneatur
3208 1867 3299 1936 de

313 1973 857 2059 impedimentis
897 1976 988 2042 ob
1029 1993 1215 2059 quae
1247 1975 1733 2060 apostolicum
1772 1975 2201 2043 mandatum
2242 1994 2386 2043 non
2422 1976 2654 2042 ruerit
2695 1975 2791 2043 ad
2824 1974 3103 2043 exitum
3139 1993 3293 2060 per·

311 2081 641 2148 ductum.

1567 2189 1745 2260 ΟΑΝ.
1807 2191 2002 2257 2096.

487 2333 905 2417 Antequam
941 2334 1370 2400 absolvatur
1412 2348 1797 2418 processus
1839 2332 2292 2417 apostolicus
2327 2349 2549 2415 super
2579 2330 2988 2398 virtutibus
3030 2329 3111 2396 in
3145 2346 3299 2414 spe-

315 2439 450 2517 cie,
504 2438 636 2508 fiat
685 2460 731 2506 a
773 2440 1133 2507 tribunali
1178 2438 1584 2525 recognitio
1618 2439 1941 2508 iuridica
1978 2439 2410 2507 exuviarum
2454 2437 2667 2506 Servi
2706 2437 2848 2505 Dei
2900 2435 3301 2505 secundnm

317 2548 780 2631 praescripta
814 2547 1237 2616 litterarum
1287 2547 1918 2640 remissorialium.

1581 2743 1757 2811 om.
1807 2742 2004 2811 2097.

493 2880 528 2963 5
576 2884 641 2948 1.
692 2883 783 2951 In
818 2884 1421 2970 transcriptione,
1455 2884 1852 2953 collatione
1892 2889 1970 2954 et
2009 2883 2316 2952 Romam
2351 2882 2912 2952 transmissione
2942 2880 3303 2968 exempla·

326 2992 432 3059 ris
472 2997 806 3061 actorum
858 2993 1331 3078 originalium
1375 2999 1762 3063 serventur
1802 3012 1991 3079 quae
2031 3011 2259 3078 supra
2296 3010 2462 3062 can.
2508 2991 2906 3075 20542056,
2950 2990 3124 3059 2063
3163 3007 3304 3075 pro

319 3096 798 3167 informativo
833 3117 1177 3183 processu
1216 3100 1677 3185 praescripta
1724 3104 1925 3168 sunt.
2956 3183 2961 3190 ‚

497 3204 531 3287 ξ
576 3205 644 3272 2.
694 3205 1092 3275 Processus
1130 3208 1587 3289 exhibea-tur,
1628 3208 2015 3293 aperiatur
2051 3213 2128 3276 et
2166 3208 2714 3276 transcribatur
2749 3207 2948 3292 apud
3002 3206 3306 3274 Sacram

322 3311 978 3398 congregationem
1013 3315 1108 3382 ad
1147 3333 1476 3383 normam
1512 3334 1676 3383 can.
1715 3315 2112 3384 2073-2075.

699 3629 867 3692 An‘r.
917 3629 1000 3691 11.
1048 3664 1124 3673 —
1169 3630 1264 3691 De
1296 3647 1656 3709 processus
1697 3629 2043 3708 apostolici
2083 3627 2433 3690 validitate
2471 3627 2927 3690 manda.

1596 3812 1772 3879 CAN.
1823 3812 2019 3878 2098.

498 3955 857 4022 Processu
897 3955 1306 4039 apostolico
1349 3955 1445 4022 ad
1497 3955 1799 4022 Sacram
1839 3954 2501 4040 congregationem
2545 3954 2873 4036 remisso,
2918 3953 2999 4020 in
3049 3952 3310 4038 primis

324 4062 415 4131 de
440 4061 765 4130 eiusdem
792 4080 1176 4146 processus
1201 4063 1590 4131 validitate
1615 4067 1958 4131 constare
1984 4061 2224 4145 debet,
2255 4061 2619 4146 simulque
2654 4061 2748 4128 ad
2777 4078 3079 4129 examen
3113 4079 3305 4128 revo-

291 4174 535 4246 ,cetur
578 4170 931 4237 validitas
972 4188 1355 4254 processus
1395 4170 1879 4238 informativi.

1589 4367 1764 4434 CAN.
1828 4366 2022 4433 2099.

499 4509 748 4590 Quare
783 4516 958 4579 ante
991 4482 1600 4595 disceptationem
1641 4513 1948 4593 paretur
1983 4528 2033 4577 a
2066 4526 2334 4576 causae
2373 4507 2730 4576 advocato
2779 4506 3075 4590 positio,
3128 4523 3314 4590 quae

326 4634 412 4684 co
641 4639 657 4684 :

414 4622 685 4792 Μὶν
730 4727 1267 4794 Informatione
1307 4745 1475 4812 qua,
1517 4726 1900 4810 productis
1932 4724 2393 4827 documentis
2436 4724 2532 4791 ad
2579 4742 2728 4790 rem
2769 4721 3201 4789 necessa—riis
3236 4720 3316 4788 in

331 4851 673 4917 processu
709 4834 1105 4916 contentis,
1147 4834 1392 4901 omnia
1430 4835 1508 4900 in
1545 4853 1630 4901 eo
1675 4834 1770 4901 ad
1810 4851 2141 4901 normam
2181 4832 2369 4899 iuris
2406 4835 2707 4916 peracta
2753 4831 2987 4898 fuisse
3023 4829 3309 4897 demon·

406 4959 484 5007 re
574 4959 632 5007 r‘

332 4944 401 5008 st
485 4942 685 5115 tui?
725 5049 1509 5117 Animadversionibus
1549 5049 2009 5118 Promotoris
2049 5049 2415 5134 generalis
2454 5046 2625 5115 fidei
2674 5050 2938 5114 contra
2976 5045 3314 5114 validita-

331 5161 504 5238 tem,
583 5174 752 5224 cum
826 5156 1424 5241 responsionibus
1505 5156 1870 5236 advocati,
1950 5156 2285 5240 utrisque
2355 5155 2450 5222 ad
2527 5171 2857 5222 normam
2927 5172 3092 5221 can.
3144 5151 3316 5221 2080

330 5264 656 5333 exaratis
691 5263 742 5334 ¹.

515 5494 537 5529 ¹
577 5494 634 5547 Β.
668 5493 737 5546 Β.
771 5494 859 5555 0.,
892 5493 1046 5546 decr.
1090 5495 1156 5546 12
1186 5495 1330 5547 mall
1371 5493 1518 5554 1897,
1551 5506 1608 5545 n.
1647 5493 1729 5552 11.
1768 5492 1868 5545 IV.
