3753 5871
1354 269 1530 320 uber
1558 271 1795 323 Tertius
1828 295 1849 308 ·
1887 271 1975 321 De
2014 272 2211 323 Romu
3196 271 3303 329 427

496 453 531 537 ξ
577 453 645 521 2.
697 455 779 522 Si
816 474 988 523 vero
1026 455 1146 539 lis,
1200 473 1386 540 quae
1422 456 1623 524 intra
1669 456 1852 524 utile
1894 460 2184 541 tempus
2231 456 2484 523 dirimi
2526 460 2865 541 nequeat,
2919 458 3301 524 exoriatur

319 561 473 629 sive
499 561 701 628 circa
727 563 847 629 ius
884 564 1408 647 praesentandi
1437 565 1635 632 inter
1664 564 2144 632 ordinarium
2175 570 2252 633 et
2289 571 2684 648 patronum
2715 566 2831 633 vel
2863 566 3061 632 inter
3099 566 3300 648 ipsos

319 672 697 753 patronos,
740 669 892 737 sive
925 671 1126 738 circa
1160 670 1280 737 ius
1324 672 1808 755 praelationis
1844 673 2042 740 inter
2079 674 2280 757 ipsos
2326 677 2860 756 praesentatos,
2905 673 3296 756 suspenda-

321 781 449 842 tur
491 777 794 845 collatio
834 791 1063 863 usque
1098 779 1193 845 ad
1242 779 1459 846 finem
1495 781 2063 862 controversiae,
2109 786 2186 848 et
2220 780 2547 863 interim,
2591 781 2658 846 si
2698 798 2883 864 opus
2931 782 3057 862 sit,
3100 799 3294 900 oeco-

321 900 615 950 nomum
655 885 1003 953 ecclesiae
1050 887 1168 954 vel
1202 887 1550 956 beneficio
1589 890 1889 956 vacanti
1931 884 2375 956 Ordinarius
2415 888 2885 973 praeficiat.
2835 887 2858 922 ²

1595 1048 1773 1116 CAN.
1820 1048 2015 1115 1459.

499 1169 533 1252 ἓ
580 1172 647 1237 1.
698 1171 781 1239 si
829 1171 1082 1257 plures
1128 1172 1543 1258 singulares
1593 1191 1949 1257 personae
1996 1174 2148 1242 sint
2210 1174 2533 1257 patroni,
2586 1177 2897 1257 possunt
2947 1177 3104 1241 tum
3168 1192 3303 1257 pro

325 1294 401 1345 se
452 1281 611 1345 tum
674 1297 812 1363 pro
858 1279 1015 1346 suis
1067 1281 1610 1347 successoribus
1660 1281 1751 1348 de
1799 1281 2113 1349 alternis
2178 1282 2901 1365 praesentationibus
2954 1282 3151 1348 inter
3215 1300 3292 1349 se

318 1385 713 1452 convenire
749 1385 805 1454 ².

500 1490 534 1573 ἓ
579 1491 647 1559 2.
698 1494 802 1561 Ut
838 1495 1084 1560 autem
1128 1494 1306 1560 haec
1343 1496 1731 1562 conventio
1770 1495 1871 1562 sit
1919 1494 2192 1577 valida,
2236 1494 2540 1562 accedat
2588 1499 2884 1579 oportet
2923 1496 3305 1562 Ordinarii

318 1615 720 1666 consensus
760 1601 837 1666 in
873 1601 1174 1684 scriptis
1204 1602 1451 1684 datus,
1494 1603 1620 1686 qui
1652 1606 1898 1669 tamen
1943 1602 2162 1669 semel
2197 1604 2603 1686 praestitus
2640 1604 2894 1687 nequit
2928 1603 3171 1670 valide
3212 1604 3305 1670 ab

322 1705 571 1773 eodem
608 1707 1006 1776 Ordinario
1038 1709 1154 1776 vel
1196 1708 1354 1778 eius
1387 1711 1954 1792 successoribus,
1995 1711 2334 1794 patronis
2369 1711 2650 1793 invitis,
2692 1711 3043 1777 revocari.

1596 1864 1773 1931 CAN.
1827 1863 2019 1930 1460.

501 1987 535 2069 ξ
585 1989 648 2053 1.
700 1988 783 2055 Si
842 1988 961 2053 ius
1030 1991 1474 2071 patronatus
1532 1987 2020 2072 collegialiter
2090 1993 2543 2069 exerceatur,
2608 1988 2733 2053 ille
2792 1990 3308 2070 praesentatus

325 2093 710 2176 habeatur,
777 2096 903 2179 qui
964 2095 1313 2162 maiorem
1386 2095 1905 2180 suffragiorum
1978 2113 2360 2162 numerum
2427 2096 2792 2176 retulerit,
2841 2094 2934 2161 ad
2976 2111 3301 2160 normam

319 2221 484 2270 can.
525 2204 677 2285 101,
722 2204 756 2286 ξ
798 2206 859 2287 1;
900 2204 1091 2288 quod
1130 2205 1219 2287 si,
1259 2204 1547 2272 duobus
1585 2204 1970 2271 scrutiniis
2009 2204 2167 2270 sine
2205 2204 2468 2270 effectu
2510 2203 2908 2284 institutis,
2951 2203 3028 2269 in
3078 2202 3303 2270 tertio

320 2311 682 2378 scrutinio
706 2312 958 2394 plures
982 2312 1332 2377 maiorem
1359 2329 1537 2394 prae
1565 2311 1855 2393 ceteriS,
1894 2311 2018 2377 sed
2046 2310 2423 2394 aequalem
2453 2311 2650 2376 inter
2677 2329 2751 2376 se
2780 2309 3298 2392 suffragiorum

325 2432 707 2482 numerum
745 2416 1163 2499 habuerint,
1209 2417 1265 2484 ii
1298 2435 1548 2484 omnes
1583 2417 2039 2500 praesentati
2073 2421 2516 2484 censeantur
2546 2416 2599 2483 ⁸.

505 2522 538 2604 ξ
585 2521 651 2588 2.
705 2523 787 2591 Si
826 2524 945 2591 ius
984 2527 1427 2608 patronatus
1471 2542 1691 2609 penes
1733 2524 2148 2609 singulares
2188 2543 2540 2607 personas
2590 2525 2715 2605 sit,
2763 2543 2947 2608 quae
2989 2524 3183 2591 inter
3234 2543 3310 2590 se

326 2631 416 2697 de
465 2630 777 2697 alternis
816 2631 1537 2714 praesentationibus
1580 2651 1725 2698 non
1765 2632 2267 2712 convenerint,
2313 2632 2439 2698 ille
2492 2636 3009 2716 praesentatus
3051 2631 3306 2698 habea-

325 2740 477 2820 tur,
528 2739 653 2821 qui
691 2739 1039 2806 maiorem
1080 2739 1341 2806 saltem
1391 2738 1696 2807 relative
1734 2740 2257 2824 suffragiorum
2302 2758 2684 2806 numerum
2732 2739 3091 2822 retulerit3
3131 2743 3203 2806 et
3246 2739 3308 2805 si

324 2844 577 2927 plures
607 2845 940 2928 eundem,
983 2846 1332 2914 maiorem
1365 2865 1583 2930 quam
1615 2837 1867 2920 ceteri.
1905 2847 2428 2931 suffragiorum
2463 2865 2846 2932 numerum
2889 2847 3305 2927 habuerint,

324 2969 575 3020 omnes
608 2957 1049 3021 censeantur
1082 2956 1537 3039 praesentati
1575 2954 1626 3023 ⁴.

506 3060 540 3142 ξ
586 3060 653 3127 3.
703 3061 849 3140 Qui
877 3082 965 3130 ex
1001 3062 1313 3129 diversis
1350 3063 1597 3130 titulis
1627 3063 1744 3130 ius
1774 3068 2219 3148 patronatus
2249 3063 2557 3145 obtinet,
2592 3068 2704 3130 tot
2745 3063 2965 3130 habet
2996 3062 3072 3128 in
3108 3081 3304 3145 prae-

328 3168 743 3235 sentatione
791 3168 1174 3254 suffragia,
1217 3174 1394 3253 quot
1437 3169 1723 3237 titulos.

511 3274 544 3356 5
592 3276 657 3340 4.
709 3275 1036 3355 Quilibet
1110 3282 1495 3360 patronus,
1584 3282 1982 3362 antequam
2057 3277 2561 3361 praesentatio
2634 3281 3083 3362 acceptetur,
3165 3295 3308 3342 non

332 3401 558 3449 unum
594 3387 913 3465 tantum,
963 3384 1088 3451 sed
1133 3385 1385 3468 plures
1421 3389 1895 3468 praesentare
1932 3390 2201 3470 potest,
2244 3390 2401 3453 tum
2443 3404 2586 3451 una
2632 3385 2850 3450 simul
2894 3389 3050 3451 tum
3089 3384 3310 3451 etiam

330 3493 757 3574 successive,
799 3493 1004 3559 intra
1069 3496 1359 3576 tempus
1420 3497 1667 3561 tamen
1738 3493 2304 3579 praescriptum,
2346 3494 2562 3560 modo
2631 3493 2800 3558 illos
2843 3512 2933 3559 ne
2972 3493 3316 3561 excludat

330 3616 513 3681 quos
551 3599 760 3681 prius
794 3601 1296 3683 praesentavit
1336 3600 1386 3667 ⁵.

1587 3707 1765 3778 OAN.
1819 3707 2020 3779 1461.

506 3831 739 3899 Nemo
778 3836 1022 3916 potest
1067 3836 1540 3916 praesentare
1584 3832 1905 3916 seipsum
1952 3851 2183 3917 neque
2236 3832 2407 3898 aliis
2463 3830 2801 3914 patronis
2843 3830 3182 3897 accedere
3231 3835 3315 3897 ut

331 3939 855 4025 suffragiorum
883 3957 1266 4007 numerum
1288 3937 1381 4006 ad
1402 3940 2069 4025 praesentationem
2101 3939 2590 4006 necessarium
2623 3957 2759 4023 pro
2789 3959 2864 4005 se
2887 3934 3312 4021 compleat⁸.

1602 4100 1777 4167 CAN.
1831 4098 2022 4165 1462.

510 4220 591 4288 Si
632 4220 978 4289 ecclesiae
1013 4222 1130 4289 vel
1162 4221 1510 4289 beneficio
1552 4223 1923 4306 provideri
1966 4222 2226 4289 debeat
2262 4239 2392 4304 per
2426 4238 2889 4301 concursum,
2931 4224 3312 4303 patronus,

333 4330 556 4397 etiam
600 4328 860 4409 laicus,
899 4347 1045 4396 non
1080 4333 1324 4413 potest
1359 4335 1855 4414 praesentare,
1907 4330 2049 4396 nisi
2085 4330 2433 4396 clericum
2472 4329 2796 4413 legitime
2832 4347 2918 4395 ex
2955 4346 3311 4395 concursu

332 4436 724 4519 probatum
750 4438 800 4504 ⁷.

521 4629 542 4664 ¹
579 4628 643 4681 Ο.
675 4629 724 4688 4,
755 4628 820 4686 X,
861 4629 932 4678 dc
959 4626 1145 4685 officio
1176 4623 1389 4675 insacia
1421 4623 1727 4681 ordinarii,
1759 4625 1807 4683 1,
1847 4625 1929 4686 31;
1966 4625 2026 4677 S.
2059 4625 2123 4677 G.
2157 4625 2244 4685 0.,
2277 4624 2625 4683 Mantuam,
2657 4623 2720 4674 24
2751 4624 2897 4675 febr.
2933 4623 3072 4674 1721).

512 4722 539 4757 ²
578 4718 642 4769 C.
676 4718 725 4777 2,
761 4718 831 4766 de
862 4719 989 4766 iure
1024 4717 1395 4775 patronatus,
1430 4715 1545 4774 111,
1577 4715 1660 4775 12,
1696 4715 1757 4765 in
1788 4714 1970 4766 Clem.

508 4812 533 4847 ³
580 4809 644 4860 C.
681 4810 731 4868 6,
763 4808 829 4868 Χ,
864 4810 935 4858 de
976 4807 1088 4864 ὴίε,
1123 4817 1272 4865 quae
1301 4808 1452 4866 fiunt
1487 4819 1524 4855 a
1556 4805 1821 4865 praelato
1862 4806 1990 4856 siue
2031 4816 2313 4854 consensu
2350 4804 2615 4863 capituli,
2653 4804 2768 4862 ΙΙΙ,
2803 4805 2884 4854 10.

509 4903 536 4937 ⁴
579 4899 643 4950 0.
684 4899 734 4957 3,
765 4899 831 4958 X,
877 4900 946 4948 de
985 4898 1112 4948 iure
1151 4898 1522 4957 patronatus,
1563 4897 1678 4957 111,
1717 4896 1799 4957 38:
1840 4896 1898 4947 S.
1931 4896 1996 4948 C.
2030 4895 2117 4955 Ο..
2160 4894 2380 4946 Montis
2430 4892 2669 4951 Falisci,
2719 4894 2782 4944 27
2823 4894 2923 4944 iul.
2968 4892 3114 4951 1850,
3156 4893 3233 4943 ad
3275 4892 3321 4953 2;

341 4990 583 5047 Fauen„
624 4987 689 5040 18
717 4991 890 5040 mart.
924 4988 1071 5039 1854.

517 5083 542 5117 ³
580 5080 644 5132 0.
675 5081 758 5139 24,
793 5080 858 5140 X,
890 5082 960 5130 de
991 5079 1119 5130 iure
1147 5082 1517 5141 patronatus,
1549 5078 1664 5137 111,
1695 5078 1776 5139 38;
1801 5090 1849 5149 c.
1888 5078 1938 5136 2.
1976 5080 2046 5129 de
2082 5079 2210 5128 iure
2239 5080 2609 5138 patronatus,
2647 5075 2762 5133 ΙΙΙ,
2800 5075 2882 5133 12,
2923 5075 2980 5125 in
3016 5074 3196 5126 Clem.

519 5175 545 5208 ⁸
582 5170 645 5221 C.
682 5169 764 5228 16,
793 5168 874 5228 26,
904 5169 969 5225 X,
1002 5170 1071 5218 de
1098 5171 1226 5217 inre
1256 5170 1626 5227 patronatus.
1657 5168 1771 5227 111.
1808 5167 1890 5228 383
1926 5166 1983 5219 S.
2017 5167 2080 5218 C.
2117 5167 2221 5231 Ep.
2252 5169 2314 5218 et
2343 5167 2505 5226 neg..
2539 5164 2775 5214 Nullius
2805 5163 3073 5221 Piscien„
3103 5164 3168 5214 20
3194 5163 3316 5214 dec.

342 5260 489 5322 161&
519 5259 577 5312 S.
612 5259 677 5311 G.
710 5258 797 5318 Ο..
832 5258 1068 5316 Barea„
1099 5259 1164 5309 21
1197 5270 1328 5308 nov.
1363 5258 1510 5310 1739.

520 5354 546 5391 7
582 5350 755 5402 Oonc.
787 5349 1072 5411 Trident„
1105 5362 1248 5401 sesa.
1281 5350 1479 5410 XXIV,
1511 5351 1582 5400 de
1619 5350 1753 5408 res„
1785 5361 1833 5399 c.
1866 5349 1946 5409 183
1988 5348 2339 5399 Benedictus
2374 5347 2525 5406 xlv,
2558 5357 2645 5405 ep.
2682 5361 2712 5394 α
2747 5343 3030 5395 Redditae
3060 5342 3239 5393 Nobis
3272 5358 3319 5400 »,

340 5443 374 5493 9
399 5453 525 5502 apr.
558 5441 705 5494 1746.
