3753 5871
1545 334 1852 395 Praefatio
3054 353 3215 397 xxm

215 543 386 594 eum
439 522 636 594 diem
696 518 940 607 editis,
985 519 1239 606 vetuit,
1284 541 1382 591 ne
1434 520 1631 592 ullae
1688 520 1765 591 in
1827 527 2208 610 posterum
2269 520 2432 594 sine
2501 521 2852 612 peculiari
2911 523 3217 613 Aposto-

215 660 399 733 licae
462 660 680 733 Sedis
742 659 1097 731 mandato
1155 664 1809 750 componerentur:
1859 688 1898 725 «
1942 662 2259 732 Volentes
2308 664 2558 750 icitur,
2601 666 2684 733 ut
2740 664 2879 734 hac
2932 666 3218 743 tantum
3265 656 3268 657 ’

214 807 720 892 compilatione
760 808 1090 875 universi
1131 807 1442 874 utantur
1499 808 1586 875 in
1649 807 1954 876 iudiciis
2011 808 2075 874 et
2132 809 2218 875 in
2276 807 2558 890 scholis,
2604 808 3029 907 districtius.⁸
3053 827 3217 893 pro-

213 949 553 1034 hibemus,
602 969 690 1019 ne
748 952 916 1037 quis
950 950 1384 1035 praesumat
1435 950 1671 1018 aliam
1716 950 1955 1033 facere
2006 948 2270 1035 absque
2313 952 2737 1019 auctoritate
2788 949 2996 1020 Sedis
3040 943 3217 1037 Apo-

209 1094 503 1161 stolicae
552 1092 856 1178 speciali
888 1117 950 1162 ».
1001 1088 1170 1177 Qua
1220 1088 1773 1175 constitutione,
1818 1094 1905 1160 ut
1966 1094 2191 1179 patet,
2236 1090 2458 1161 etiam
2510 1089 2960 1163 authenticis
3007 1090 3219 1162 Inno-

210 1232 435 1305 centii
480 1233 584 1303 111
652 1240 725 1303 et
790 1232 1102 1304 Honorii
1159 1231 1264 1303 III
1317 1233 1964 1320 Gompilationibus
2031 1231 2329 1320 publica
2397 1233 2800 1305 auctoritas
2869 1234 3216 1323 adempta

208 1380 324 1447 est
376 1375 639 1446 omnis.

388 1519 557 1605 Sed,
605 1524 927 1611 quatuor
971 1523 1047 1592 et
1090 1518 1479 1610 sexaginta
1523 1524 1695 1609 post
1741 1540 2005 1605 annos,
2039 1541 2207 1591 cum
2255 1520 2456 1610 leges
2489 1520 2672 1591 satis
2706 1520 2981 1592 multae
3014 1520 3218 1594 iden-

204 1663 434 1735 tidem
493 1664 687 1735 lstae
748 1668 1023 1748 essent,
1069 1683 1262 1753 quae
1323 1666 1534 1734 extra
1594 1661 1926 1752 quinque
1983 1662 2478 1736 Decretalium
2542 1663 2802 1735 Libros
2865 1663 3219 1735 consiste·-

204 1809 395 1889 rent,
460 1805 910 1875 Bonnucms
966 1801 1134 1875 VIII
1192 1803 1523 1895 quinque
1587 1803 1677 1875 iis
1737 1802 1947 1875 libris
1995 1810 2285 1876 sextum
2365 1804 2668 1892 adiecit,
2721 1806 2980 1878 eadem
3044 1805 3217 1878 huic

206 1946 278 2017 vi
343 1951 418 2020 et
475 1947 915 2019 auctoritate
977 1946 1271 2033 collata,
1317 1967 1469 2036 qua
1532 1946 1862 2037 Gregorii
1916 1946 2016 2017 IX
2079 1947 2501 2019 Decretales
2547 1947 2948 2038 pollebant.
3005 1976 3043 2013 «
3092 1948 3220 2019 Sa·

207 2092 625 2160 cresanctae
678 2092 1054 2160 Romanae
1111 2092 1472 2160 Ecclesiae
1534 2129 1571 2140 -
1634 2088 1818 2161 haec
1881 2088 2313 2162 Bonifacius
2375 2090 2452 2160 in
2527 2090 2733 2162 bulla
2786 2091 3216 2183 promulga-

205 2231 439 2303 tionis
481 2232 603 2303 die
650 2233 693 2302 3
743 2232 1018 2303 mensis
1067 2230 1241 2302 maii
1288 2251 1405 2301 an.
1446 2231 1621 2301 1298
1665 2232 1841 2302 data
1870 2270 1909 2285 -
1949 2254 2174 2321 quam
2232 2236 2881 2320 imperscrutabilis
2924 2237 3220 2305 divinae

203 2379 703 2463 providentiae
774 2379 1086 2446 altitudo
1161 2380 1558 2463 universis,
1638 2378 2105 2464 dispositione
2173 2378 2787 2464 incommutabili,
2865 2381 3219 2464 praetulit

208 2522 550 2605 ecclesiis,
613 2523 677 2589 et
735 2523 953 2590 totius
1010 2521 1204 2590 orbis
1250 2523 1740 2606 praecipuum
1796 2521 2108 2591 obtinere
2158 2522 2384 2591 voluit
2443 2523 2986 2609 maaistratum,
3044 2526 3219 2610 reai-

208 2667 399 2735 mini
431 2665 954 2749 praesidentes,
1022 2668 1222 2734 curis
1284 2665 1769 2733 sollicitamur
1833 2668 2199 2735 continuis
2264 2668 2331 2746 et
2394 2666 2708 2735 assidua
2759 2666 3222 2735 meditatione

210 2826 559 2894 urocmur
601 2810 705 2890 ut,
732 2807 953 2876 iuncta
995 2807 1309 2875 creditae
1351 2805 1567 2875 Nobis
1595 2807 2169 2893 dispensationis
2196 2809 2523 2892 officium,
2558 2806 3013 2876 subditorum
3040 2827 3220 2876 com·

208 2953 462 3036 modis,
507 2953 594 3019 in
638 2971 946 3039 quorum
979 2954 1464 3037 prosperitate
1505 2955 1757 3040 utique
1789 2971 2338 3038 prosperamus,
2383 2953 2561 3038 iu9i,
2609 2955 2970 3040 quantum
3004 2950 3220 3021 Nobis

208 3115 301 3165 ecc
345 3097 494 3165 alto
536 3116 946 3166 concessum
988 3098 1235 3182 fuerit,
1277 3097 1803 3166 sollicitudinis
1860 3096 2105 3165 studio
2170 3097 2660 3164 intendamus.
2709 3095 3246 3180 Amplectimur

208 3242 473 3327 quippe
500 3239 971 3323 voluntarios,
984 3260 1127 3325 pro
1171 3242 1501 3325 ipsormn
1545 3241 1797 3328 quiete,
1835 3240 2130 3325 labores,
2166 3242 2233 3309 et
2261 3242 2493 3309 noctes
2522 3231 2956 3326 quandoque
2985 3240 3221 3309 trans-

208 3386 407 3453 imus
470 3386 864 3467 insomnes,
937 3386 1018 3452 ut
1083 3385 1445 3453 scandala
1511 3403 2005 3454 removeamus
2072 3383 2163 3451 ab
2220 3385 2427 3468 ipsis.
2491 3384 2581 3450 Et
2642 3402 2831 3471 quas
2886 3382 3221 3450 humana
3330 3441 3340 3457 ,

208 3529 491 3595 natura
538 3526 792 3612 (novas
833 3546 1108 3612 semper
1154 3529 1644 3612 deproperans
1687 3529 1892 3596 edere
1934 3528 2243 3614 formas)
2295 3527 2454 3596 lites
2512 3527 2830 3613 quotidie
2894 3529 3220 3596 invenire

209 3674 537 3755 conatur,
560 3690 760 3740 nunc
780 3674 1253 3759 antiquorum
1275 3672 1782 3757 declaratione,
1813 3691 2014 3741 nunc
2036 3691 2195 3741 vero
2217 3691 2565 3740 novorum
2587 3670 2895 3740 editione
2915 3673 3220 3754 iurium,

208 3817 422 3900 prout
444 3815 661 3885 Nobis
705 3817 806 3885 est
825 3815 1186 3902 possibile,
1220 3818 1731 3900 reprimamus.
1757 3815 1954 3884 Sane
1982 3836 2146 3884 cum
2180 3816 2346 3900 post
2373 3815 2707 3884 volumen
2737 3814 3218 3883 Decretalimn

211 3979 263 4026 a
317 3958 553 4044 felicis
596 3959 1119 4029 recordationis
1176 3960 1513 4046 Greyorio
1577 3960 1794 4044 Papa
1862 3978 2071 4041 ncnc,
2137 3958 2681 4026 Praedecessore
2734 3956 3006 4040 Nostro,
3070 3958 3221 4023 tam

207 4101 507 4184 prom
549 4102 613 4168 et
657 4101 937 4169 utilem
980 4064 1465 4206 compilatum,
1503 4102 1904 4169 nonnunoe
1934 4100 2026 4169 ab
2072 4119 2149 4168 ω
2194 4102 2256 4168 et
2303 4099 2394 4168 ab
2427 4099 2607 4168 auu
2638 4099 2992 4167 Romanis
3046 4097 3222 4166 Pon-

213 4243 522 4328 tificibus
563 4247 951 4312 successive
993 4255 1215 4329 super
1258 4246 1567 4334 diversis
1611 4245 2020 4314 dicerentur
2087 4245 2428 4313 articulis
2496 4244 2730 4348 editae
2790 4242 3219 4310 Decretales:
3239 4249 3256 4259 '

211 4387 298 4454 de
339 4407 660 4474 quarum
706 4387 1101 4473 aliquibus,
1131 4407 1236 4456 an
1282 4369 1684 4508 Decretales
1728 4390 2132 4471 existerent,
2164 4407 2556 4474 earumque
2585 4385 2996 4455 auctoribus
3025 4384 3223 4454 dubi·

212 4528 504 4597 labatur
545 4530 849 4598 sollicite
890 4533 978 4598 in
1021 4531 1324 4599 iudiciis
1367 4533 1429 4598 et
1477 4533 1560 4599 in
1602 4531 1895 4600 scholis:
1941 4533 2089 4600 Nos
2133 4531 2672 4616 ambiquitatem
2738 4536 2801 4596 et
2860 4530 3223 4596 incertitu-

212 4672 457 4740 dinem
498 4673 957 4755 huiusmodi,
989 4673 1460 4759 dispendium
1495 4674 1842 4759 pluribus
1872 4676 2309 4760 afferentem,
2340 4675 2633 4742 omnino
2681 4673 2919 4741 tollere
2964 4691 3050 4738 ac
3081 4671 3222 4738 elu-

211 4818 456 4885 cidare
514 4817 841 4900 colentes,
911 4838 1100 4903 quae
1156 4821 1245 4887 de
1313 4818 1805 4887 Decretalibus
1866 4820 2055 4903 ipsis
2124 4819 2365 4898 teneri,
2421 4836 2688 4903 quaeve
2747 4816 3071 4884 deberent
3136 4819 3221 4883 in

198 4961 575 5045 posterum
617 4960 1015 5052 refutari
1065 4961 1466 5030 Decretales
1533 4963 1955 5030 huiusmodi
2001 4961 2429 5048 dilioentius
2475 4962 2777 5045 fecimus
2837 4962 3223 5038 recenseri;

207 5105 274 5170 et
319 5103 632 5187 tandem
668 5103 1014 5188 pluribus
1057 5124 1148 5171 ecc
1190 5106 1379 5189 ipsis
1427 5119 1618 5191 (cum
1647 5106 1756 5174 vel
1802 5106 2249 5190 temporales,
2283 5109 2415 5173 aut
2466 5104 2606 5172 sibi
2661 5107 2869 5188 ipsis,
2905 5103 3012 5170 vel
3044 5103 3224 5170 aliis

207 5248 499 5316 iuribus
538 5249 974 5333 contrariae,
1017 5269 1143 5317 seu
1193 5251 1485 5317 omnino
1529 5252 1946 5335 superfluae
2008 5250 2450 5336 viderentur)
2514 5250 2804 5333 penitus
2862 5247 3222 5327 resecatis,

205 5391 558 5477 reliquas,
605 5392 1045 5479 quibusdam
1092 5416 1180 5463 eoe
1223 5396 1323 5463 iis
1369 5394 1817 5480 abbreviatis,
1871 5396 1934 5462 et
1980 5395 2353 5482 aliquibus
2397 5397 2481 5461 in
2527 5395 2661 5461 toto
2689 5369 2813 5460 'vel
2875 5394 2958 5458 in
3008 5393 3224 5475 parte

211 5536 540 5621 mutatis,
587 5537 975 5623 multisque
1021 5541 1588 5625 correctionibus,
1620 5539 2182 5608 detractionibus
2225 5543 2289 5608 et
2334 5537 2831 5607 additionibus
2875 5537 3096 5621 factis
3139 5538 3223 5604 in
