3753 5871
526 263 600 322 84
1662 261 1858 313 codsa
1897 261 1928 312 1
1931 260 2059 311 uris
2107 260 2388 312 canonici

1826 487 2006 556 CAN.
2044 488 2199 555 315.

708 613 743 696 ς
790 615 856 679 1.
906 612 1493 699 Administrator
1517 611 1994 698 Apostolicus
2021 615 2538 695 permanenter
2568 610 3024 678 constitutus
3050 609 3309 676 iisdem
3337 609 3516 676 iuri-

532 721 669 788 bus
701 724 779 788 et
809 721 1208 788 honoribus
1235 720 1545 803 fruitur,
1577 720 1982 804 iisdemque
2013 718 2589 802 obligationibus
2621 722 2940 800 tenetur,
2976 736 3064 785 ac
3105 717 3521 802 Episcopus

534 827 1033 895 residentialis
1072 829 1122 895 ¹.
1864 821 1871 827 ’

712 935 746 1017 ξ
792 935 860 1000 2.
912 935 996 1002 Si
1039 935 1136 1002 ad
1170 939 1462 1018 tempus
1496 934 1720 1002 datus
1757 935 1902 1002 sit:

787 1044 884 1107 1.“
927 1041 1205 1110 Eadem
1239 1043 1407 1109 iura
1448 1060 1536 1110 ac
1568 1041 1801 1110 officia
1836 1042 2082 1126 babet,
2127 1059 2215 1110 ac
2250 1041 2597 1108 vicarius
2628 1039 3112 1124 Capitularioe
3154 1039 3306 1121 sed,
3347 1038 3524 1107 sede

535 1150 777 1233 plena,
823 1154 1069 1234 potest
1118 1150 1505 1218 dioecesim
1548 1150 1855 1218 visitare
1898 1150 1993 1217 ad
2046 1150 2421 1218 tramitem
2466 1149 2673 1231 iuris;
2729 1166 2860 1216 nec
2906 1150 3203 1215 tenetur
3246 1147 3519 1232 obliga·

534 1256 735 1324 tione
780 1257 1266 1341 applicandae
1304 1258 1575 1324 Missae
1614 1276 1753 1342 pro
1796 1257 2095 1342 populo,
2136 1276 2322 1342 quae
2359 1256 2807 1341 Episcopum
2854 1259 3138 1340 gravat3

789 1363 887 1429 2.⁰
931 1365 1049 1432 Ad
1113 1364 1515 1432 honorifica
1576 1365 1968 1449 privilegia
2034 1366 2226 1450 quod
2292 1365 2591 1446 attinet,
2668 1364 2916 1433 valeat
2977 1362 3517 1448 praescriptum

532 1489 696 1538 can.
742 1471 893 1556 3083
938 1473 1064 1540 sed
1110 1472 1481 1556 Episcopo
1525 1473 1676 1557 qui,
1725 1473 1819 1540 ad
1865 1473 2089 1540 aliam
2135 1473 2377 1540 sedem
2435 1472 2874 1554 translatus,
2927 1472 3199 1556 prioris
3250 1470 3529 1538 retinet

538 1577 1283 1661 administrationem,
1339 1579 1419 1646 in
1482 1579 1618 1647 bac
1683 1598 1970 1664 quoque
2019 1580 2269 1647 omnia
2328 1580 2866 1663 Episcoporum
2920 1578 3512 1646 residentialium

534 1683 940 1751 honorifica
978 1685 1369 1771 privilegia
1407 1690 1838 1771 competunt
1881 1685 1931 1752 ².

1831 1862 2007 1929 CAN.
2045 1862 2199 1930 316.

707 1984 741 2066 ξ
790 1986 854 2050 1.
906 1985 989 2052 Si
1018 1984 1609 2052 Administrator
1641 1984 2116 2068 Apostolieus
2150 1984 2490 2065 dioecesi,
2527 1984 2695 2052 sede
2727 1984 2970 2068 plena,
3012 1983 3517 2068 praeficiatur,

532 2091 953 2159 iurisdictio
978 2090 1329 2175 Episcopi
1363 2090 1664 2174 eiusque
1700 2091 1986 2158 Vicarii
2014 2090 2401 2158 Generalis
2437 2091 2917 2174 suspenditur
2950 2089 3002 2156 ³.

713 2198 747 2280 ξ
793 2198 860 2263 2.
910 2183 1349 2282 Quanquam
1399 2202 1647 2265 autem
1697 2199 2286 2267 Administrator
2346 2199 2821 2283 Apostolicus
2871 2198 3222 2283 Episcopi
3273 2202 3523 2264 aucto·

536 2305 749 2372 rita-ti
781 2325 926 2373 non
956 2305 1232 2387 subest,
1267 2325 1412 2373 non
1447 2307 1660 2377 debet
1695 2312 1944 2374 tamen
1973 2326 2050 2374 se
2081 2308 2487 2374 immiscere
2513 2307 2760 2374 causis
2791 2306 3237 2390 Episcopum
3274 2306 3522 2389 ipsum

538 2413 1069 2495 spectantibus,
1104 2431 1335 2498 neque
1370 2414 1448 2481 in
1481 2414 1862 2481 vicarium
1895 2414 2054 2481 eius
2085 2414 2514 2482 Generalem
2545 2414 2902 2481 indicium
2936 2433 3063 2482 seu
3105 2430 3526 2498 processum

539 2519 907 2588 instruere
940 2526 1075 2589 aut
1112 2520 1695 2590 animadvertere
1739 2523 1832 2590 ob
1866 2526 2038 2591 acta
2078 2524 2524 2607 praeteritae
2560 2522 3256 2590 administrationis.

1756 2757 1761 2764 .
1819 2699 1997 2766 CAN.
2042 2700 2196 2767 317.

712 2819 794 2888 Si
830 2820 1190 2905 impedita
1216 2820 1450 2888 fuerit
1478 2820 1900 2890 iurisdictio
1927 2821 2584 2889 Administratoris
2621 2820 3035 2905 Apostolici
3064 2824 3202 2888 aut
3230 2820 3294 2887 si
3328 2819 3524 2887 idem

536 2928 1125 2997 Administrator
1163 2928 1541 3012 defecerit,
1586 2930 1811 2999 Sedes
1859 2930 2294 3015 Apostolica
2332 2931 2588 2999 statim
2630 2933 3037 3012 moneatur3
3076 2932 3154 2998 et
3192 2928 3524 3010 interim,

537 3037 602 3103 si
638 3037 992 3105 dioecesis
1036 3041 1248 3105 vacet
1282 3042 1419 3105 aut
1464 3038 1879 3122 Episcopus
1919 3057 2064 3106 non
2107 3038 2208 3106 sit
2245 3040 2364 3106 sui
2407 3056 2729 3123 compos,
2772 3037 3026 3105 valent
3061 3037 3529 3122 praescripta

532 3162 698 3211 can.
755 3144 885 3211 429
928 3163 1151 3229 seqq.;
1205 3162 1416 3213 secus
1459 3146 1874 3230 Episcopus
1919 3146 2305 3214 dioecesim
2364 3146 2578 3231 regit,
2627 3146 2773 3213 nisi
2824 3146 3048 3214 Sedes
3092 3145 3528 3230 Apostolica

535 3249 743 3318 aliud
791 3251 1329 3334 praestituerit.

1834 3362 2013 3430 CAN.
2049 3363 2203 3430 318.

716 3482 751 3565 ξ
798 3485 863 3548 1.
913 3483 1569 3569 Administratoris
1632 3486 2045 3570 Apostoliei
2100 3485 2520 3554 iurisdictio
2572 3484 2887 3553 Romani
2945 3483 3330 3553 Pontificis
3394 3489 3535 3552 aut

541 3588 891 3674 Episcopi
927 3590 1131 3657 obitu
1172 3610 1317 3659 non
1361 3594 1606 3658 cessat
1633 3590 1686 3658 ⁴.

717 3696 751 3778 ξ
797 3696 864 3762 2.
913 3697 1177 3766 Cessat
1210 3717 1384 3766 vero
1418 3716 1585 3765 cum
1634 3699 2049 3783 Episcopus
2084 3700 2439 3768 dioecesis
2484 3700 2821 3767 vacantis
2859 3700 3389 3784 possessionem
3430 3699 3527 3766 le·

543 3804 798 3888 gitime
829 3805 1111 3889 ceperit
1152 3806 1249 3873 ad
1289 3824 1621 3874 norma-m
1657 3825 1822 3874 can.
1861 3808 2016 3888 334,
2059 3808 2094 3889 ξ
2140 3808 2208 3875 3.

1838 4092 2099 4161 CAPUT
2143 4092 2225 4160 X.

1492 4212 1605 4281 De
1638 4213 2009 4281 Praelatis
2048 4213 2550 4297 inferioribus.

1849 4394 2026 4461 ΟΑΝ.
2061 4393 2215 4461 319.

725 4518 759 4601 ξ
806 4521 872 4585 1.
922 4518 1254 4586 Praelati
1285 4520 1412 4604 qui
1441 4523 1797 4603 praesunt
1826 4518 2211 4585 territorio
2242 4517 2567 4601 proprio,
2603 4519 2949 4600 separato
2982 4514 3077 4581 ab
3105 4513 3307 4581 omni
3335 4512 3532 4580 dioe-

541 4626 717 4711 cesi,
751 4644 919 4694 cum
958 4627 1158 4694 clero
1191 4631 1267 4694 et
1308 4626 1606 4711 populo,
1644 4626 1999 4694 dicuntur
2041 4626 2365 4695 Abbates
2399 4626 2515 4692 vel
2552 4623 2883 4692 Praelati
2916 4619 3228 4705 nullius,
3272 4638 3538 4706 nempe

716 4894 737 4928 ¹
775 4892 838 4944 C.
879 4891 960 4952 42,
1006 4892 1077 4940 aa
1113 4889 1392 4940 electione
1426 4892 1484 4939 et
1529 4888 1702 4939 electi
1736 4891 2048 4947 potestate,
2087 4889 2135 4946 1.
2171 4889 2223 4947 6,
2262 4889 2325 4938 ln
2362 4886 2490 4948 VI⁰3
2522 4898 2570 4937 c.
2618 4887 2668 4947 4,
2708 4887 2779 4935 de
2813 4882 3137 4942 supplenda
3171 4879 3538 4941 molineaus

548 4982 967 5039 praelatorum,
1003 4980 1053 5039 1.
1091 4980 1141 5039 8,
1177 4980 1239 5030 ln
1267 4979 1393 5041 V1⁰;
1433 4978 1491 5030 S.
1526 4978 1592 5030 G.
1628 4979 1733 5038 Ep.
1766 4982 1829 5031 et
1860 4979 2024 5039 neg..
2062 4974 2699 5033 soonam-Pitumnus„
2739 4973 2774 5026 8
2802 4984 2928 5033 apr.
2963 4971 3108 5033 158ος
3139 4969 3537 5027 sarsinaten..

548 5071 615 5121 29
643 5070 786 5120 mail
825 5068 971 5129 1627:
1000 5069 1312 5128 Aquilam,
1344 5068 1409 5119 22
1437 5070 1584 5128 sept.
1616 5067 1764 5129 1628;
1802 5066 2058 5126 Lyden..
2094 5065 2159 5116 22
2190 5068 2337 5125 sept.
2371 5064 2519 5116 1628.

711 5160 738 5197 ²
778 5160 921 5210 Pius
954 5160 1019 5218 X,
1061 5162 1224 5210 motu
1258 5170 1451 5218 propr.
1489 5172 1520 5208 α
1557 5157 1728 5207 Inter
1759 5156 2114 5215 multiplices
2148 5171 2197 5216 n,
2233 5156 2297 5207 21
2332 5156 2479 5207 febr.
2518 5152 2666 5212 1905,
2711 5164 2767 5203 n.
2804 5151 2939 5203 2-12.

713 5251 737 5285 ³
780 5247 837 5299 S.
870 5248 933 5298 O.
975 5248 1079 5306 Ep.
1108 5250 1171 5298 et
1198 5246 1361 5308 neg„
1395 5246 1819 5306 Capuamque-n..
1850 5246 1914 5297 21
1949 5248 2124 5296 mart.
2160 5245 2308 5306 1580:
2337 5243 2585 5301 Nolana,
2617 5242 2682 5293 27
2712 5244 2858 5302 sept.
2893 5242 3040 5292 1641.

712 5340 741 5377 ⁴
776 5337 833 5389 S.
864 5337 928 5388 C.
967 5338 1070 5398 Ep.
1101 5341 1162 5389 et
1188 5337 1351 5397 neg..
1389 5337 1701 5396 Aquilam,
1732 5338 1762 5386 4
1790 5349 1922 5396 aug.
1953 5335 2100 5395 1578:
2127 5336 2382 5395 Lucum„
2413 5334 2479 5385 17
2513 5346 2643 5384 nov.
2672 5333 2820 5392 159ος
2845 5330 3102 5389 Lyden..
3129 5324 3195 5375 22
3219 5322 3347 5375 dec·
3385 5323 3536 5385 1⁶2&

551 5427 863 5486 aprutino,
894 5425 958 5474 24
996 5426 1113 5475 iun.
1144 5426 1291 5476 1749.
