3753 5871
344 300 457 358 298
1482 297 1679 348 Gom
1725 295 1887 348 luo-u
1926 295 2209 347 canonici

615 487 716 553 3:
760 486 1070 553 Publica
1104 485 1450 551 honestas
1489 484 1568 550 in
1601 482 1924 551 secundo
1951 482 2211 567 gradu3

610 596 710 660 4.⁰
755 594 1118 678 cognatio
1153 592 1593 677 spiritualim

611 702 709 767 5.⁰
752 700 1051 768 Crimen
1094 720 1184 768 ex
1224 700 1595 768 adulterio
1636 717 1803 768 cum
1846 701 2331 784 promissione
2381 701 2498 768 vel
2541 701 3037 769 attentatione
3091 700 3341 769 matri·

349 812 579 880 monii
624 812 850 878 etiam
899 830 1030 895 per
1069 811 1357 879 civilem
1398 815 1690 878 tantum
1730 814 1981 879 actum
2015 811 2066 879 ².

530 921 564 1004 ξ
610 922 678 988 3.
729 921 1264 1007 Impedimenta
1304 922 1608 989 maioris
1645 921 1924 1006 gradus
1970 922 2124 988 alia
2161 926 2338 1007 sunt
2376 920 2645 989 omnia.

1620 1131 1798 1199 CAN·
1848 1131 2044 1202 1043.

529 1275 856 1359 Urgente
905 1274 1168 1342 mortis
1218 1274 1574 1359 periculo,
1620 1272 1949 1341 locorum
2002 1270 2409 1355 Ordinarii,
2453 1272 2548 1340 ad
2591 1272 3120 1340 consulendum
3172 1289 3335 1340 con·

347 1384 704 1453 scientiae
731 1390 832 1467 et,
864 1378 928 1451 s‘i
954 1403 1173 1452 casus
1202 1384 1426 1467 ferat,
1459 1383 1984 1470 legitimationi
2012 1383 2270 1468 prolis,
2303 1388 2616 1468 possunt
2646 1387 2805 1449 tum
2838 1400 3061 1466 super
3096 1381 3338 1448 forma

348 1493 427 1561 in
460 1495 917 1563 matrimonii
947 1494 1440 1564 celebratione
1479 1494 1866 1577 servanda,
1905 1499 2066 1563 tum
2108 1512 2330 1578 super
2371 1494 2710 1561 omnibus
2749 1497 2825 1560 et
2859 1491 3176 1577 singulis
3208 1491 3335 1557 im·

351 1604 793 1689 pedimentis
828 1606 1018 1673 iuris
1052 1604 1560 1689 ecclesiastici,
1600 1607 1753 1673 sive
1792 1605 2112 1689 publicis
2149 1606 2303 1672 sive
2339 1606 2674 1688 occultis,
2717 1605 2941 1672 etiam
2982 1605 3337 1689 multipli-

347 1714 582 1797 cibus,
626 1716 952 1800 exceptis
1000 1716 1544 1801 impedimentis
1592 1716 2193 1801 provenientibus
2241 1733 2329 1782 ex
2373 1733 2584 1782 sacro
2633 1715 3189 1801 presbyteratus
3227 1734 3338 1784 or·

346 1825 523 1893 dine
565 1830 642 1895 et
682 1846 770 1894 ex
806 1826 1168 1895 affinitate
1210 1828 1290 1893 in
1324 1826 1521 1894 linea
1556 1831 1786 1909 recta,
1820 1830 2331 1894 consummato
2368 1825 2864 1908 matrimonio,
2911 1825 3342 1909 dispensare

351 1937 693 2021 proprios
717 1937 1053 2004 subditos
1077 1936 1345 2021 ubique
1369 1941 1907 2004 commorantes
1937 1941 2013 2005 et
2044 1954 2293 2003 omnes
2321 1937 2397 2002 in
2432 1937 2734 2020 proprio
2759 1935 3142 2004 territorio
3164 1939 3337 2003 actu

350 2046 724 2131 degentes,
779 2050 1061 2114 remoto
1111 2046 1485 2129 scandalo,
1538 2051 1639 2128 et,
1692 2046 1756 2112 si
1808 2046 2268 2130 dispensatio
2316 2046 2766 2114 concedatur
2816 2063 3040 2129 super
3087 2044 3338 2113 cultus

342 2155 793 2240 disparitate
825 2160 962 2224 aut
993 2156 1226 2225 mixta
1272 2156 1649 2242 religione,
1697 2157 2082 2241 praestitis
2122 2157 2497 2225 consuetis
2534 2156 3006 2224 cautionibus
3036 2154 3089 2221 ².

1620 2377 1797 2444 CAN.
1847 2378 2042 2443 1044.

522 2519 611 2585 In
647 2520 918 2587 eisdem
953 2538 1198 2586 rerum
1238 2520 1614 2588 adiunctis
1645 2521 1735 2588 de
1769 2521 2037 2605 quibus
2068 2522 2147 2588 in
2179 2539 2343 2588 can.
2380 2521 2551 2590 1043
2584 2527 2658 2591 et
2693 2523 2931 2590 solum
2973 2542 3109 2608 pro
3148 2525 3329 2592 casi-

349 2629 487 2696 bus
517 2630 595 2696 in
632 2630 898 2713 quibus
930 2648 1020 2697 ne
1051 2629 1196 2697 loci
1230 2630 1522 2714 quidem
1557 2630 2003 2698 Ordinarius
2033 2630 2228 2698 adiri
2263 2633 2523 2715 possit,
2562 2634 2812 2701 eadem
2855 2633 3334 2717 dispensandi

348 2740 711 2808 facultate
739 2739 969 2825 pollet
999 2746 1158 2808 tum
1187 2740 1577 2826 parochus,
1611 2745 1770 2807 tum
1808 2741 2149 2809 sacerdos
2180 2742 2307 2826 qui
2345 2743 2841 2826 matrimonio,
2877 2744 2972 2812 ad
3005 2762 3334 2812 normam

341 2867 511 2917 can.
558 2849 754 2926 1098,
800 2870 873 2917 n.
928 2851 997 2933 2,
1042 2852 1355 2934 assistit,
1405 2855 1565 2920 tum
1607 2852 2132 2935 confessarius,
2176 2853 2302 2921 sed
2356 2853 2476 2921 hic
2517 2871 2656 2938 pro
2696 2855 2864 2923 foro
2915 2857 3212 2924 interno
3254 2856 3331 2924 in

341 2973 519 3030 actu
567 2961 1128 3029 sacramentalis
1163 2962 1648 3031 confessionis
1685 2968 1979 3032 tantum
2016 2962 2069 3031 ⁸.

1618 3171 1794 3238 cm.
1846 3171 2042 3238 1045.

526 3312 560 3395 ξ
608 3315 673 3379 1.
727 3313 1053 3380 Possunt
1085 3311 1467 3380 Ordinarii
1504 3313 1857 3398 locorum,
1898 3314 2034 3381 sub
2069 3313 2427 3382 clausulis
2468 3316 2549 3381 in
2592 3315 2737 3384 fine
2776 3334 2942 3383 can.
2981 3315 3153 3384 1043
3188 3320 3330 3384 sta·

348 3425 561 3507 tutis,
603 3423 1227 3508 dispensationem
1267 3423 1662 3491 concedere
1704 3442 1928 3508 super
1969 3425 2307 3493 omnibus
2349 3426 2891 3510 impedimentis
2932 3426 3025 3494 de
3070 3426 3335 3511 quibus

348 3533 427 3600 in
459 3535 588 3601 cit.
626 3552 790 3601 can.
829 3534 1024 3616 1043,
1064 3534 1351 3619 quoties
1385 3534 1988 3618 impedimentum
2030 3535 2446 3619 detegatur,
2485 3555 2650 3602 cum
2690 3537 2837 3603 iam
2874 3537 3125 3604 omnia
3158 3540 3338 3603 sunt

349 3648 618 3726 parata
645 3644 738 3711 ad
771 3644 1098 3727 nuptias,
1130 3661 1262 3711 nec
1291 3644 1871 3718 matrimonium,
1904 3645 2064 3712 sine
2093 3645 2458 3728 probabili
2488 3646 2737 3730 gravis
2766 3646 2945 3712 mali
2978 3645 3331 3730 periculo,

342 3752 635 3821 differri
677 3755 914 3838 possit
948 3772 1176 3838 usque
1206 3754 1383 3822 dum
1422 3773 1472 3822 a
1515 3753 1789 3822 Sancta
1830 3753 2016 3823 Sede
2054 3753 2513 3840 dispensatio
2547 3756 2995 3824 obtineatur.

526 3863 559 3945 §
607 3863 673 3929 2.
724 3865 929 3932 Haec
961 3865 1285 3932 facultas
1313 3865 1561 3945 valeat
1591 3883 1878 3950 quoque
1909 3883 2046 3949 pro
2074 3865 2668 3932 convalidatione
2696 3865 3153 3933 matrimonii
3186 3865 3333 3930 iam

345 3974 740 4058 contracti,
773 3976 837 4042 si
869 3975 1056 4044 idem
1097 3975 1505 4060 periculum
1541 3977 1642 4044 sit
1677 3977 1755 4042 in
1794 3994 2004 4043 mora
2034 3994 2164 4044 nec
2197 3979 2488 4060 tempus
2526 3979 2876 4060 suppetat
2909 3973 3334 4042 recurrendi

343 4085 439 4151 ad
476 4086 826 4152 Sanctam
865 4085 1121 4153 Sedem
1145 4088 1199 4153 ⁴.

525 4194 559 4276 ξ
605 4195 673 4261 3.
724 4196 815 4261 In
850 4195 1109 4263 iisdem
1143 4214 1388 4263 rerum
1428 4194 1827 4274 adiunctis,
1870 4195 2120 4263 eadem
2155 4196 2520 4264 facultate
2558 4196 2931 4280 gaudeant
2963 4211 3215 4263 omnes
3244 4195 3335 4264 de

348 4305 615 4391 quibus
651 4307 727 4373 in
766 4324 930 4373 can.
972 4306 1168 4389 1044,
1204 4306 1329 4374 sed
1361 4307 1598 4373 solum
1633 4324 1772 4390 pro
1796 4306 2093 4373 casibus
2123 4305 2435 4374 occultis
2463 4307 2542 4374 in
2577 4307 2843 4391 quibus
2874 4323 2965 4372 ne
3003 4305 3146 4372 loci
3178 4303 3329 4389 qui·

342 4416 511 4484 dem
549 4416 994 4486 Ordinarius
1022 4417 1217 4484 adiri
1248 4417 1509 4500 possit,
1547 4416 1663 4483 vel
1698 4416 1996 4484 nonnisi
2030 4419 2195 4484 c'um
2229 4416 2562 4500 periculo
2586 4414 3012 4483 violationis
3042 4413 3329 4482 secreti.

532 4653 552 4688 ¹
592 4653 749 4705 Ordo
790 4655 1117 4706 servandus
1167 4654 1228 4705 in
1271 4652 1330 4707 8.
1377 4655 1960 4717 congregationibus,
2005 4655 2445 4712 Tribunallbus.
2490 4653 2707 4707 Officiis
2758 4653 3057 4705 Romanae
3097 4654 3333 4714 Curiae,

348 4741 415 4792 29
444 4744 592 4801 sept.
634 4742 781 4802 1908,
816 4742 965 4794 Pars
994 4744 1077 4804 11.
1110 4743 1362 4795 Normae
1393 4745 1738 4804 peculiares,
1770 4754 1898 4803 cap.
1933 4744 2068 4805 vll,
2102 4748 2217 4797 art.
2254 4745 2370 4805 111,
2411 4756 2470 4794 n.
2505 4744 2596 4795 19⁰

527 4833 553 4869 ²
593 4830 650 4881 S.
683 4832 748 4882 Ο.
784 4833 841 4884 S.
875 4832 1013 4891 ΟΠ..
1054 4833 1168 4885 utt.
1216 4833 1433 4894 encycl.
1474 4833 1540 4885 20
1579 4833 1726 4885 febr.
1768 4832 1915 4894 1888:
1950 4833 2014 4884 23
2057 4845 2184 4894 apr.
2222 4834 2371 4893 1890.
2409 4832 2491 4899 ad
2522 4833 2571 4893 15
2614 4833 3016 4894 (mononem),
3055 4832 3121 4884 18
3155 4835 3330 4884 mart.

352 4922 499 4982 1891;
523 4923 554 4972 1
583 4922 685 4973 iul.
723 4921 869 4983 1891;
895 4921 928 4973 0
955 4923 1058 4974 lul.
1089 4922 1236 4983 1898,
1265 4923 1343 4974 ad
1369 4923 1419 4984 3;
1445 4922 1511 4974 12
1535 4934 1662 4983 apr.
1694 4922 1842 4984 1899;
1874 4922 1941 4974 13
1968 4921 2093 4974 dec.
2124 4922 2273 4985 180ae
2303 4923 2457 4974 decr.
2489 4922 2555 4972 21
2588 4922 2711 4974 iun.
2744 4922 2889 4983 1912:
2918 4922 3073 4974 decr.
3112 4922 3178 4972 21
3209 4921 3329 4971 lun.

360 5010 508 5070 1912,
548 5011 626 5062 ad
670 5013 719 5070 1:
758 5009 815 5061 S.
859 5010 924 5063 G.
966 5012 1039 5063 de
1078 5011 1497 5072 sacramentis.
1546 5011 1812 5062 nomm
1847 5015 1909 5062 et
1946 5011 2224 5074 aliarum,
2260 5012 2328 5065 29
2363 5012 2469 5063 lul.
2510 5012 2656 5074 1910:
2695 5011 2753 5064 S.
2793 5011 2858 5063 Ο.
2908 5011 2995 5071 O..
3039 5008 3334 5066 Leodion„

350 5097 418 5150 28
446 5099 590 5149 mail
624 5098 772 5150 1790.

530 5190 556 5226 ³
594 5188 653 5239 S.
686 5187 751 5240 Ο.
787 5188 846 5239 S.
880 5187 1018 5249 011..
1047 5189 1163 5242 ntt.
1199 5191 1417 5251 eneyel.
1447 5191 1480 5241 1
1508 5193 1682 5242 mart.
1717 5190 1865 5253 188oe
1889 5190 1956 5242 23
1988 5202 2115 5250 apr.
2145 5190 2293 5250 1890,
2323 5190 2400 5241 ad
2426 5189 2530 5250 2-43
2553 5189 2588 5241 0
2617 5190 2719 5241 iul.
2749 5188 2897 5247 1898,
2929 5188 3006 5239 ad
3040 5187 3089 5248 3;
3114 5185 3180 5237 13
3207 5185 3331 5236 dec.

351 5276 498 5337 1899:
530 5275 589 5328 S.
625 5276 689 5328 Ο.
734 5278 808 5329 de
843 5277 1259 5338 sacramentis.
1296 5276 1565 5329 Par-men.
1601 5282 1660 5330 ot
1695 5278 1970 5337 aliarum,
2006 5280 2070 5331 14
2103 5280 2248 5331 mall
2282 5280 2429 5339 1909:
2475 5278 2872 5336 venetiarum,
2909 5275 2975 5327 10
3013 5287 3147 5336 aug.
3188 5273 3336 5335 1909ς

354 5359 618 5412 &mena
648 5367 706 5415 et
745 5366 1020 5423 auarum,
1051 5366 1115 5418 29
1149 5367 1251 5417 lul.
1289 5367 1438 5418 1910.

533 5456 561 5490 ⁴
593 5452 650 5502 8.
683 5453 746 5504 Ο.
783 5455 841 5506 S.
874 5454 1012 5516 Off„
1044 5455 1079 5507 0
1110 5456 1211 5507 iul.
1246 5454 1395 5515 lssoe,
1438 5455 1516 5506 ad
1545 5455 1595 5508 8.
