3753 5871
434 330 507 389 22
1568 326 1764 380 00⁴oe
1807 325 1971 380 lum
2009 326 2290 379 canonio!

621 518 656 601 ξ
701 518 769 586 3.
820 517 1188 585 Personae
1215 516 1533 584 morales
1569 516 1723 585 sive
1750 515 2172 602 collegiales
2203 516 2357 584 sive
2387 533 2535 583 non
2563 513 2985 601 collegiales
3021 514 3434 583 minoribus

442 626 1025 711 aequiparantur
1075 625 1123 692 ¹.

1735 730 1913 798 om.
1952 730 2105 797 101.

622 857 654 939 5
703 860 769 923 1.
818 857 1039 924 Circa
1073 858 1287 922 actus
1322 870 1804 940 personarum
1839 853 2231 921 moralium
2265 850 2807 937 collegialium:

705 967 802 1031 1.·
846 964 1012 1031 Nisi
1041 963 1248 1032 aliud
1276 981 1617 1048 expresse
1649 964 1811 1030 iure
1834 961 2207 1029 communi
2234 965 2369 1030 aut
2400 959 2844 1046 particulari
2872 962 3240 1027 statutum
3269 957 3420 1025 tue·

449 1074 573 1158 rit,
625 1074 702 1142 id
752 1074 898 1140 vim
941 1072 1130 1140 iuris
1169 1071 1413 1152 habet,
1458 1072 1677 1157 quod,
1720 1070 2043 1155 demptis
2082 1067 2462 1152 suffragiis
2505 1068 2759 1150 nullis,
2806 1066 3171 1152 placuerit
3224 1064 3423 1150 parti

444 1182 780 1249 absolute
820 1181 1084 1249 maiori
1123 1197 1374 1248 eorum
1430 1179 1555 1264 qui
1599 1177 2035 1262 suffragium
2081 1176 2362 1257 ferunt,
2417 1180 2576 1259 aut,
2625 1182 2791 1261 post
2834 1176 2984 1244 duo
3025 1174 3424 1243 inefficacia

452 1290 840 1371 scrutinia,
894 1289 1098 1373 parti
1148 1288 1456 1356 relative
1504 1285 1771 1353 maiori
1823 1286 1904 1353 in
1968 1284 2195 1353 tertio
2257 1284 2641 1368 scrutini03
2696 1283 2889 1369 quod
2943 1283 3009 1351 si
3062 1283 3423 1368 suffragia

448 1397 789 1482 aequalia
844 1397 1154 1478 fuerint,
1209 1398 1379 1481 post
1424 1396 1729 1464 tertium
1790 1392 2232 1461 scrutinium
2282 1410 2578 1476 praeses
2625 1411 2759 1460 suo
2807 1396 2980 1460 voto
3030 1391 3427 1476 paritatem

446 1505 752 1573 dirimat
782 1508 941 1587 aut,
982 1505 1048 1570 si
1085 1508 1357 1587 agatur
1386 1503 1478 1571 de
1506 1503 1989 1571 electionibus
2017 1506 2094 1571 et
2126 1519 2421 1587 praeses
2452 1519 2588 1582 suo
2618 1505 2791 1568 voto
2820 1500 3220 1585 paritatem
3250 1497 3426 1566 dirl-

450 1632 647 1682 mere
708 1612 922 1694 nolit,
976 1612 1256 1680 electus
1308 1610 1671 1678 habeatur
1732 1610 1978 1679 senior
2028 1610 2286 1678 ordine
2335 1609 2451 1676 vel
2506 1607 2749 1692 prima
2801 1606 3258 1692 professione
3306 1603 3424 1674 vel

444 1722 805 1894 aemma·
848 1828 1061 1908 Quod
1104 1832 1351 1895 autem
1395 1844 1669 1906 omnes,
1715 1827 1826 1893 uti
1880 1825 2236 1911 singulos,
2285 1825 2555 1910 tangit,
2601 1824 2694 1892 ab
2746 1824 3086 1892 omnibus
3128 1823 3429 1909 probari

443 1933 490 2000 d
696 1935 748 2003 ².

494 1935 662 2126 ebe}
707 2043 775 2109 2.
828 2042 910 2111 Si
950 2043 1043 2112 de
1088 2042 1380 2109 actibus
1430 2059 1913 2126 personarum
1956 2039 2345 2108 moralium
2393 2057 2538 2106 non
2583 2038 3077 2124 collegialium
3134 2041 3429 2124 agatur,

448 2155 833 2220 serventur
869 2149 1360 2236 particularia
1399 2153 1689 2218 statuta
1725 2167 1814 2216 ac
1853 2166 2153 2216 normae
2198 2147 2390 2215 iuris
2435 2146 2869 2229 communis,
2913 2165 3101 2232 quae
3139 2145 3428 2214 easdem

454 2276 804 2342 personas
846 2258 1277 2344 respiciunt.

1742 2364 1921 2432 CAN.
1960 2363 2111 2431 102.

629 2490 664 2574 5
710 2491 777 2555 1.
827 2488 1156 2556 Persona
1191 2487 1520 2569 moralis,
1562 2489 1835 2554 natura
1870 2504 2032 2569 sua,
2072 2487 2434 2570 perpetua
2476 2489 2612 2569 est;
2649 2484 3152 2568 exstinguitur
3187 2486 3435 2550 tamen

451 2600 515 2666 si
553 2616 599 2665 a
637 2598 984 2684 legitima.
1015 2596 1464 2663 auctoritate
1504 2593 2041 2679 supprimatur,
2082 2594 2198 2661 vel
2237 2593 2302 2660 si
2344 2611 2475 2678 per
2521 2596 2818 2661 centum
2858 2608 3222 2658 annorum
3266 2607 3427 2675 spa·

452 2704 640 2772 tium
674 2723 831 2772 esse
854 2702 1182 2771 desierit.

628 2812 662 2895 §
709 2811 775 2878 2.
828 2810 909 2879 Si
956 2811 1072 2879 vel
1111 2827 1339 2877 unum
1377 2830 1466 2878 ex
1505 2828 1862 2896 personae
1899 2808 2203 2877 moralis
2238 2808 2647 2894 collegialis
2685 2808 3032 2876 membris
3079 2808 3429 2893 supersit,

451 2920 571 2989 ius
596 2920 923 2989 omnium
954 2919 1034 2987 in
1065 2918 1251 2987 illud
1290 2918 1554 2986 recidit
1594 2917 1646 2985 ³.

1739 3042 1918 3109 om.
1959 3040 2109 3108 103.

633 3170 667 3253 5
714 3171 781 3236 1.
831 3171 1090 3251 Actus,
1139 3186 1321 3253 quos
1360 3182 1675 3251 persona
1718 3165 1869 3232 sive
1921 3163 2226 3250 physica.
2264 3163 2417 3231 sive
2455 3162 2761 3230 moralis
2809 3162 3025 3247 ponit
3072 3180 3162 3231 ex
3201 3161 3280 3230 vi
3317 3179 3432 3229 ex·

453 3278 800 3362 trinseca,
832 3277 956 3345 cui
988 3276 1236 3345 resisti
1275 3294 1420 3343 non
1456 3273 1715 3359 possit,
1749 3291 1890 3358 pro
1917 3272 2217 3341 intectis
2250 3271 2616 3339 habentur
2674 3270 2728 3337 ⁴.

631 3386 666 3469 ς
712 3385 779 3451 2.
829 3386 1071 3455 Actus
1088 3384 1315 3469 positi
1348 3403 1434 3451 ex
1463 3386 1664 3451 metu
1691 3382 1901 3467 gravi
1931 3386 2007 3450 et
2030 3381 2309 3448 iniuste
2342 3378 2638 3447 incusso
2668 3377 2786 3446 vel
2815 3396 2904 3446 ex
2930 3376 3125 3458 dolo,
3155 3376 3435 3454 valent,

455 3494 600 3563 αἰεὶ
623 3493 831 3562 aliud
859 3493 1023 3561 iure
1044 3496 1416 3574 caveatur3
1440 3491 1565 3559 sed
1591 3495 1904 3575 possunt
1927 3489 2022 3558 md
2052 3505 2382 3557 normam
2412 3506 2579 3555 can.
2612 3484 2987 3553 16844689
3009 3503 3142 3569 per
3167 3482 3438 3551 iudicis

459 3603 900 3671 sententiam
945 3600 1289 3680 rescindi,
1326 3599 1477 3668 sive
1511 3599 1604 3666 ad
1642 3598 2072 3683 petitionem
2111 3596 2351 3681 partis
2392 3595 2635 3663 laesae
2668 3594 2821 3662 sive
2855 3612 2944 3662 ex
2979 3590 3218 3661 officio
3254 3590 3307 3657 ⁸.

1740 3772 1918 3840 CAN.
1959 3771 2110 3838 104.

631 3902 866 3971 Error
925 3905 1174 3969 actum
1225 3899 1524 3967 irritum
1580 3897 1848 3980 reddit,
1903 3895 1968 3964 si
2015 3898 2353 3964 versetur
2411 3895 2618 3963 circa·
2664 3894 2743 3962 id
2795 3892 2989 3980 quod
3040 3888 3441 3959 constituit

458 4011 952 4082 substantiam
991 4013 1206 4077 actus
1238 4008 1355 4077 vel
1404 4007 1688 4075 recidat
1724 4006 1802 4073 in
1842 4004 2337 4073 conditionem
2378 4002 2538 4070 aine
2575 4020 2723 4088 qua
2769 4016 2941 4078 non:
2980 4016 3190 4066 secus
3227 4001 3445 4066 actus

456 4121 678 4204 valet,
705 4120 853 4189 nisi
881 4118 1088 4186 aliud
1113 4118 1274 4185 iure
1293 4119 1667 4199 caveatnr3
1692 4114 1817 4183 sed
1845 4114 1923 4181 in
1953 4112 2462 4181 contractibus
2485 4130 2695 4181 error
2719 4112 2961 4179 locum
2992 4108 3173 4178 dare
3198 4111 3448 4194 potest

457 4228 733 4297 actioni
769 4225 1237 4296 rescissoriae
1273 4225 1369 4292 ad
1407 4238 1739 4290 normam
1783 4221 1973 4288 iuris
2023 4220 2073 4286 ⁸.

627 4497 648 4533 ¹
684 4496 751 4549 Ο.
779 4497 832 4557 1,
867 4497 920 4556 3,
951 4495 1017 4553 X.
1048 4494 1120 4544 dc
1153 4492 1219 4542 in
1248 4491 1542 4552 {neeman
1568 4486 1969 4546 mutumne,
2002 4487 2052 4545 1.
2084 4488 2167 4538 41.

623 4591 649 4627 ²
684 4589 752 4642 O.
782 4589 835 4648 1.
866 4589 950 4650 22,
981 4587 1065 4648 42,
1094 4585 1179 4647 48,
1209 4584 1294 4645 ⁶⁰.
1324 4583 1408 4642 ⁶5.
1438 4583 1522 4643 57,
1551 4583 1620 4643 X,
1657 4581 1731 4632 do
1756 4578 2039 4631 electione
2066 4583 2126 4632 ct
2155 4578 2330 4631 electi
2356 4580 2671 4639 potestate,
2708 4575 2759 4637 1,
2787 4573 2839 4636 ῦς
2865 4585 2917 4626 c.
2947 4574 2999 4635 2,
3031 4575 3100 4634 Χ,
3130 4576 3204 4627 de
3233 4583 3445 4625 msu-

462 4681 733 4739 cumonc,
775 4680 827 4741 1,
858 4680 909 4742 ος
937 4690 988 4730 c.
1030 4677 1082 4738 7,
1114 4677 1183 4738 Χ,
1220 4675 1292 4725 ac
1323 4671 1511 4734 officio
1544 4671 1967 4730 amanuensi,
2002 4670 2053 4731 1.
2088 4670 2171 4732 233
2201 4682 2251 4722 c.
2294 4670 2349 4732 0,
2380 4670 2448 4731 x,
2484 4670 2557 4721 ae
2589 4665 2703 4722 ms,
2736 4674 2888 4726 mc
2925 4665 3079 4726 flunt
3107 4677 3147 4716 a
3175 4664 3445 4726 proauo

459 4773 588 4825 eino
618 4784 901 4825 conamus
924 4769 1193 4833 capituli,
1220 4766 1337 4826 111,
1361 4765 1445 4828 1⁰3
1472 4777 1523 4817 c.
1549 4767 1602 4826 1,
1629 4765 1683 4826 4,
1707 4764 1775 4824 Χ,
1806 4765 1879 4815 ae
1906 4763 2019 4822 his,
2050 4773 2201 4824 quac
2221 4763 2375 4824 nunt
2405 4773 2445 4811 a
2468 4757 2683 4810 maiori
2706 4759 2877 4818 parto
2908 4755 3177 4818 capuan,
3204 4756 3323 4816 111.
3354 4756 3441 4817 ug

457 4877 507 4917 c.
534 4863 618 4924 23,
652 4865 723 4915 as
745 4862 1029 4915 electione
1054 4864 1114 4912 et
1144 4857 1321 4911 olem
1341 4860 1656 4918 voceuoce,
1686 4856 1738 4917 1.
1764 4855 1816 4916 0,
1847 4853 1912 4906 in
1938 4855 2064 4917 V1⁶;
2092 4855 2233 4914 Res.
2262 4851 2347 4911 20,
2382 4850 2455 4903 Β.
2482 4850 2565 4909 J..
2593 4849 2659 4900 in
2682 4847 2811 4907 VD:
2845 4845 2905 4899 Β.
2936 4847 3004 4900 0.
3037 4849 3146 4909 Dp.
3176 4850 3242 4900 et
3270 4845 3441 4910 Bet„

464 4952 777 5005 Graviaen.
814 4956 869 5002 et
905 4951 1126 5003 Montis
1159 4950 1402 5007 Pelusii,
1438 4950 1506 5000 30
1540 4949 1642 4999 iul.
1681 4945 2056 4999 lma-vide
2091 4944 2270 4995 etlam
2309 4954 2436 4995 can.
2475 4942 2592 4998 172,
2631 4944 2659 5008 ξ
2700 4943 2759 4998 1:
2783 4942 2924 4992 ‘526.
3067 4993 3076 5004 .

639 5044 666 5083 ³
706 5042 760 5092 S.
797 5041 858 5092 C.
890 5039 971 5101 C..
1006 5041 1355 5089 armacana.
1393 5039 1457 5087 12
1492 5038 1664 5086 mart.
1702 5034 1864 5091 1672:
1911 5032 2286 5088 For-olivum,
2324 5031 2389 5081 16
2427 5032 2573 5088 sept.
2612 5028 2766 5086 1871,
2802 5028 2876 5079 ad
2915 5031 2961 5079 1.

643 5134 670 5171 ⁴
707 5129 766 5180 C.
800 5130 847 5186 5.
879 5127 949 5186 X,
984 5128 1055 5177 de
1088 5127 1198 5185 hu,
1229 5135 1378 5186 qaae
1407 5126 1467 5175 vi
1500 5126 1764 5175 metusve
1799 5131 1979 5171 causa
2012 5120 2179 5177 nunt,
2212 5119 2256 5177 1,
2290 5119 2382 5177 4ος
2423 5130 2469 5168 c.
2505 5118 2554 5174 5,
2587 5116 2658 5174 X,
2693 5117 2763 5166 de
2793 5116 3021 5176 remam
3051 5116 3223 5175 ium,
3252 5114 3318 5170 V,
3352 5113 3448 5173 ⁴1:

468 5219 604 5277 Reg.
641 5217 725 5274 64,
762 5217 826 5267 R.
860 5216 931 5273 J..
966 5216 1028 5265 in
1063 5214 1192 5265 V10.
3451 5200 3464 5210 “

638 5309 664 5358 5,
701 5305 760 5356 C.
796 5305 896 5361 2-4,
929 5304 978 5361 0,
1010 5302 1079 5358 X,
1114 5304 1185 5351 de
1215 5302 1325 5351 his.
1358 5311 1505 5361 quoe
1536 5301 1595 5350 vi
1630 5299 1897 5350 metusve
1931 5306 2109 5346 causa
2139 5294 2305 5352 num,
2342 5293 2385 5347 1.
2418 5293 2510 5351 40;
2554 5305 2599 5341 c.
2635 5292 2684 5350 2,
2717 5291 2788 5347 Χ,
2822 5292 2894 5339 de
2924 5287 3186 5344 arbum,
3220 5288 3262 5345 1.
3298 5288 3461 5339 43.—

465 5392 609 5442 Vide
640 5392 822 5442 etiam
853 5402 978 5440 can.
1011 5390 1129 5446 169,
1163 5391 1192 5455 5
1227 5390 1273 5445 1,
1305 5399 1361 5438 n.
1396 5390 1451 5445 1;
1495 5387 1622 5445 185:
1665 5387 1784 5443 572,
1817 5385 1901 5451 gl,
1933 5395 1989 5433 n.
2026 5386 2082 5441 4;
2128 5381 2287 5438 1087;
2333 5379 2486 5435 1307,
2536 5382 2565 5444 ξ
2605 5379 2662 5435 3;
2713 5376 2865 5434 1317,
2903 5379 2935 5443 ς
2975 5375 3022 5426 2.

641 5482 669 5520 ⁰
705 5478 764 5529 C.
798 5477 1009 5535 XXIX,
1040 5490 1091 5536 q,
1126 5478 1181 5534 1:
1224 5477 1278 5528 S.
1307 5474 1368 5525 C.
1398 5474 1473 5524 tle
1505 5475 1672 5532 Prop.
1707 5472 1867 5530 F'ide,
1903 5472 2072 5521 instr.
2102 5473 2131 5521 ·l
2167 5471 2276 5520 oct.
2316 5465 2688 5517 lma-Vide
2713 5466 2900 5516 ‘etiam
2937 5476 3062 5515 can.
3098 5465 3260 5522 108&
3303 5463 3464 5515 1084.
