3753 5871
214 132 520 198 [erata-tto
552 131 760 196 mul:

337 211 619 264 exercitiis
643 208 1083 276 praemittendis,
1110 207 1257 270 10013
1282 206 1352 258 de
1373 205 1579 257 ritibus
1601 205 1659 255 et

337 292 701 344 caeremoniis
719 291 776 342 in
794 303 955 341 sacra
971 287 1325 340 ordinatione
1347 283 1658 346 servandis,

341 372 635 430 1ω9-1005ς
687 369 1071 422 ordinationes
1122 365 1414 434 generales
1465 364 1659 417 haberi

1760 123 2056 189 [Pactum12

1884 202 2215 267 explicitum
2255 202 2376 254 sive
2416 202 2771 268 implicitum,
2804 203 2875 254 de
2914 203 3210 255 educanda

1883 283 2037 350 prole
2071 284 2231 334 extra
2256 281 2594 334 catholicam
2620 283 2919 336 Ecclesiam
2944 283 3204 349 iniquum

1884 364 1989 422 est,
2024 364 2083 414 et
2114 376 2228 428 qua
2272 376 2453 427 poena
2497 364 2790 428 puniatur,
2822 364 2950 416 2319
2981 363 3013 429 5
3036 365 3062 414 1
3098 379 3154 417 n.
3178 363 3212 414 Ξ

340 452 546 504 debent
584 451 821 517 publice,
857 450 915 500 in
958 447 1193 500 ecclesia
1234 446 1337 498 loci
1386 445 1658 512 digniore,
1884 442 1995 508 5&
2029 443 2168 508 quid
2198 443 2268 494 de
2301 444 2464 508 pacto
2496 443 2569 494 ab
2603 442 2874 508 Episcopo
2903 444 3052 495 inito
3081 457 3209 495 cum

341 533 633 598 praesente
655 530 822 590 clero,
859 530 981 582 1009
1001 528 1033 593 5
1056 530 1107 590 1;
1131 527 1515 579 ordinationes
1538 538 1662 590 par-
1882 524 2197 576 ordinando
2218 525 2279 576 in
2302 524 2476 575 sacris
2501 525 2669 577 titulo
2689 526 2963 577 canonico
2983 526 3212 577 carente

340 612 605 664 ticulares
634 612 805 662 etiam
836 611 896 661 in
927 608 1054 660 aliis
1086 607 1352 663 ecclesiis,
1391 608 1501 657 imo
1523 603 1661 657 etin
1885 604 1956 656 de
1988 617 2101 656 non
2124 604 2389 671 petendis
2420 604 2731 665 alimentis,
2762 606 2860 657 980
2901 605 2933 670 5
2965 608 3013 658 3.

339 692 584 743 oratorio
627 689 829 741 domus
861 687 1194 754 episcopalis
1224 688 1327 737 aut
1364 683 1660 737 Seminarii
1759 686 1975 736 Pallae:
2012 693 2150 737 ante
2191 684 2463 737 lotionem
2506 686 2734 737 nonnisi
2768 699 2805 737 a
2835 685 3055 737 clericis
3087 687 3210 738 tan-

341 772 443 822 aut
475 771 676 822 domus
709 769 1022 834 religiosae,
1062 766 1186 820 1009
1217 766 1249 832 5
1270 767 1328 825 2;
1362 763 1664 816 ordinatio·
1886 765 2122 832 gendae,
2147 766 2273 819 1306
2296 765 2330 832 5
2355 766 2407 826 1;
2442 780 2478 817 a
2499 766 2711 831 quibus
2729 766 3065 827 abluendae,
3094 766 3214 821 1³06

343 865 443 902 nes
464 850 537 901 ad
560 853 851 901 tonsuram
883 850 940 899 et
974 848 1215 898 minores
1236 845 1460 897 ordines
1491 845 1661 895 etiam
1886 846 1919 912 5
1939 845 1988 896 Ξ.

338 931 399 981 in
445 931 706 982 oratoriis
754 928 1005 994 privatis,
1052 926 1176 978 1009
1216 926 1249 990 5
1281 928 1339 988 33
1383 937 1660 991 quaenam
1762 926 2022 977 Paulum:
2058 926 2198 990 quid
2230 926 2527 991 significet,
2552 928 2611 978 et
2643 927 2796 979 intra
2816 928 2966 993 quod
2988 929 3214 993 tempus

339 1011 456 1061 sint
482 1009 733 1075 legitima
764 1008 1183 1059 ordinationum
1217 1011 1486 1070 tempora,
1511 1002 1660 1064 1006;

268 1092 277 1101 ”
341 1090 391 1141 si
422 1088 649 1155 quando
681 1087 962 1141 ordinatio
994 1086 1254 1138 iteranda
1288 1086 1376 1137 est
1409 1085 1495 1136 vel
1518 1084 1663 1136 ritus

339 1171 567 1237 quidam
599 1169 967 1235 supplendus,
1000 1168 1055 1218 id
1088 1167 1304 1218 secreto
1326 1165 1445 1217 fleri
1478 1165 1663 1230 potest

342 1253 399 1301 et
430 1252 591 1302 extra
623 1253 893 1314 tempora,
929 1246 1078 1310 1oo7;
1112 1246 1181 1297 de
1207 1246 1575 1297 adnotatione
1608 1244 1665 1296 et

341 1331 669 1383 testimonio
704 1331 961 1394 peractae
993 1327 1364 1379 ordinationis
1391 1325 1540 1390 (vide
1561 1325 1664 1376 Aa·

311 1420 326 1445 ·
347 1413 580 1472 notatio,
628 1412 983 1469 Documenta,
1029 1408 1183 1459 Libri
1231 1406 1467 1466 Curiae,
1512 1406 1666 1457 Libri

332 1491 753 1558 parumn
787 1490 855 1540 de
877 1489 1233 1540 accusatione
1264 1487 1561 1550 susceptae
1582 1499 1667 1537 or-

342 1570 667 1631 dinationis.
714 1568 982 1622 1993-1998
1024 1567 1174 1631 (vide
1215 1567 1423 1618 causae
1459 1569 1669 1617 contra

343 1664 585 1703 sacram
603 1650 1082 1710 ordinationem);
1102 1648 1171 1698 de
1181 1646 1383 1697 clerico
1399 1646 1496 1710 qui
1514 1646 1668 1696 metu

345 1732 504 1798 gravi
544 1731 772 1782 coactus
816 1728 1225 1780 ordinationem
1277 1726 1504 1790 recepit,
1545 1725 1666 1785 21⁴3

348 1810 416 1862 de
440 1810 661 1862 delictis
687 1812 744 1860 et
778 1810 973 1874 poenis
995 1809 1054 1859 in
1075 1806 1559 1858 administratione
1582 1805 1669 1855 vel

1886 1020 1923 1057 a
1955 1005 2310 1071 metropolita
2341 1007 2666 1072 petendum,
2687 1007 2809 1068 275;
2837 1008 2977 1074 quid
3010 1008 3080 1058 de
3102 1007 3210 1060 Me·

1889 1086 2157 1151 tropolita
2177 1086 2275 1151 qui
2304 1086 2543 1151 pallium
2567 1088 2814 1139 nondum
2839 1089 3069 1152 recepit,
3090 1088 3211 1149 3763

1891 1166 2022 1231 quis
2071 1166 2210 1217 illud
2262 1167 2537 1232 imponat,
2570 1168 2667 1220 239
2698 1167 2805 1233 533
2844 1168 3075 1232 quando
3110 1166 3216 1220 Me-

1890 1246 2156 1311 tropolita
2188 1260 2256 1298 eo
2303 1248 2385 1297 uti
2423 1248 2625 1312 potest,
2658 1248 2779 1309 2773
2816 1248 2955 1313 quid
2989 1249 3036 1299 si
3073 1247 3211 1300 illud

1891 1326 2145 1378 amiserit
2177 1326 2264 1378 vel
2300 1327 2422 1392 ipse
2453 1327 2525 1377 ad
2557 1326 2723 1378 aliam
2747 1327 2946 1381 Sedem
2982 1330 3217 1380 transfe-

1893 1408 2070 1466 ratur,
2102 1406 2229 1468 2'783
2264 1420 2340 1457 an
2375 1407 2610 1472 pallium
2634 1408 2994 1465 commodari.
3018 1408 3216 1459 donari

1892 1488 1995 1538 aut
2027 1488 2368 1540 testamento
2398 1487 2645 1552 relinqui
2673 1488 2872 1552 possit,
2895 1490 2953 1540 et
2975 1489 3114 1554 quid
3145 1489 3215 1541 de

1896 1580 1963 1618 eo
1997 1567 2056 1619 in
2089 1581 2225 1619 casu
2261 1569 2476 1628 mortis,
2510 1567 2623 1619 279.

1767 1647 1960 1699 Panis:
1990 1660 2222 1712 azymus
2251 1661 2328 1698 an
2363 1647 2737 1700 fermentatus
2765 1646 3125 1699 adhibendus
3157 1649 3218 1701 in

1895 1726 2273 1779 celebratione
2310 1726 2530 1787 Missae,
2573 1729 2694 1789 8163
2732 1728 2789 1779 in
2824 1729 3221 1781 communione

1896 1806 2168 1869 fidelium,
2187 1809 2307 1869 8513
2334 1808 2394 1859 in
2416 1808 2630 1860 viatico
2653 1808 3025 1860 morientibus
3044 1809 3223 1861 admi·

343 1891 702 1956 susceptione
732 1889 1010 1948 ordinum,
1043 1887 1189 1949 2364,
1223 1885 1498 1940 2370-2374
1522 1885 1671 1950 (vide

350 1971 704 2022 Consecratlo
726 1969 1089 2036 episcopalis.
1119 1970 1367 2020 uttam
1399 1966 1675 2018 dimisso-

1893 1891 2217 1947 nistrando.
2245 1892 2347 1940 860
2376 1895 2404 1956 ξ
2434 1892 2490 1945 3;
2525 1891 2633 1940 sub
2663 1891 2790 1940 sola
2813 1893 3008 1948 specle
3033 1895 3206 1951 panis

1895 1978 2231 2026 communio
2272 1977 2687 2032 ministranda.
2730 1978 2846 2027 852.

1772 2049 2105 2099 Pal-amenta
2137 2062 2320 2100 sacra:
2345 2049 2404 2099 in
2432 2048 2808 2100 celebratione
2841 2048 3041 2100 Missae
3072 2049 3222 2102 dese·

1900 2127 2075 2180 renda
2097 2130 2155 2179 et
2175 2141 2343 2194 quae,
2359 2130 2480 2192 8¹13
2506 2129 2577 2180 de
2598 2142 2794 2181 eorum
2815 2129 3222 2193 benedictione,

1904 2209 2044 2269 1314,
2081 2210 2219 2262 1305.

1774 2289 2072 2341 Parentes:
2105 2289 2441 2355 gravissima
2461 2288 2813 2354 obligatione
2846 2291 3113 2341 tenentur
3132 2303 3226 2342 cu·

221 2051 720 2186 01113331·Ξὲῦοζο
746 2131 802 2181 in
836 2129 1154 2194 cognitione
1173 2140 1493 2187 causarum,
1526 2138 1674 2192 quae

351 2212 424 2262 ad
457 2210 706 2262 tribunal
740 2209 1012 2261 deductae
1046 2209 1199 2269 sunt,
1238 2207 1379 2260 1627.

215 2292 370 2346 eran
401 2292 706 2355 regularis:
750 2291 872 2356 qui,
906 2289 1001 2341 488
1044 2303 1099 2340 n.
1135 2288 1191 2351 23
1227 2289 1297 2340 de
1338 2288 1464 2339 eius
1495 2285 1662 2353 privi-

346 2370 529 2437 legiis,
558 2371 672 2423 613.

212 2451 520 2516 Orsum:
556 2452 803 2516 tempore
836 2450 1135 2508 interdicti,
1168 2449 1287 2499 2271
1342 2461 1396 2500 n.
1435 2450 1480 2498 2.

214 2531 530 2585 orientales
562 2545 660 2582 seu
694 2530 999 2581 catholicos
1021 2530 1165 2580 ritus
1186 2527 1476 2580 orientalis
1500 2541 1667 2594 gene·

346 2612 512 2663 ratim
542 2610 727 2663 Codex
760 2624 871 2661 non
906 2609 1148 2675 respicit,
1183 2609 1309 2668 etc..
1344 2609 1399 2671 1;
1433 2622 1504 2659 an
1539 2621 1668 2658 con·

344 2692 676 2743 firmationis
691 2693 1103 2742 sacramentum
1121 2692 1370 2741 conferre
1387 2689 1524 2754 ipsis
1545 2701 1670 2754 pos-

347 2774 426 2824 sit
472 2772 732 2824 sacerdos
783 2770 994 2823 latinus
1043 2771 1138 2835 qui
1195 2769 1476 2821 indultum
1525 2768 1666 2820 illud

348 2852 669 2905 conferendi
713 2851 901 2911 habet,
945 2850 1040 2901 782
1080 2851 1112 2916 5
1144 2850 1202 2912 ἂς
1242 2865 1317 2901 an
1360 2850 1669 2916 presbyteri

346 2934 649 2987 orientales
681 2933 899 2999 possint
924 2931 1064 2984 illud
1085 2932 1337 2984 conferre
1359 2930 1670 2983 infantibus

348 3015 511 3067 latini
551 3016 713 3076 ritus,
746 3014 841 3065 782
878 3015 910 3080 5
940 3015 999 3074 5;
1034 3014 1172 3079 quid
1215 3014 1284 3065 de
1325 3012 1671 3064 admittendo

350 3097 438 3148 vel
464 3110 574 3148 non
599 3095 886 3148 sacerdote
907 3096 1165 3148 orientali
1198 3097 1469 3147 extraneo
1502 3094 1672 3146 eccle-

350 3179 471 3230 siae
511 3177 567 3228 in
608 3191 724 3243 qua
760 3177 883 3228 vult
921 3177 1224 3237 celebrare,
1266 3176 1388 3239 8043
1431 3176 1566 3242 quid
1601 3175 1672 3227 de

349 3257 719 3310 orientalibus
749 3258 1109 3309 absolvendis
1140 3272 1175 3310 a
1207 3258 1494 3310 sacerdote
1527 3259 1673 3308 ritus

350 3338 532 3400 latini,
553 3339 644 3389 881
679 3338 713 3404 5
738 3340 791 3400 1;
825 3353 899 3389 an
928 3338 1228 3404 Episcopus
1258 3338 1473 3390 latinus
1498 3338 1674 3403 possit

348 3419 575 3471 ordines
603 3419 854 3470 conferre
887 3419 957 3469 iis
996 3419 1094 3484 qui
1128 3419 1200 3470 ad
1232 3420 1404 3470 ritum
1435 3418 1675 3470 orienta-

350 3499 460 3550 lem
504 3500 807 3564 pertinent,
854 3498 950 3549 955
990 3499 1023 3564 5
1054 3499 1112 3560 23
1155 3513 1229 3550 an
1261 3498 1498 3550 clericus
1531 3499 1675 3549 ritus

348 3579 642 3632 orientalis
680 3580 861 3646 possit
893 3580 1009 3631 ritu
1040 3578 1219 3630 latino
1249 3578 1320 3629 ad
1355 3576 1674 3643 superiores

350 3660 578 3711 ordines
615 3660 947 3726 promoveri,
992 3658 1142 3721 10043
1185 3658 1254 3710 de
1302 3657 1674 3710 orientalibus

349 3740 643 3793 catholicis
673 3755 804 3793 cum
838 3740 1133 3793 catholicis
1170 3740 1364 3792 latinis
1395 3739 1675 3795 matrimo-

352 3821 514 3874 nium
556 3822 1029 3874 contrahentibus
1065 3821 1252 3887 quoad
1288 3821 1521 3872 formam
1563 3834 1677 3872 ser·

355 3903 612 3964 vandam,
640 3904 763 3955 1099
794 3904 826 3969 5
852 3906 875 3954 1
913 3918 970 3956 n.
995 3902 1052 3965 3;
1088 3903 1158 3954 dc
1190 3903 1467 3954 catholico
1494 3902 1677 3954 orlen-

352 3984 457 4036 tali
491 3984 844 4036 admittendo
876 3983 966 4034 vel
993 3997 1109 4035 non
1141 3982 1211 4034 ad
1245 3984 1579 4035 novitiatum
1612 3982 1673 4034 in

352 4063 623 4129 religioso
650 4064 915 4115 instituto
937 4063 1138 4124 latino,
1161 4063 1257 4114 549.
1277 4078 1333 4113 n.
1356 4064 1406 4123 Ξ,
1429 4064 1498 4114 cr.
1521 4062 1675 4126 ‘hl-m

351 4158 426 4195 an
476 4144 535 4196 et
582 4144 797 4210 quibus
842 4143 1079 4195 cautelis
1127 4142 1407 4195 ordinarii
1457 4144 1678 4209 possint

349 4225 656 4276 orientales
676 4224 979 4277 admittere
993 4224 1065 4275 ad
1082 4224 1285 4290 stipem
1305 4224 1678 4291 colligendam

353 4305 412 4355 in
453 4320 558 4357 sua
588 4305 850 4365 dioecesi,
882 4303 979 4355 622
1011 4305 1043 4368 5
1064 4304 1113 4356 4.

216 4387 707 4452 Orphanotrophi·
740 4385 871 4438 vide
905 4388 1173 4438 Instituta
1204 4388 1599 4439 ecelesiastica.

214 4468 460 4522 ostent·
490 4480 710 4533 semper
745 4467 1099 4532 baptizanda,
1124 4467 1327 4519 saltem
1359 4468 1469 4519 sub
1489 4467 1679 4519 condi-

352 4548 526 4609 tione,
565 4550 623 4599 et
660 4547 802 4613 quid
849 4548 906 4598 in
950 4547 1123 4599 dubio
1166 4562 1395 4599 unusne
1440 4561 1515 4599 an
1560 4547 1679 4598 sint

350 4628 546 4695 plures
583 4628 863 4688 homines,
896 4627 1008 4679 748.

214 4773 468 4841 Pactum
494 4790 632 4839 inire
666 4788 737 4840 de
766 4788 1061 4841 immodico
1083 4789 1462 4842 emolumento
1484 4788 1573 4841 vel
1600 4790 1678 4841 rei

351 4870 639 4938 litigiosae
694 4875 853 4937 parte
908 4873 1193 4925 vindicata
1244 4874 1537 4926 advocatis
1590 4873 1678 4925 vel

352 4952 811 5018 procuratoribus
865 4967 980 5004 non
1033 4952 1183 5011 licet.
1246 4955 1394 5019 1665;
1452 4955 1679 5019 pactum

354 5046 490 5085 vero
550 5034 971 5086 matrimonium
1024 5035 1501 5096 contrahentium,
1556 5035 1679 5086 sive

361 5167 559 5218 Gades
591 5166 624 5217 1
628 5167 754 5220 uris
789 5166 1088 5219 canonici.

1901 2369 2064 2420 randi
2106 2368 2280 2434 prolis
2321 2369 2717 2422 educationem
2756 2369 3128 2422 omnimodam
3169 2371 3227 2421 et

1902 2449 2031 2499 eius
2050 2448 2195 2500 bono
2212 2449 2384 2501 etiam
2403 2449 2693 2515 temporali
2712 2449 3056 2515 providendi,
3078 2451 3227 2512 11133

1904 2543 2081 2595 quare
2102 2530 2372 2581 tenentur
2404 2543 2603 2582 curare
2634 2531 2761 2581 eius
2793 2530 3229 2582 instructionem

1902 2609 2323 2672 catecheticam‚
2367 2611 2507 2670 1335,
2550 2609 2673 2663 1372
2708 2609 2740 2677 5
2772 2610 2822 2672 2,
2872 2612 2943 2662 ct'.
2978 2611 3106 2664 2319
3137 2610 3168 2676 5
3203 2613 3227 2661 1

1908 2704 2007 2742 nn.
2041 2690 2190 2756 24,5
2212 2690 2268 2752 23
2305 2690 2679 2756 prohibentur
2707 2705 2845 2743 suos
2877 2691 3020 2743 filios
3054 2692 3232 2756 bapti-

1908 2785 2054 2830 zare,
2080 2772 2209 2832 nisi,
2230 2774 2360 2833 etc„
2392 2771 2489 2823 742
2509 2771 2541 2838 5
2562 2774 2611 2833 3,
2635 2773 2738 2824 aut
2762 2772 2972 2837 patrini
2997 2785 3233 2823 munere

1906 2852 2089 2918 fungi,
2128 2853 2251 2904 sive
2289 2853 2347 2904 in
2391 2867 2588 2904 eorum
2632 2852 2931 2918 baptismo,
2973 2853 3068 2904 765
3102 2855 3231 2913 n.3,

1908 2932 2028 2985 sive
2061 2933 2121 2984 in
2166 2933 2613 2996 confirmatione,
2654 2931 2752 2986 ’795
2781 2949 2838 2987 n.
2883 2935 2942 2997 ὃς
2982 2933 3235 2986 iudicare

1908 3015 2117 3066 debent
2148 3015 2220 3066 de
2251 3014 2496 3067 illiorum
2528 3014 2830 3068 sufficienti
2865 3015 3236 3081 dispositione

1909 3095 1979 3147 ad
2015 3094 2252 3160 primam
2284 3098 2749 3157 communionem,
2781 3096 2880 3149 854
2909 3096 2941 3162 5
2960 3098 3017 3160 ἃς
3043 3111 3236 3148 eorum

1911 3176 2156 3237 nomine,
2183 3176 2234 3227 si
2262 3176 2510 3228 minores
2541 3177 2697 3238 sunt,
2718 3191 2887 3242 agere
2919 3178 2977 3229 et
3009 3190 3237 3242 respon·

1911 3255 2045 3308 dere
2077 3257 2285 3309 debent
2310 3257 2369 3308 in
2393 3257 2616 3317 iudicio,
2654 3258 2803 3316 164&
2833 3257 3030 3309 illicite
3051 3258 3121 3309 ad
3158 3271 3238 3310 re-

1915 3337 2185 3404 ligionem
2217 3339 2618 3399 admittuntur,
2653 3338 2703 3389 si
2736 3353 2930 3392 eorum
2964 3354 3134 3405 opera
3165 3340 3237 3392 ad

1914 3418 2060 3472 filios
2078 3419 2318 3471 alendos
2339 3418 2430 3470 vel
2453 3419 2776 3471 educandos
2799 3420 3118 3473 necessaria
3139 3421 3234 3480 sit.

1912 3498 2009 3551 542
2033 3513 2090 3550 n.
2111 3499 2162 3560 Ξ,
2187 3499 2256 3550 cl'.
2280 3498 2432 3559 24113
2461 3512 2559 3563 pro
2582 3498 2861 3551 defunctis
2893 3500 3026 3551 flliis
3058 3499 3240 3565 impu·

1916 3578 2145 3631 boribus
2179 3580 2419 3644 possunt
2451 3579 2746 3630 ecclesiam
2781 3580 2999 3632 funeris
3030 3582 3088 3632 et
3119 3594 3242 3633 coe-

1914 3659 2208 3710 meterium
2244 3658 2474 3724 eligere,
2510 3659 2636 3710 1224
2663 3658 2696 3725 5
2723 3660 2777 3722 15
2818 3660 2946 3712 vide
2977 3661 3241 3713 Educatio

1912 3741 2109 3804 prolis.

1787 3820 2050 3872 Paroehle
2102 3820 2221 3886 qui,
2271 3819 2364 3872 151
2419 3820 2530 3886 51;
2580 3822 2819 3887 quinam
2867 3822 3130 3888 parochis
3181 3823 3241 3876 in

1914 3899 2180 3952 omnibus
2213 3901 2679 3968 aequiparentur,
2712 3902 2803 3954 451
2843 3902 2877 3969 5
2907 3903 2966 3965 23
3007 3903 3079 3955 de
3118 3917 3246 3970 cap—

1916 3982 2161 4049 pellanis
2204 3981 2469 4044 militum,
2514 3982 2606 4034 451
2642 3982 2754 4049 53;
2787 3984 3054 4050 quisnam
3086 3998 3245 4050 paro·

1914 4063 2060 4115 chus
2109 4062 2391 4130 proprius,
2427 4064 2518 4126 943
2553 4064 2783 4129 quando
2830 4064 3117 4130 parochus
3157 4067 3244 4117 est

1916 4157 2159 4209 persona
2192 4143 2421 4196 moralis
2454 4143 2593 4195 haec
2614 4144 2828 4196 retinet
2859 4159 3056 4197 curam
3090 4145 3246 4197 habi·

1917 4223 2153 4285 tualem,
2186 4223 2431 4276 actualis
2464 4238 2598 4275 vero
2617 4224 3014 4277 demandanda
3046 4228 3133 4277 eet
3166 4227 3246 4277 vi-

1916 4305 2089 4364 cario,
2124 4304 2221 4356 452
2252 4305 2364 4372 523
2399 4304 2634 4370 parochi
2666 4304 2995 4371 qualitates,
3017 4307 3138 4368 ⁴5&
3175 4306 3249 4358 de

1916 4387 2043 4438 eius
2069 4385 2547 4438 inamovibilitate
2570 4386 2659 4438 vel
2680 4387 3109 4447 amovibilitate,
3131 4388 3243 4449 454,

1917 4468 2306 4519 nominatione
2349 4469 2407 4520 et
2456 4468 2840 4531 institutione,
2883 4468 3016 4521 sede
3056 4467 3245 4535 plena,

1918 4548 2015 4599 455
2044 4548 2108 4614 55
2133 4551 2179 4612 1,
2212 4551 2258 4603 3.
2295 4548 2428 4600 sede
2460 4550 2718 4611 vacante,
2749 4548 2845 4600 155
2875 4549 2908 4614 5
2929 4548 2987 4611 23
3011 4548 3150 4614 quid
3183 4548 3245 4601 in

1919 4628 2223 4693 parochiis·
2252 4628 2596 4680 concredItis
2650 4629 2951 4695 religiosis,
3001 4629 3121 4692 4563
3177 4630 3248 4682 de

1919 4708 2403 4775 quasi-parochis,
2452 4707 2574 4771 457;
2625 4708 2782 4761 intra
2827 4711 2979 4775 quod
3024 4712 3250 4777 tempus

1921 4789 2089 4841 debet
2114 4789 2452 4842 ordinarius
2474 4789 2772 4873 parochiae
2793 4791 3108 4857 providere,
3125 4793 3247 4856 ⁴583

1918 4870 2086 4923 debet
2117 4884 2241 4923 eam
2273 4870 2530 4923 conferre
2565 4871 2746 4938 magis
2785 4872 2987 4925 idoneo
3019 4873 3092 4925 ad
3126 4888 3250 4926 eam

1919 4951 2241 5018 regendam,
2275 4950 2371 5004 459
2402 4951 2435 5019 5
2470 4952 2525 5014 1;
2559 4952 2840 5017 quomodo
2872 4953 2932 5005 id
2965 4953 3134 5006 debet
3166 4955 3250 5005 iu-

1921 5033 2127 5095 dicare.
2172 5033 2269 5086 450
2303 5032 2372 5101 55
2401 5033 2514 5095 ¹43
2557 5047 2713 5086 unus
2750 5034 3032 5099 parochus
3077 5048 3251 5086 unam

119 5594 3441 5828 ——
