3753 5871
1181 369 1358 420 moer
1401 371 1662 432 Quartae
1695 393 1717 406 ·
1750 370 1837 423 De
1884 370 2259 421 Proveniant
3111 365 3216 425 471

1498 700 1758 769 carm·
1794 700 1945 768 111.

944 843 1055 913 De
1101 844 1545 911 dilationum·
1594 842 1932 910 terminis
1992 849 2066 911 et
2113 840 2500 925 fatalibus.

1503 1036 1681 1105 CAN.
1732 1037 1928 1103 1634.

417 1164 452 1247 ξ
500 1166 565 1230 1.
614 1160 915 1229 Fatalia
970 1161 1152 1246 leqis
1196 1179 1383 1247 quae
1424 1160 1803 1242 dicuntur,
1860 1160 2053 1227 idest
2098 1159 2396 1227 termini
2441 1156 2887 1243 perimendis
2932 1157 3222 1224 iuribus

239 1290 286 1338 a
330 1273 488 1357 lege
524 1270 943 1353 constituti,
984 1269 1370 1354 prorogari
1411 1286 1557 1335 non
1594 1270 1909 1353 possunt
1954 1264 2005 1333 ¹.

416 1378 451 1461 ξ
497 1377 565 1443 2.
616 1378 942 1446 Termini
968 1383 1215 1445 autem
1241 1376 1628 1444 iudiciales
1654 1378 1731 1444 et
1761 1373 2383 1455 conventionales,
2414 1378 2589 1440 ante
2615 1390 2866 1440 eorum
2903 1370 3218 1456 lapsum,

240 1490 616 1569 poterunt,
647 1486 851 1553 iusta
885 1484 1384 1553 intercedente
1411 1501 1662 1565 causa,
1697 1502 1745 1550 a
1775 1482 2044 1565 iudice,
2076 1481 2358 1550 auditis
2392 1481 2509 1549 vel
2541 1479 2962 1565 petentibus
2992 1479 3218 1565 parti·

240 1592 401 1677 bus,
449 1593 836 1678 prorogari
886 1591 937 1657 ².

415 1701 448 1784 ξ
493 1701 561 1770 3.
612 1702 890 1769 Caveat
921 1707 1169 1769 tamen
1198 1700 1419 1768 iudex
1449 1719 1540 1768 ne
1570 1699 1790 1766 nimis
1818 1698 2182 1767 diuturna
2208 1697 2304 1763 lis
2332 1696 2469 1764 fiat
2494 1715 2584 1763 ex
2613 1695 3129 1780 proroga-tione
3157 1690 3212 1758 ³.

1515 1868 1693 1935 CAN.
1743 1867 1938 1934 1635.

422 1992 504 2060 Si
546 1992 728 2075 dies,
770 2011 906 2076 pro
940 1997 1112 2060 actu
1151 1991 1486 2059 iudiciali
1532 1990 1839 2072 indicta,
1882 1989 1983 2057 sit
2017 1988 2290 2056 feriata
2331 2006 2462 2056 nec
2496 1987 2578 2054 in
2623 1986 2917 2055 decreto
2954 1984 3223 2052 iudicis

239 2098 537 2166 dicatur
572 2118 912 2184 expresse
949 2098 1281 2166 tribunal
1328 2102 1763 2165 vacaturum
1825 2096 2306 2163 nibilominus
2364 2095 2613 2163 causis
2673 2092 3221 2179 cognoscendis,

241 2206 604 2274 terminus
656 2206 1106 2291 intelligitur
1168 2209 1611 2290 prorogatus
1676 2205 1774 2273 ad
1836 2205 2152 2289 primam
2220 2208 2639 2288 sequentem
2692 2201 2886 2269 diem
2932 2219 3079 2268 non
3120 2200 3219 2267 fe·

245 2312 538 2380 riatam.

1508 2527 1767 2593 CAPUT
1811 2524 1923 2592 IV
1928 2572 1946 2591 .

1155 2665 1264 2735 De
1317 2669 1473 2736 loco
1516 2674 1591 2736 et
1632 2671 1959 2753 tempore
2010 2665 2294 2735 iudicii.

1502 2863 1679 2930 CAN.
1726 2862 1922 2930 1636.

418 2987 771 3068 Quamvis
800 2988 1214 3072 Episcopus
1239 2988 1319 3055 in
1357 2987 1683 3074 quolibet
1710 3006 1888 3055 suae
1915 2985 2269 3055 dioecesis
2303 2987 2488 3070 loco,
2522 2987 2827 3072 quinon
2857 2986 2960 3054 sit
2995 3004 3224 3055 exem·

247 3100 445 3179 ptus,
485 3095 605 3163 ius
638 3096 904 3164 habeat
932 3094 1262 3181 erigendi
1296 3094 1654 3175 tribunal,
1687 3094 2171 3162 nihilominus
2201 3112 2424 3179 penes
2464 3112 2672 3161 suam
2707 3093 2948 3161 sedem
2980 3094 3228 3167 aulam

244 3206 559 3286 statuat,
623 3221 808 3289 quae
854 3204 956 3273 sit
1014 3203 1440 3272 ordinarius
1486 3202 1928 3271 iudiciorum
1977 3203 2227 3270 locus:
2288 3202 2535 3287 ibique
2583 3201 2941 3270 crucifixi
2988 3202 3232 3287 imago

248 3309 593 3391 emineat,
624 3314 706 3380 et
746 3310 945 3378 adsit
978 3310 1549 3395 Evangeliorum
1583 3310 1771 3378 liber
1815 3307 1867 3378 ⁴.

1516 3478 1693 3547 cm.
1742 3478 1937 3546 1637.

420 3603 654 3671 Iudex
691 3624 732 3673 e
779 3604 1162 3672 territorio
1202 3623 1336 3672 suo
1372 3604 1448 3671 vi
1487 3604 1840 3689 expulsus
1875 3604 1993 3673 vel
2033 3623 2079 3671 a
2128 3603 2642 3671 iurisdictione
2682 3603 2788 3671 ibi
2827 3601 3229 3671 exercenda

180 3720 187 3728 ·
247 3710 673 3795 impeditus,
714 3717 960 3796 potest
991 3717 1203 3779 extra
1233 3712 1694 3779 territorium
1734 3712 2321 3780 iurisdictionem
2356 3730 2564 3779 suam
2598 3728 2933 3779 exercere
2965 3716 3041 3779 et
3075 3728 3227 3778 sen·

248 3818 560 3885 tentiam
603 3817 825 3901 ferre,
861 3819 1175 3887 certiore
1207 3822 1456 3887 tamen
1494 3819 1630 3887 hac
1663 3819 1756 3888 de
1794 3840 1875 3888 re
1916 3820 2119 3888 facto
2153 3819 2297 3886 loci
2335 3817 2736 3886 Ordinario
2777 3816 2830 3884 ⁵.

1506 4000 1682 4066 CAN.
1731 3998 1927 4065 1638.

429 4122 463 4204 ξ
510 4122 576 4188 1.
626 4122 719 4189 In
752 4135 1192 4207 unaquaque
1221 4120 1537 4189 dioecesi
1570 4121 2016 4189 Ordinarius
2058 4121 2352 4204 publico
2385 4120 2680 4188 decreto
2709 4120 2869 4189 dies
2909 4123 2985 4188 et
3017 4119 3237 4187 boras

248 4227 541 4297 definiri
584 4232 820 4306 curet,
873 4249 1013 4315 pro
1057 4230 1201 4297 loci
1254 4248 1341 4296 ac
1384 4233 1795 4314 temporum
1839 4226 2215 4296 adiunctis
2261 4232 2744 4313 opportunas,
2792 4227 3061 4312 quibus
3102 4226 3231 4294 tri·

249 4335 479 4403 bunal
519 4337 716 4405 adiri
751 4338 1192 4423 regulariter
1225 4338 1486 4421 possit,
1531 4342 1607 4406 et
1637 4338 1733 4404 ab
1766 4356 1852 4405 eo
1886 4336 2221 4405 iustitiae
2252 4335 2809 4404 administratio
2839 4333 3036 4420 exigi
3081 4332 3133 4401 ⁸.

430 4442 463 4525 ξ
509 4444 576 4511 2.
628 4444 844 4512 Iusta
874 4449 1121 4512 tamen
1155 4445 1245 4513 de
1277 4463 1528 4528 causa,
1568 4450 1643 4513 et
1679 4444 1967 4530 quoties
2001 4443 2410 4528 periculum
2446 4443 2547 4511 sit
2581 4443 2661 4510 in
2704 4460 2937 4525 mora,
2974 4442 3094 4509 fas
3126 4445 3241 4510 est

251 4550 591 4620 fidelibus
625 4552 882 4637 quovis
920 4557 1248 4638 tempore
1281 4553 1550 4620 iudicis
1580 4552 2075 4620 ministerium
2117 4552 2196 4619 in
2233 4552 2349 4618 sui
2383 4551 2571 4618 iuris
2603 4551 2718 4619 vel
2751 4551 2926 4618 boni
2959 4550 3238 4636 publici

248 4658 564 4726 tutelam
620 4659 985 4728 invocare.

436 4888 460 4924 ¹
495 4887 561 4940 0.
590 4890 641 4948 4,
671 4888 742 4939 de
772 4886 1286 4948 appellationibus,
1321 4887 1405 4949 11,
1432 4887 1517 4946 12,
1548 4888 1611 4937 in
1644 4886 1826 4939 clem.

429 4984 454 5018 ²
496 4978 562 5031 Ο.
604 4980 656 5038 1,
686 4978 738 5038 2,
768 4980 820 5039 4,
859 4979 925 5031 Ο.
961 4979 1076 5038 ΙΙΙ,
1115 4991 1170 5040 q.
1202 4978 1253 5040 83
1289 4990 1339 5030 c.
1372 4978 1455 5040 24,
1484 4978 1569 5039 28,
1599 4978 1666 5038 X,
1708 4979 1779 5029 de
1827 4976 2016 5036 amoto
2052 4980 2111 5029 et
2160 4976 2453 5036 potestate
2500 4972 2715 5025 luascu
2755 4970 3031 5032 delecatt,
3071 4970 3121 5031 1,
3161 4969 3242 5031 29:

255 5081 306 5122 c.
334 5069 386 5130 2,
414 5072 464 5130 4,
493 5070 561 5129 X,
594 5071 666 5121 ae
694 5068 1099 5128 mationibus,
1127 5069 1211 5130 11,
1237 5068 1289 5131 ὃς
1313 5080 1365 5121 c.
1397 5071 1448 5128 4,
1485 5070 1558 5119 de
1591 5066 2109 5128 appellationibus,
2138 5065 2222 5126 11,
2258 5063 2342 5124 12,
2373 5063 2438 5115 in
2464 5064 2647 5116 Olem.

432 5165 459 5201 ³
500 5161 565 5213 Ο.
592 5161 643 5221 5,
674 5160 757 5221 10,
787 5160 855 5219 x,
884 5160 956 5210 ae
982 5159 1113 5210 dolo
1139 5163 1197 5211 et
1224 5158 1612 5218 contumacia,
1648 5158 1730 5220 11,
1756 5160 1840 5221 14:
1867 5169 1919 5210 c.
1952 5157 2004 5218 2.
2033 5157 2100 5216 Χ,
2136 5158 2208 5208 de
2235 5153 2530 5208 sententia
2556 5157 2615 5206 et
2639 5164 2705 5204 re
2731 5150 3017 5210 iudicata,
3049 5151 3133 5211 11,
3163 5149 3245 5211 273

256 5251 432 5302 Oonc.
461 5248 749 5309 Trident,
780 5261 924 5301 sess.
956 5248 1122 5311 XXV,
1156 5250 1229 5301 ae
1257 5247 1394 5307 ret„
1422 5260 1472 5300 c.
1502 5249 1585 5300 10.

440 5343 468 5379 ⁴
497 5341 562 5394 Ο.
600 5342 684 5400 11,
714 5340 785 5390 ae
812 5338 1137 5400 rescriptio,
1166 5339 1218 5401 1,
1248 5340 1299 5401 3,
1329 5339 1394 5391 ln
1419 5339 1546 5400 V103
1577 5350 1629 5390 c.
1659 5338 1712 5399 7,
1751 5340 1821 5390 cte
1850 5337 2038 5398 amoto
2064 5334 2375 5395 oratam-u,
2404 5335 2456 5394 1.
2486 5334 2570 5394 16,
2607 5334 2668 5384 in
2698 5332 2824 5386 V10.

435 5435 462 5471 ὅ
497 5430 565 5482 Ο.
598 5442 719 5491 un..
753 5430 824 5480 de
852 5430 986 5490 soro
1020 5429 1391 5489 competenti,
1425 5430 1508 5490 11,
1540 5428 1591 5491 2,
1625 5430 1687 5481 in
1718 5428 1901 5482 olem.

442 5524 470 5561 ⁸
499 5521 566 5573 O.
596 5520 679 5580 24,
711 5520 777 5582 x,
811 5523 881 5572 ae
910 5520 1098 5580 amoto
1126 5526 1185 5573 et
1213 5522 1508 5582 potestate
1544 5520 1758 5572 indicte
1788 5518 2064 5581 delavati,
2102 5518 2153 5580 1,
2192 5517 2278 5570 29.
