3753 5871
94 426 141 444 N

95 617 134 658 [Σ

635 393 980 465 Pnbi-Bapt

256 575 731 645 [publicationes]
745 593 759 629 ε

1271 389 1302 439 1
1305 391 1460 441 adeat
1499 387 2229 448 avmlmioo-azphaocucus

2503 390 2886 447 maed-nect
3170 389 3278 448 763

1822 574 2226 627 Bcaedilcatio
2257 575 2525 627 ecclesia
2564 574 2693 627 vide
2725 576 3023 630 Motho.

253 684 326 694 -
351 672 672 725 pmsacra
695 658 1101 711 ordinatione:
1125 670 1365 724 quorum
1401 668 1729 723 promoven·
1824 655 2217 719 Receptaatesz
2256 667 2489 719 poenae,
2512 653 2641 708 2209
2673 655 2772 723 37.

399 738 599 792 dorum
637 737 759 790 fleri
799 737 1060 799 debeant,
1098 737 1351 796 ubinam,
1390 750 1464 788 an
1502 735 1728 801 dispen·
1821 735 2090 800 Beceptio
2111 734 2390 787 sodalium
2420 735 2486 787 in
2507 736 2986 789 associationibus
3009 736 3138 803 piis,
3158 738 3274 799 694,

399 819 515 871 sari
557 819 797 884 possint,
845 832 921 871 an
963 816 1215 884 suppleri
1265 831 1364 884 per
1403 815 1726 868 affixionem

401 898 698 951 nominum
737 898 811 950 ad
866 898 1061 950 valvas
1111 897 1399 958 ecciesiae,
1451 896 1548 949 998
1599 894 1633 962 3
1667 897 1723 956 1,

399 978 630 1045 quando
677 960 1002 1041 faciendam·
1037 979 1137 1031 sss
1188 977 1220 1044 g
1257 978 1316 1039 2;
1366 992 1404 1029 a
1449 989 1581 1043 quo.
1629 976 1727 1029 ιω

402 1073 458 1110 n.
501 1060 560 1120 4,
615 1073 687 1111 an
732 1058 1043 1125 aliquando
1091 1059 1404 1120 iterandae,
1449 1057 1546 1110 998
1598 1058 1631 1124 3
1662 1059 1722 1118 3,

399 1139 675 1206 obligatio
706 1153 853 1205 quae
883 1138 1075 1191 ildeies
1107 1140 1272 1205 urget
1306 1136 1590 1190 revelandi
1623 1137 1727 1189 im-

399 1219 725 1286 pedimenta
754 1220 806 1272 si
838 1233 953 1285 qua
986 1219 1196 1279 norint,
1229 1219 1361 1278 999,
1396 1218 1466 1269 de
1487 1217 1619 1269 aliis
1639 1217 1726 1269 in-

1820 894 2101 948 Beeidivi:
2154 895 2277 961 qui,
2326 895 2455 948 m
2485 895 2598 962 31,
2633 895 2853 962 pluries
2885 895 3275 964 delinquendo

1945 977 2161 1041 augent
2191 989 2357 1027 suam
2390 974 2859 1042 culpabilitatem,
2891 977 3019 1030 22oe
3054 976 3088 1044 3
3117 978 3177 1039 2,
3211 978 3274 1030 in

1945 1068 2042 1107 eos
2073 1055 2145 1107 ad
2176 1056 2501 1122 augendam
2535 1070 2772 1121 poenam
2807 1058 3053 1123 praecipi
3089 1059 3275 1124 potest

1947 1135 2271 1202 vigilantia,
2293 1136 2416 1190 2311
2441 1135 2541 1204 32,
2568 1136 2655 1188 vel
2672 1136 2794 1189 iteri
2818 1138 3098 1203 correptio
3125 1138 3275 1190 iudi-

1945 1215 2125 1276 cialis,
2150 1215 2279 1269 2ω9
2309 1215 2343 1282 3
2364 1216 2414 1268 4.

400 1298 876 1366 vestigationibus
906 1312 942 1351 a
975 1297 1219 1364 parocho
1251 1298 1543 1358 iaciendis,
1580 1297 1720 1348 lom.
1817 1294 2176 1360 mecentio:
2207 1296 2622 1354 conciliorum,
2649 1298 2777 1358 etc..
2795 1297 2893 1351 260
2923 1298 2956 1365 3
2977 1299 3027 1359 4,
3051 1299 3148 1353 304
3171 1298 3271 1366 32.

255 1379 470 1433 Pueri:
514 1380 766 1446 quinam,
797 1379 865 1433 88
895 1379 1006 1446 33,
1042 1379 1111 1430 dc
1145 1391 1344 1431 corum
1375 1377 1723 1430 admissione

399 1459 473 1511 ad
504 1473 722 1512 sacram
752 1459 1225 1521 communionem,
1256 1459 1381 1520 864,
1424 1458 1494 1510 de
1526 1471 1721 1510 eorum

395 1539 664 1607 religiosa
694 1540 1076 1600 institutione,
1108 1538 1204 1592 467
1246 1538 1351 1605 31,
1389 1539 1530 1600 1330,
1577 1539 1719 1600 1331,

399 1620 540 1682 1863,
572 1620 701 1672 vide
733 1621 1023 1673 Institutio
1048 1633 1396 1686 puerorum.

258 1727 331 1739 -
363 1700 632 1753 chorales
662 1700 791 1753 vide
823 1702 1095 1753 Rectam
1125 1700 1536 1752 ecclesiarum.

255 1782 638 1834 Punctum
679 1781 741 1832 in
773 1780 1067 1847 capitulis:
1101 1781 1222 1846 qui,
1254 1779 1352 1834 895
1381 1779 1415 1846 3
1434 1779 1485 1833 4.

254 1862 495 1913 Fuitio
524 1860 744 1913 delicti:
779 1861 924 1913 zioe.

254 1940 690 1993 Purificatoria:
725 1943 862 1993 ante
893 1941 1161 1993 lotionem
1190 1939 1422 2014 nonnisi
1444 1953 1480 1991 a
1498 1939 1720 1992 clericis

393 2020 700 2088 tangenda,
746 2020 869 2074 1306
912 2019 1025 2087 31,
1074 2034 1109 2072 a
1156 2019 1369 2087 quibus
1414 2018 1718 2083 abluenda,

255 2182 461 2247 ω,
498 2180 623 2233 eius
653 2180 951 2242 conlectio,
986 2181 1242 2243 ornatus,
1263 2180 1395 2241 etc..
1430 2179 1572 2234 1270.

257 2318 736 2410 Queat-guina:
761 2336 832 2388 de
853 2335 1219 2388 concionibus
1242 2334 1302 2388 in
1323 2348 1394 2388 ea
1417 2334 1717 2397 habendis,

394 2421 545 2481 1346,
579 2419 650 2472 de
680 2420 806 2486 lege
825 2419 1208 2472 abstinentiae
1240 2420 1298 2472 et
1329 2419 1532 2471 ieiunii
1563 2418 1624 2471 in
1650 2432 1719 2471 ea

391 2499 686 2561 servanda,
723 2499 847 2550 1262
875 2498 944 2565 33
964 2499 1095 2561 2.3,
1129 2499 1201 2551 de
1237 2498 1582 2552 matrimonii
1608 2497 1720 2552 sol-

390 2579 567 2632 lemni
585 2580 977 2632 benedictione
994 2579 1057 2632 ln
1075 2593 1145 2632 ea
1162 2578 1468 2645 prohibita,
1482 2580 1606 2633 11oe
1620 2579 1715 2646 32.

253 2660 647 2729 Quadraginta
677 2663 939 2714 berar-m
977 2661 1332 2726 snpplicatio:
1370 2674 1438 2712 ea
1469 2659 1716 2713 durante

389 2743 580 2793 omnia
610 2741 814 2793 altaria
848 2742 986 2793 sunt
1018 2740 1410 2807 privilegiata,
1449 2741 1544 2793 917
1587 2739 1620 2807 3
1653 2740 1713 2803 2,

388 2820 616 2886 quando
632 2820 893 2873 habenda
911 2822 969 2872 et
982 2820 1198 2887 quibus
1214 2820 1275 2872 in
1290 2821 1558 2882 ecclesiis,
1571 2820 1712 2875 1276.

254 2900 526 2970 Quaestio
568 2901 980 2967 pracindiciaiis
1025 2902 1162 2954 ante
1208 2902 1400 2954 omnia
1443 2915 1480 2954 a
1526 2901 1715 2955 iudice

386 2983 794 3049 cognoscenda,
830 2983 971 3037 1632.

251 3062 561 3131 Qnmtum
582 3063 877 3117 iacientes:
903 3078 974 3116 ex
996 3062 1370 3129 eleemosynis
1393 3062 1712 3127 Missarum,

386 3143 542 3205 2324,
575 3158 646 3196 ex
684 3143 1084 3211 indulgentiis,
1105 3144 1250 3198 2327.

251 3223 511 3292 Qualitas
543 3224 735 3278 delicti
770 3225 1056 3277 undenam
1088 3226 1456 3289 desumenda,
1487 3225 1633 3279 2196.

251 3303 552 3372 Quantitas
581 3305 773 3358 delicti
808 3306 1093 3358 undenam
1126 3306 1495 3367 desumenda,
1516 3307 1663 3359 2196.

253 3383 473 3452 Quarta
502 3385 791 3438 lateraria
821 3386 951 3439 vide
981 3386 1179 3439 Portis
1211 3388 1564 3452 paroechiis.

253 3464 816 3532 Quasi-domicilium:
846 3466 1168 3533 acquisitio,
1199 3467 1267 3519 92
1297 3467 1329 3533 3
1351 3467 1411 3526 2,
1452 3466 1709 3530 effectus,

383 3547 467 3607 94,
514 3547 574 3600 13
603 3547 704 3613 32,
750 3547 867 3599 1661
903 3546 936 3612 3
962 3547 1017 3607 1,
1050 3547 1304 3608 amissio,
1331 3547 1413 3599 96.

254 3626 703 3694 Quasi-parocbia
733 3628 962 3679 ubinam
977 3627 1379 3688 constituendi,
1395 3628 1492 3679 216
1511 3628 1639 3695 332,
1655 3630 1707 3691 Β,

384 3720 581 3759 omnes
617 3709 757 3760 sunt
785 3707 1135 3769 amovibiles,
1168 3708 1265 3760 464
1300 3707 1414 3774 34,
1460 3711 1711 3762 nomina·

385 3788 484 3847 tio,
508 3786 629 3848 467,
655 3788 1102 3854 aequiparantur
1123 3789 1385 3855 parochis
1400 3789 1463 3842 in
1482 3789 1711 3843 iuribus

384 3869 443 3920 et
473 3866 935 3935 obligationibus,
967 3868 1060 3920 461
1102 3862 1191 3936 32
1238 3882 1296 3922 ιι.
1335 3869 1388 3931 1,
1433 3869 1711 3937 obligatio

383 3951 577 4001 tamen
598 3948 918 4015 applicandi
950 3949 1176 4001 Missam
1201 3965 1303 4017 pro
1335 3952 1547 4018 populo
1568 3951 1711 4017 ipsis

381 4029 565 4082 levior
603 4032 690 4082 est
736 4032 796 4083 et
843 4033 1024 4096 magis
1070 4031 1360 4093 restricta,
1412 4032 1535 4094 466,
1583 4033 1708 4095 ωδ,

381 4112 873 4177 quasi-paroeciae
893 4112 1172 4165 obnoxiae
1201 4115 1341 4166 sunt
1362 4114 1584 4167 tributo
1608 4128 1709 4181 pro

383 4190 719 4253 seminario,
756 4190 879 4246 1366
909 4191 941 4258 3
966 4193 1011 4245 1.

253 4271 520 4339 Quen-eim
556 4270 769 4322 damni
799 4287 870 4325 ex
903 4272 1126 4335 delicto,
1164 4274 1304 4335 1935,
1341 4276 1481 4329 1961.

249 4378 318 4389 —-
348 4349 550 4401 delicti
582 4350 642 4402 in
675 4352 869 4404 causis
905 4353 1252 4413 iniuriarum
1284 4356 1341 4407 et
1374 4355 1712 4409 diffamatio·

380 4429 472 4483 nis
505 4420 821 4484 ne‘cessaria
852 4435 923 4485 ad
958 4434 1369 4488 instituendam
1399 4438 1710 4491 accusatio·

382 4524 512 4562 nem
543 4511 914 4576 criminalem,
948 4515 1077 4575 nisi,
1113 4516 1241 4576 etc..
1278 4516 1418 4570 ioae.

249 4620 316 4630 -
349 4590 648 4644 vitalitatis
694 4594 891 4645 contra
932 4596 1311 4649 sententiam:
1358 4597 1515 4650 intra
1555 4599 1710 4666 quod

382 4674 608 4739 tempus
648 4675 859 4739 opponi
902 4678 1088 4741 potest
1128 4678 1357 4744 quando
1402 4679 1601 4746 agitur
1638 4679 1709 4733 de

379 4756 665 4807 sententia
697 4754 992 4811 laborante
1022 4758 1167 4810 vitio
1211 4759 1552 4812 insanabilis
1583 4761 1710 4814 nul·

378 4833 580 4897 litatis,
622 4834 761 4897 1893,
795 4836 885 4888 vel
927 4837 1068 4890 vitio
1099 4838 1388 4892 nullitatis
1417 4842 1709 4904 sanabilis,

382 4916 524 4978 1896,
546 4930 733 4968 coram
766 4931 882 4983 quo
915 4918 1106 4971 iudice
1139 4920 1278 4973 haec
1297 4935 1474 4974 causa
1497 4925 1711 4989 pertra-

378 4998 605 5059 ctanda,
648 4998 789 5058 1896,
836 4998 962 5052 1603
1001 4999 1084 5065 31
1125 5014 1183 5051 n.
1217 5003 1266 5061 3,
1300 5002 1370 5055 cl'.
1409 5003 1706 5065 1892-1897,

379 5078 613 5143 quinam
647 5093 770 5131 eam
805 5079 1168 5145 interponere
1202 5083 1442 5147 possint,
1477 5084 1617 5138 ioe‘l.

252 5210 508 5291 Rapina:
543 5241 777 5293 poenae,
808 5228 954 5282 ΒΜ.

249 5311 557 5375 Raptam:
594 5312 971 5378 impuberum,
1004 5312 1158 5375 2364,
1199 5312 1526 5380 mulierum,
1558 5315 1705 5372 2368.

249 5391 505 5526 unxi,
529 5393 879 5446 matrimonii
922 5394 1393 5461 impedimentum
1433 5395 1708 5451 dirimens

1817 1402 1882 1412 —
1912 1378 2269 1428 amasim-nm
2304 1377 2609 1429 Servorum
2648 1377 2764 1438 Dei,
2796 1377 2941 1431 m.

1817 1482 1881 1493 -
1912 1455 2249 1509 iudicialis:
2290 1458 2475 1522 potest
2522 1471 2559 1509 a
2602 1456 2790 1509 iudice
2842 1458 3066 1511 decreto
3115 1473 3271 1525 prae·

1943 1536 2133 1597 scribi,
2162 1537 2301 1598 imo,
2335 1551 2518 1604 eaque
2541 1538 2629 1589 vel
2653 1538 3028 1604 personaliter
3050 1540 3124 1591 ab
3146 1539 3273 1606 ipso

1943 1617 2138 1683 peragi
2172 1618 2257 1670 vel
2308 1631 2409 1684 per
2448 1617 2797 1684 delegatum,
2846 1620 3000 1681 18073
3039 1620 3112 1671 ad
3146 1634 3268 1673 eam

1941 1697 2111 1762 periti
2141 1697 2402 1750 adbiberi
2438 1699 2696 1764 possunt,
2735 1700 2856 1752 1808
2885 1699 2918 1765 3
2945 1700 2990 1761 1,
3014 1701 3074 1752 et
3095 1702 3273 1753 testes

1939 1776 2275 1844 interrogari
2310 1778 2371 1830 in
2405 1778 2532 1845 ipso
2563 1778 2818 1831 iudiciali
2844 1793 3095 1843 accessu,
3120 1782 3268 1843 1810,

1940 1858 2012 1910 de
2032 1871 2102 1912 ea
2124 1860 2350 1925 peracta
2370 1859 2822 1913 instrumentum
2838 1862 3270 1926 conficiendum,

1944 1938 2094 1999 1811,
2130 1938 2262 1991 vide
2292 1939 2493 1992 Periti.

1812 2045 1878 2056 —-
1906 2020 2275 2087 scripturas:
2308 2019 2450 2073 1815.

1813 2100 2242 2153 Boeo-emnia
2277 2101 2637 2154 coemeterii:
2672 2101 2811 2153 tw.

1814 2207 1879 2217 —
1908 2179 2217 2232 secusiam
2244 2179 2387 2240 1174,
2414 2179 2553 2234 1177.

1813 2259 2216 2312 Boccare-tio:
2267 2260 2426 2325 quid,
2477 2261 2602 2314 1690
2632 2261 2665 2327 3
2700 2262 2756 2323 1,
2796 2261 3028 2328 qnando
3072 2276 3270 2330 propo-

1940 2338 2146 2395 nenda.
2185 2339 2312 2393 16³0
2345 2340 2379 2406 3
2403 2341 2459 2401 1,
2494 2354 2682 2394 coram
2716 2356 2830 2408 quo
2863 2342 3069 2405 iudice,
3109 2344 3260 2406 1692,

1939 2419 2172 2486 quando
2202 2420 2619 2486 cognoscenda,
2650 2425 2787 2475 1630
2810 2422 2843 2488 3
2864 2423 2923 2483 2,
2957 2423 3170 2488 quibus
3200 2425 3263 2476 in

1938 2500 2131 2553 causis
2146 2498 2336 2552 locum
2358 2500 2531 2553 habet
2550 2501 2635 2554 vel
2654 2516 2788 2564 non,
2803 2502 2945 2565 1691,
2964 2516 3270 2556 reconven-

1939 2580 2024 2632 tio
2044 2580 2506 2634 reconventionis
2529 2594 2645 2634 non
2660 2582 3001 2643 admittitur,
3029 2584 3153 2636 1690
3171 2584 3262 2652 32.

1812 2661 2180 2713 Recreatoria
2212 2661 2343 2714 vide
2374 2663 2643 2715 Instituta
2672 2665 3067 2717 eeclesmca.

1813 2740 2110 2794 Βοοωιοι,
2145 2741 2555 2807 collectorum:
2586 2746 2881 2808 nequeunt
2904 2743 3106 2797 audire
3134 2760 3266 2798 con·

1938 2819 2219 2890 sessiones
2259 2835 2495 2874 suorum
2535 2822 2920 2885 alumnorum,
2965 2824 3098 2886 nisi,
3133 2827 3261 2887 etc..

1933 2900 2060 2964 891,
2112 2901 2262 2963 18883
2304 2902 2399 2954 ius
2447 2903 2506 2955 et
2552 2901 2799 2956 officium
2860 2905 3258 2970 gravissimum

1935 2981 2176 3034 curandi
2209 2995 2404 3034 eorum
2436 2983 2809 3036 christianam
2844 2985 3261 3050 educationem,

1940 3061 2066 3116 1372
2095 3061 2129 3130 3
2150 3061 2213 3125 2,
2247 3061 2378 3115 vide
2409 3064 2698 3117 Institutio
2726 3079 3072 3131 puerorum.

1810 3170 1873 3180 —
1915 3142 2332 3197 ecclesiarum:
2379 3144 2636 3210 quinam,
2684 3144 2781 3197 479
2833 3145 2865 3212 3
2905 3147 2950 3209 1,
2999 3146 3097 3200 tm
3138 3147 3172 3214 3
3201 3150 3258 3208 3,

1938 3221 2269 3285 nominatio,
2300 3224 2397 3277 48)
2427 3223 2492 3290 33
2511 3225 2556 3287 1,
2590 3224 2647 3285 2,
2682 3225 2821 3291 quid
2851 3227 3071 3292 possint
3111 3228 3262 3294 quod

1936 3304 2149 3355 attinet
2193 3304 2268 3355 ad
2315 3302 2642 3357 functiones
2682 3319 2870 3364 moras
2912 3321 3025 3360 non
3070 3322 3265 3374 paroe-

1936 3382 2142 3445 ciales,
2194 3383 2316 3446 482,
2366 3383 2440 3436 ad
2489 3385 3043 3440 administrationem
3092 3388 3265 3442 bono·

1936 3477 2062 3516 rum
2108 3477 2258 3530 quae
2311 3463 2582 3518 ecclemae
2645 3466 2853 3519 donata
2914 3471 3082 3530 sunt,
3140 3470 3264 3522 1182

1936 3542 2002 3611 33
2024 3542 2077 3606 2,
2099 3546 2148 3606 9,
2182 3546 2289 3597 aut
2318 3546 2493 3598 etiam
2526 3546 2688 3613 ipsis,
2719 3561 2882 3613 quae,
2908 3548 3021 3600 nisi
3041 3550 3263 3602 contra-

1934 3624 2086 3677 rium
2134 3625 2426 3692 probetur,
2470 3625 2741 3680 ecclesiae
2781 3626 2991 3680 donata
3032 3642 3263 3696 praesu·

1936 3708 2194 3768 muntur,
2244 3706 2370 3760 iiim
2408 3705 2442 3773 3
2482 3707 2537 3769 1,
2570 3722 2715 3774 qnae
2759 3707 3095 3762 donationes
3134 3710 3261 3764 sine

1933 3785 2169 3838 licentia
2190 3783 2474 3839 ordinarii
2491 3787 2787 3854 repudiare
2810 3788 2918 3855 ipsi
2942 3793 3259 3855 nequeunt,

1936 3865 2062 3918 1636
2091 3864 2125 3932 3
2144 3866 2207 3926 2,
2240 3879 2410 3919 secus
2439 3869 2713 3921 tenentur
2746 3868 2817 3921 de
2850 3869 3098 3934 damnis,
3139 3870 3262 3924 1636

1932 3946 1966 4013 3
2000 3949 2059 4009 3,
2098 3946 2175 3999 ad
2205 3948 2680 4011 nominationem,
2718 3949 3159 4004 moderationem
3201 3953 3261 4006 et

1934 4027 2322 4080 dimissionem
2343 4028 2793 4091 inservientium,
2813 4031 2954 4091 1186,
2976 4031 3051 4083 ad
3067 4045 3261 4085 recon-

1932 4106 2280 4160 ciliationem
2302 4109 2554 4174 ipsarum
2585 4110 2966 4173 ecclesiarum,
3003 4112 3128 4165 1176
3159 4111 3257 4180 31,

1933 4188 2142 4239 debent
2172 4190 2364 4240 autem
2399 4189 2461 4241 in
2493 4188 2617 4243 loco
2648 4192 2773 4243 tuto
2803 4205 3142 4246 conservare
3177 4195 3262 4247 ta·

1932 4267 2139 4324 bellam
2160 4282 2397 4322 onerum
2418 4284 2488 4323 ex
2510 4271 2624 4337 piis
2641 4271 3073 4327 fundationibus
3087 4274 3263 4329 eccle-

1932 4350 2056 4403 siae
2087 4350 2565 4413 incumbentium,
2601 4353 2726 4406 1649
2750 4352 2784 4420 3
2805 4355 2850 4414 1,
2875 4355 2935 4407 et
2955 4354 3162 4408 librum
3187 4357 3259 4410 de

1932 4429 2308 4497 eleemosynis
2328 4432 2473 4499 ipsis
2505 4434 2979 4501 respondentibus
3000 4438 3059 4489 et
3080 4436 3150 4490 de
3170 4451 3262 4491 eo-

1934 4525 2062 4564 rum
2083 4512 2545 4580 adimplemento,
2571 4515 2696 4567 1649
2714 4515 2810 4582 32,
2835 4516 3045 4570 debent
3067 4532 3260 4570 curam

1933 4591 2145 4646 habere
2190 4607 2387 4647 sacrae
2436 4594 2820 4661 supellectilis,
2861 4598 2975 4659 486,
3012 4598 3155 4659 1902,
3199 4599 3257 4651 et

1933 4687 2225 4727 sacrarum
2267 4675 2654 4742 reliquiarum,
2690 4677 2812 4730 1289
2846 4675 2958 4743 32,
2994 4678 3133 4731 iussi
3179 4681 3259 4731 te-

1933 4755 2147 4807 nentur
2186 4756 2486 4821 exquirere
2531 4757 2734 4822 stipem
2772 4758 2834 4809 in
2882 4758 3117 4811 ecclesia
3158 4773 3259 4826 pro

1933 4834 2268 4897 seminario,
2328 4835 2452 4888 1366
2499 4851 2557 4891 ιι.
2600 4839 2656 4899 1,
2703 4837 2775 4890 ad
2827 4839 3103 4904 quaedam
3145 4854 3259 4892 ser-

1933 4916 2121 4968 vanda
2152 4917 2216 4969 in
2248 4918 2425 4970 sacris
2471 4919 2857 4972 functionibus
2892 4918 3258 4983 celebrandis,

1932 5010 2081 5063 quae
2119 4997 2181 5049 in
2224 4999 2581 5051 commodum
2616 4999 2802 5066 populi
2844 4999 2919 5051 ab
2961 4998 3259 5056 ordinario

1932 5077 2043 5130 loci
2068 5080 2511 5146 praecipiuntur,
2576 5079 2878 5133 uibusdam
2900 5080 3049 5133 datis
3071 5081 3131 5133 in
3154 5083 3261 5135 cir-

1932 5160 2312 5220 cumstantiis,
2338 5159 2460 5220 483,
2495 5160 2522 5212 r
2564 5162 2817 5213 notiones
2846 5162 3042 5213 autem
3066 5175 3261 5227 paroe-

1929 5233 2423 5306 ciales'peragere
2460 5242 2777 5307 nequeunt,
2839 5240 2961 5301 481,
3011 5241 3084 5293 cf.
3134 5243 3257 5306 462,

1932 5333 2099 5371 nemo
2128 5322 2324 5372 autem
2361 5320 2422 5374 in
2464 5321 2719 5383 ecclesia,
2752 5321 2878 5374 sine
2910 5322 3160 5388 ipsorum
3190 5324 3264 5377 li-

1929 5401 2123 5452 centia
2143 5403 2523 5467 praesumpta,
2546 5403 2728 5469 potest
2748 5416 2909 5454 sacra
2934 5403 3112 5466 obire,
3133 5406 3257 5467 484,

1931 5494 2130 5533 eorum
2162 5482 2422 5544 remotio,
2448 5485 2568 5536 486.
