3753 5871
1238 290 1412 338 Liber
1444 287 1746 338 Secundus
1789 313 1808 323 ·
1844 289 1931 338 De
1975 287 2248 339 Per-sonis
3163 284 3235 341 49

419 478 453 560 ξ
499 477 565 544 2.
615 479 732 545 Ad
789 477 1382 557 translationem,
1434 479 1498 551 si
1544 478 1634 544 de
1677 495 2035 543 consensu
2096 476 2347 542 clerici
2405 475 2560 556 fiat,
2615 475 2981 559 quaelibet
3029 477 3226 543 iusta

237 604 463 653 eausa
496 586 785 668 sufficit3
818 588 881 652 si
923 586 1158 652 invito
1188 585 1480 666 clerico,
1517 586 1766 652 eadem
1799 586 1956 651 fere
1989 603 2209 650 causa
2253 585 2658 667 requiritur
2691 584 3027 667 idemque
3066 600 3226 667 pro-

234 694 542 761 cedendi
585 693 844 760 modus
872 712 960 759 ao
993 713 1129 776 pro
1164 693 1603 776 privatione,
1649 693 1861 759 firmo
1902 693 2362 775 praescripto
2394 711 2557 758 can.
2597 691 2991 772 2162-2167,
3036 693 3226 775 quod

236 802 332 870 ad
367 800 930 869 translationem
965 802 1239 868 attinet
1272 802 1757 883 parochorum
1794 799 1842 865 ¹.

1542 958 1716 1024 CAN.
1760 959 1911 1023 194.

414 1082 448 1164 ξ
496 1085 562 1148 1.
614 1084 704 1149 In
746 1083 1238 1150 translatione
1277 1082 1487 1166 prius
1527 1082 1837 1150 officium
1882 1086 2100 1150 vacat
2138 1101 2302 1148 cum
2356 1081 2669 1147 clericus
2717 1081 3030 1146 alterius
3070 1098 3225 1163 pos·

236 1190 632 1257 sessionem
672 1191 1023 1258 canonice
1052 1192 1282 1273 capit,
1319 1190 1463 1257 nisi
1504 1191 1707 1257 aliud
1744 1209 1791 1257 a
1824 1191 1986 1257 iure
2018 1195 2314 1256 cautum
2353 1190 2454 1256 sit
2484 1190 2596 1256 vel
2639 1207 2686 1255 a
2726 1189 3055 1272 legitimo
3095 1187 3223 1255 Su-

237 1298 525 1380 periore
561 1298 1097 1381 praescriptum
1143 1299 1195 1364 ².

416 1403 450 1484 ξ
496 1403 564 1468 2.
615 1404 928 1472 Reditus
988 1405 1260 1487 prioris
1318 1404 1536 1472 officii
1596 1404 2013 1471 translatus
2073 1403 2414 1487 percipit,
2457 1404 2686 1470 donec
2754 1403 2960 1469 aliud
3022 1420 3224 1469 oceu-

237 1512 526 1594 paverit
565 1512 618 1579 ⁸·
1543 1558 1718 1624 CAN.
1767 1560 1918 1624 195.

410 1683 558 1761 Qui
598 1683 947 1750 clericum
984 1683 1081 1749 ad
1116 1678 1430 1749 officium
1466 1682 1847 1768 elegerunt
1882 1683 1997 1749 vel
2032 1682 2598 1766 postulaverunt
2636 1689 2771 1750 aut
2808 1686 3224 1767 praesenta·

233 1798 529 1873 verunt,
576 1796 951 1876 nequeunt
982 1791 1291 1858 eundem
1335 1790 1569 1858 officio
1601 1792 1897 1876 privare
1930 1797 2065 1857 aut
2099 1791 2193 1857 ab
2235 1810 2320 1858 eo
2357 1808 2696 1857 revocare
2734 1809 2861 1858 seu
2896 1808 3231 1858 amovere

231 1905 370 1966 aut
402 1898 499 1966 ad
533 1898 739 1965 aliud
777 1899 1187 1966 transferre
1225 1899 1279 1965 ⁴.

1451 2132 1874 2201 TITULUS
1910 2134 2003 2199 V.

1022 2264 1125 2331 De
1169 2264 1522 2348 potestate
1568 2261 1936 2329 ordinaria
1980 2264 2054 2329 et
2100 2261 2442 2344 delegata.

1520 2422 1699 2490 CAN.
1740 2423 1892 2489 196.

417 2552 763 2620 Potestas
780 2548 1333 2636 ,iurisdictionis
1367 2567 1494 2615 seu
1541 2547 1921 2632 regiminis
1959 2565 2146 2631 quae
2186 2566 2274 2615 ex
2311 2547 2566 2615 divina
2609 2547 3082 2615 institutione
3117 2553 3230 2616 est

231 2663 316 2729 in
355 2660 713 2740 Ecclesia,
752 2658 906 2724 alia
938 2670 1052 2724 est
1095 2657 1244 2724 fori
1279 2656 1591 2738 externi,
1633 2657 1785 2722 alia
1824 2656 1972 2723 fori
2009 2656 2311 2748 interni,
2352 2675 2475 2722 seu
2515 2656 3034 2740 conscientiae,
3077 2656 3229 2723 sive

231 2765 802 2835 sacramentalis
837 2764 989 2831 sive
1029 2763 1834 2850 extra-sacramentalis
1871 2763 1925 2830 ⁸.

1531 2923 1706 2991 CAN.
1745 2921 1898 2990 197.

414 3050 453 3132 ξ
498 3052 564 3115 1.
616 3049 959 3117 Potestas
1007 3047 1547 3141 iurisdictionis
1588 3046 1971 3115 ordinaria
2010 3064 2095 3113 ea
2135 3050 2246 3113 est
2298 3063 2485 3130 quae
2526 3046 2689 3131 ipso
2737 3046 2900 3114 iure
2942 3046 3230 3118 adnexa

228 3164 352 3226 est
383 3156 640 3240 officim
679 3156 1044 3240 delegata,
1083 3173 1269 3239 quae
1300 3155 1686 3222 commissa
1723 3159 1837 3223 est
1870 3172 2228 3238 personae
2257 3153 2311 3221 ⁸.

417 3265 452 3347 ξ
499 3264 567 3329 2.
617 3264 960 3331 Potestas
1001 3263 1383 3330 ordinaria
1416 3268 1661 3351 potest-
1694 3282 1850 3331 esse
1888 3264 2040 3329 sive
2084 3262 2388 3347 propria
2424 3261 2577 3329 sive
2619 3260 2923 3327 vicaria.

1528 3424 1704 3492 CAN.
1743 3424 1895 3491 198.

421 3546 456 3628 ξ
502 3549 570 3612 1.
621 3546 711 3612 In
742 3546 905 3614 iure
943 3544 1234 3612 nomine
1269 3541 1650 3611 Ordinarii
1683 3545 2234 3630 intelliguntur,
2278 3545 2425 3611 nisi
2461 3545 2627 3629 quis
2665 3563 3004 3630 expresse
3037 3545 3223 3613 exci-

232 3655 521 3738 piatur,
558 3659 852 3737 praeter
890 3654 1303 3721 Romanum
1337 3653 1794 3736 Pontificem,
1831 3673 1970 3738 pro
2002 3673 2136 3721 suo
2171 3654 2477 3737 quisque
2511 3653 2891 3721 territorio
2929 3652 3223 3738 Episco-

232 3780 383 3844 pus
424 3761 949 3845 residentialis,
988 3762 1238 3830 Abbas
1278 3762 1392 3829 vel
1431 3761 1823 3830 Praelatus
1859 3760 2142 3826 nullius
2184 3780 2579 3847 eorumque
2613 3761 2959 3829 Viearius
2999 3761 3224 3831 Gene-

236 4010 447 4069 leoaii,
481 4009 532 4069 Ι,
562 4009 644 4070 303
673 4020 723 4060 e.
755 4010 807 4069 1,
838 4009 905 4068 X,
944 4012 1015 4058 de
1045 4006 1273 4057 clericis
1303 4019 1418 4057 non
1445 4006 1841 4057 residentibus
1868 4007 1933 4055 in
1971 4005 2216 4056 ecelesia
2246 4006 2339 4056 vol
2376 4004 2729 4065 praebenda,
2762 4006 2876 4066 111,
2909 4008 2958 4068 4;
2985 4018 3036 4058 e.
3068 4007 3118 4066 5.
3160 4008 3225 4067 X,

233 4100 315 4148 de
342 4110 542 4147 rerum
570 4097 1019 4156 mutatione,
1056 4097 1172 4156 111,
1211 4098 1291 4158 19;
1318 4108 1368 4148 c.
1400 4097 1451 4156 5,
1484 4098 1549 4156 X,
1582 4098 1653 4146 de
1683 4096 1893 4146 clerieo
1923 4093 2440 4152 excommunicato.
2475 4096 2757 4155 deposito,
2790 4096 2882 4147 vel
2910 4094 3227 4149 interdicto

232 4186 643 4245 ministrante,
676 4187 744 4247 V,
776 4186 859 4247 27;
889 4198 939 4237 c.
975 4186 1025 4245 2,
1068 4187 1139 4236 ae
1175 4186 1361 4245 officio
1396 4185 1626 4242 vicarii,
1662 4185 1711 4245 Ι,
1755 4186 1837 4245 13,
1875 4184 1938 4234 in
1980 4185 2105 4246 V103
2137 4184 2405 4236 Clemens
2440 4186 2541 4245 VI,
2576 4196 2665 4246 ep.
2704 4199 2734 4234 α
2764 4184 2955 4244 super
2995 4184 3228 4243 quibus-

234 4278 384 4326 dam
414 4291 464 4336 ι,
491 4276 557 4328 29
588 4280 734 4337 sept.
767 4277 914 4337 1351;
939 4276 1209 4328 Clemens
1232 4275 1331 4335 XI,
1361 4278 1545 4327 const.
1578 4290 1610 4324 ι
1632 4275 1706 4325 In
1733 4285 2003 4334 supremo
2032 4289 2082 4335 ι,
2111 4275 2176 4325 24
2201 4287 2334 4337 aug.
2367 4265 2514 4335 1709,
2549 4274 2576 4336 1
2608 4275 2656 4336 2;
2686 4275 3040 4328 Benedictus
3075 4277 3224 4337 xlv,

228 4368 428 4416 const.
476 4380 508 4414 ι
548 4365 638 4414 Aa
683 4364 1051 4429 Apostolicae
1106 4380 1153 4424 ι»,
1201 4365 1266 4415 17
1309 4368 1421 4416 oct.
1467 4365 1614 4424 1740,
1663 4365 1689 4425 5
1743 4364 1792 4424 ὅς
1837 4364 1894 4416 S.
1944 4364 2008 4415 G.
2055 4364 2334 4425 Constet„
2391 4365 2545 4417 decr.
2595 4379 2625 4414 α
2679 4364 2942 4415 Μαοίπια
2986 4376 3128 4417 cum
3173 4382 3224 4427 ι,

229 4455 307 4504 :m
334 4465 471 4515 aug.
502 4454 648 4505 1910.
1634 4449 1653 4458 “

420 4543 443 4579 ¹
473 4544 539 4594 C.
569 4543 653 4602 37,
683 4543 747 4593 C.
782 4543 916 4603 VII,
949 4556 1002 4605 q.
1035 4545 1084 4604 15
1112 4554 1163 4594 c.
1197 4544 1247 4603 5,
1285 4544 1350 4603 X,
1384 4545 1455 4593 de
1481 4555 1677 4593 rerum
1709 4543 2160 4603 permutatione,
2193 4544 2308 4604 ΙΙΙ,
2347 4546 2428 4596 19.

408 4635 434 4669 ²
469 4632 535 4683 C.
567 4632 649 4691 28,
682 4633 747 4694 X,
789 4635 859 4684 de
891 4633 1239 4692 praebendis
1277 4638 1334 4684 ei
1366 4632 1775 4693 difflantibus,
1809 4634 1926 4693 ΙΙΙ,
1959 4634 2009 4694 ῦς
2038 4646 2087 4685 c.
2120 4634 2203 4694 28,
2246 4636 2317 4685 de
2347 4633 2695 4693 praebemus
2727 4639 2786 4686 et
2819 4633 3228 4694 dictantibus,

234 4722 362 4781 ΙΙΙ,
402 4723 452 4782 4,
500 4722 559 4771 in
598 4722 723 4783 V103
757 4734 806 4772 e.
843 4723 893 4780 3,
928 4721 980 4782 6,
1020 4722 1089 4771 de
1124 4722 1472 4783 praebendis
1517 4726 1575 4773 et
1611 4722 2023 4782 affinitatibus,
2064 4723 2178 4784 111,
2211 4723 2261 4784 2,
2300 4723 2366 4774 in
2400 4723 2603 4785 Clem.;
2640 4723 2698 4776 S.
2730 4724 2795 4775 Ο.
2831 4725 2937 4784 Dp.
2969 4728 3031 4776 et
3061 4725 3227 4787 Reg„

228 4813 305 4861 14
346 4811 473 4861 dec.
510 4809 654 4872 1624;
696 4811 753 4861 S.
784 4811 852 4861 C.
888 4809 976 4870 0.,
1012 4809 1327 4868 Fauiana,
1362 4812 1428 4863 19
1459 4811 1580 4862 dec.
1625 4811 1772 4863 1048.

406 4901 431 4936 ³
477 4897 536 4949 8.
573 4898 637 4950 Ο.
676 4900 764 4958 0.,
804 4898 1180 4958 Rubrium..
1222 4901 1288 4952 19
1321 4900 1444 4952 dec.
1482 4900 1628 4952 1801.

408 4991 435 5025 ⁸
474 4988 539 5040 Ο.
574 4988 625 5047 4,
657 4987 723 5047 X,
759 4988 831 5038 ae
860 4989 990 5039 iure
1030 4990 1400 5048 patronatus,
1436 4990 1552 5050 ΙΙΙ,
1593 4990 1675 5042 38.

406 5082 432 5116 ³
470 5079 613 5128 Pius
640 5078 742 5136 VI.
773 5082 959 5130 const.
999 5093 1029 5128 α
1062 5080 1374 5130 Auctorem
1403 5079 1543 5139 fidei
1571 5096 1619 5142 xo,
1652 5081 1717 5133 28
1744 5094 1879 5142 aug.
1919 5082 2066 5142 1794,
2098 5092 2259 5142 prop.
2300 5081 2350 5143 2,
2387 5081 2605 5144 synodi
2646 5083 2979 5145 Pistorien„
3011 5083 3230 5146 damu:

227 5170 389 5222 Pius
431 5170 498 5229 x,
544 5168 660 5220 litt.
711 5170 931 5229 encycl.
974 5185 1006 5219 ι
1046 5168 1333 5220 Ραεοοπαι
1373 5185 1422 5231 ι,
1464 5170 1499 5222 8
1540 5174 1687 5231 sept.
1732 5172 1878 5233 1907;
1930 5171 1989 5223 8.
2033 5171 2096 5224 O.
2141 5172 2215 5223 de
2265 5173 2435 5232 Prop.
2482 5172 2627 5224 Fide
2687 5173 2775 5232 (Ο.
2810 5174 2873 5224 Ρ.
2918 5184 3024 5234 pro
3058 5172 3230 5235 Sim),

220 5259 308 5311 16
344 5259 465 5307 ian.
500 5255 648 5317 1797,
680 5256 758 5308 ad
791 5256 840 5307 2.

406 5349 432 5384 ⁸
466 5346 532 5399 C.
565 5347 646 5406 12,
679 5347 745 5407 X,
779 5349 849 5396 ae
874 5347 1061 5407 officio
1092 5346 1305 5399 iudicis
1331 5349 1641 5407 ordinarii,
1675 5349 1724 5410 Ι,
1750 5350 1833 5411 31;
1863 5350 2039 5403 Oonc.
2067 5350 2355 5412 'Pi-luent..
2387 5363 2529 5402 sess.
2560 5351 2772 5411 XXIII,
2805 5355 2876 5403 de
2902 5351 3037 5412 res„
3061 5364 3113 5403 c.
3148 5353 3232 5414 15:

218 5432 305 5487 8.
336 5436 404 5487 G.
436 5435 510 5488 de
546 5435 718 5496 Prop.
754 5435 918 5497 Fide,
953 5436 1072 5488 utt.
1098 5437 1318 5498 encyel.
1361 5436 1464 5497 (ad
1493 5437 1692 5499 Deles.
1732 5439 1840 5499 Ap.
1873 5450 1979 5500 pro
2017 5438 2303 5500 Oriente),
2336 5439 2370 5491 8
2399 5451 2531 5491 nov.
2564 5438 2711 5491 1882.

373 5572 568 5626 Gom
601 5576 634 5628 1
635 5577 763 5628 urio
798 5576 1095 5629 canonici.
3071 5583 3101 5628 δ
