3753 5871
1252 366 1427 416 Liber
1458 364 1762 416 Secundus
1804 391 1823 402 ·
1854 364 1944 413 De
1978 361 2252 412 Persona
3143 357 3248 415 119

1551 592 1728 659 CAN.
1775 590 1929 656 422.

436 742 469 824 ξ
516 744 582 807 1.
634 739 1065 808 Praebenda
1109 738 1444 805 fruentes
1482 736 1575 803 ab
1612 734 2046 818 Apostolica-
2085 735 2376 799 tantum
2421 729 2607 797 Sede
2645 729 3044 811 impetrare
3086 744 3242 810 pos·

264 853 435 917 sunt
467 849 839 917 indultum
883 847 1171 915 emeriti
1213 864 1367 928 seu,
1405 849 1491 913 ut
1522 843 1762 922 aiunt,
1798 838 2264 906 iubilationis
2298 844 2465 924 post
2507 838 2941 904 continuum
2981 842 3054 902 et
3092 835 3241 900 lau·

218 939 221 944 ⁶
263 958 501 1026 dabile
551 957 1045 1043 quadraginta
1092 972 1454 1021 annorum
1505 953 1582 1018 in
1634 952 1886 1019 eadem
1943 950 2059 1016 vel
2106 948 2485 1015 distinctis
2534 945 2860 1012 ecclesiis
2920 943 3243 1010 eiusdem

262 1066 587 1133 civitatis
629 1066 743 1132 vel
793 1065 1054 1130 saltem
1097 1063 1450 1130 dioecesis
1490 1060 1696 1126 chori
1750 1059 2132 1126 servitium
2177 1055 2226 1122 ¹.

439 1173 471 1255 ξ
518 1172 585 1238 2.
638 1172 1034 1252 Iubilatus‚
1080 1169 1373 1237 etiamsi
1424 1167 1503 1233 in
1549 1167 1713 1234 loco
1752 1164 2084 1234 beneficii
2131 1183 2275 1231 non
2323 1162 2665 1243 resideat,
2717 1159 3034 1244 percipit
3089 1163 3243 1224 tum

262 1283 551 1348 fructus
574 1277 1031 1365 praebendae
1059 1284 1218 1347 tum
1247 1276 1813 1344 distributiones
1835 1274 2059 1341 etiam
2083 1273 2280 1340 inter
2303 1273 2751 1355 praesentes,
2781 1269 2924 1334 nisi
2957 1269 3248 1335 obstent

261 1407 605 1473 expressa
640 1387 1124 1454 fundatorum
1163 1387 1276 1452 vel
1316 1384 1730 1452 oblatorum
1769 1382 2140 1463 voluntas,
2184 1380 2532 1447 ecclesiae
2579 1383 2864 1445 statuta
2904 1380 3038 1441 aut
3083 1393 3244 1441 con·

264 1496 574 1563 suetudo
607 1495 659 1562 ².

434 1603 468 1684 ξ
515 1604 582 1670 3.
633 1603 764 1669 Ius
800 1601 1134 1685 optandi,
1179 1602 1241 1666 si
1276 1620 1363 1667 ex
1397 1600 1553 1684 lege
1584 1598 2051 1665 fundationis
2083 1599 2478 1678 competat,
2519 1612 2666 1660 non
2703 1596 2816 1658 est
2848 1590 3252 1675 capitulari

261 1710 596 1778 iubilato.

1531 2010 1788 2077 OAru'r
1831 2009 1967 2075 VI.

1146 2147 1257 2215 De
1294 2149 1842 2217 consultoribus
1881 2149 2354 2217 dioecesanis.

1549 2344 1726 2413 CAN.
1772 2344 1925 2414 423.

439 2488 530 2554 In
567 2487 834 2572 quibus
867 2488 1323 2555 dioecesibus
1358 2487 1683 2554 nondum
1719 2487 2082 2556 constitui
2127 2487 2374 2572 potuit
2411 2487 2797 2555 restituive
2833 2487 3258 2554 cathedrale

260 2597 784 2662 canonicorum
839 2597 1298 2681 Capitulum,
1355 2596 1857 2665 instituantur
1910 2596 2003 2663 ab
2048 2596 2440 2680 Episcopo,
2489 2596 2714 2662 salvis
2759 2595 3258 2679 peculiaribus

259 2703 735 2786 Apostolicae
770 2704 983 2772 Sedis
1015 2704 1520 2788 praescriptis,
1562 2705 2023 2773 consultores
2052 2705 2492 2785 dioecesani,
2532 2704 2665 2771 hoc
2697 2709 2809 2771 est
2842 2705 3262 2771 sacerdotes

267 2810 573 2894 pietate,
609 2812 963 2894 moribus,
998 2812 1341 2880 doctrina
1373 2831 1460 2880 ac
1492 2813 1892 2896 prudentia-
1923 2812 2417 2880 commendati
2450 2810 2502 2877 ³.

1565 2990 1744 3057 ΟΑΝ.
1783 2990 1937 3056 424.

443 3116 922 3184 Consultores
954 3116 1289 3184 nominat
1320 3115 1759 3200 Episcopus,
1793 3114 2006 3182 firmo
2036 3114 2496 3199 praescripto
2524 3132 2687 3180 can.
2730 3113 2883 3181 426.

1561 3293 1738 3361 om.
1785 3293 1939 3360 425.

365 3458 375 3478 ,
444 3418 477 3500 ξ
525 3420 591 3484 1.
641 3419 1124 3487 consultores
1164 3419 1580 3487 dioecesani
1623 3437 1930 3486 numero
1971 3419 2125 3486 sint
2166 3417 2427 3485 saltem
2473 3436 2620 3501 sex;
2674 3418 2751 3482 in
2806 3418 3260 3484 dioecesibus

265 3526 395 3593 ubi
440 3527 658 3611 pauci
714 3528 869 3594 sint
911 3528 1353 3609 sacerdotes,
1405 3529 1667 3595 saltem
1725 3533 2065 3612 quatuor3
2112 3527 2478 3610 iidemque
2526 3544 2774 3593 omnes
2820 3526 2898 3591 in
2954 3526 3260 3592 civitate

260 3635 669 3720 episcopali
708 3636 821 3703 vel
847 3636 926 3703 in
957 3635 1139 3703 locis
1165 3635 1647 3702 vicinioribus
1675 3638 2244 3703 commorentur.

447 3741 480 3823 ξ
527 3741 593 3808 2.
643 3746 1062 3828 Antequam
1109 3762 1377 3810 munus
1420 3743 1837 3811 huiusmodi
1892 3743 2329 3828 suscipiant.
2379 3741 2893 3809 iusiurandum
2938 3743 3257 3826 interpo-

264 3853 457 3917 nant
490 3851 581 3919 de
608 3850 845 3917 officio
872 3850 1191 3919 fideliter
1226 3852 1687 3936 exsequendo
1716 3853 1874 3919 sine
1906 3853 2062 3919 ulla
2091 3852 2515 3936 acceptione
2545 3869 3050 3935 personarum.

1574 4030 1750 4096 CAN.
1788 4029 1942 4097 426.

444 4152 483 4235 ξ
529 4155 595 4219 1.
646 4152 980 4220 Officium
1025 4154 1533 4221 consultorum
1570 4160 1685 4221 est
1719 4154 1814 4221 ad
1854 4152 2283 4221 triennium.

450 4260 485 4342 ξ
531 4261 598 4327 2.
649 4260 936 4330 Exacto
960 4262 1310 4344 triennio,
1344 4263 1759 4347 Episcopus
1785 4262 1902 4329 vel
1937 4263 2124 4329 alios
2157 4262 2234 4328 in
2265 4280 2516 4330 eorum
2554 4261 2794 4328 locum
2825 4261 3260 4342 substituat,

257 4370 383 4436 vel
427 4370 715 4437 eosdem
759 4369 854 4437 ad
900 4370 1107 4437 aliud
1161 4370 1567 4439 triennium
1610 4370 2021 4453 confirmet,
2080 4370 2273 4455 quod
2319 4371 2510 4438 idem
2557 4375 2892 4436 servetur
2947 4369 3263 4453 singulis

259 4476 639 4543 trienniis.

455 4739 478 4777 ¹
517 4739 576 4791 S.
608 4740 673 4793 0.
704 4741 793 4801 0.,
822 4739 1158 4800 Novar-ton..
1188 4741 1255 4793 13
1277 4753 1408 4793 nov.
1434 4741 1580 4802 1694;
1604 4741 1963 4797 Lauretum.
1988 4744 2055 4794 10
2078 4741 2201 4793 iun.
2229 4743 2375 4801 1741,
2406 4743 2482 4793 ad
2515 4745 2564 4804 13
2588 4742 2998 4800 Barcinonen„
3023 4742 3088 4792 22
3114 4746 3260 4803 sept.

261 4829 423 4888 1759,
456 4830 525 4881 19
562 4841 688 4890 apr.
723 4829 872 4891 1760:
915 4829 1211 4888 caurien„
1246 4830 1312 4882 30
1343 4834 1519 4882 mart.
1557 4830 1703 4892 18053
1748 4831 2105 4889 Lam-ciana,
2143 4831 2208 4883 29
2240 4844 2393 4890 nov„
2432 4832 2497 4882 20
2532 4831 2654 4883 dec.
2693 4831 2839 4892 1806:
2874 4829 3264 4891 Seaobricen„

258 4919 335 4970 ὅ
364 4918 532 4979 mail,
571 4920 636 4971 15
670 4919 789 4970 lun.
822 4918 970 4979 1816,
1003 4919 1081 4971 ad
1112 4920 1161 4981 13
1192 4917 1433 4980 lacten„
1466 4919 1532 4971 25
1563 4931 1689 4979 apr.
1731 4921 1879 4981 1914:
1909 4918 2239 4979 Hispalam„
2272 4920 2338 4972 18
2371 4922 2491 4971 lun.
2535 4921 2681 4972 1916.

450 5010 478 5047 ¹
518 5007 576 5059 S.
607 5008 672 5059 0.
705 5008 793 5068 0.,
832 5007 1116 5066 Romana,
1144 5008 1210 5061 29
1239 5009 1379 5069 lan„
1416 5009 1450 5061 6
1478 5013 1651 5062 mart.
1684 5010 1831 5068 1678,
1862 5009 1942 5060 ad
1978 5011 2027 5070 43
2057 5009 2391 5068 Bituntina,
2422 5012 2454 5061 1
2483 5010 2587 5060 iul.
2621 5009 2768 5069 1679,
2802 5010 2878 5061 ad
2907 5010 2957 5070 1:
2990 5007 3266 5067 Reatina,

260 5098 337 5149 15
364 5101 566 5158 mart..
590 5098 657 5150 19
678 5109 805 5159 apr.
830 5098 977 5159 1692;
998 5098 1284 5157 Romana,
1309 5099 1377 5150 10
1398 5098 1712 5159 1113111692,
1741 5099 1818 5151 ad
1848 5100 1898 5159 1;
1923 5100 2197 5155 Reatina,
2221 5100 2286 5149 14
2312 5100 2459 5151 febr.
2493 5099 2640 5159 1693;
2665 5098 2850 5157 Bur-02
2870 5100 2933 5165 β.
2969 5097 3266 5156 Domnim',

260 5187 337 5239 19
366 5197 497 5247 apr.
523 5187 679 5248 17043'
693 5186 1007 5245 Patavina,
1037 5190 1071 5240 9
1097 5190 1218 5239 iun.
1243 5188 1392 5249 1714,
1420 5187 1498 5239 ad
1530 5189 1632 5248 1-3;
1658 5188 1723 5240 17
1745 5188 1866 5239 dec.
1899 5189 2046 5246 1718,
2075 5187 2153 5239 ad
2178 5189 2227 5249 5;
2252 5188 2722 5248 aquaependen„
2753 5186 2819 5238 18
2843 5189 3040 5247 mart..
3076 5189 3108 5237 1
3139 5198 3271 5247 apr.

262 5276 424 5336 1719,
458 5275 537 5328 ad
560 5276 614 5335 1,
644 5276 693 5337 23
719 5274 1069 5335 Mantuam,
1095 5276 1162 5329 16
1185 5280 1360 5329 mart.
1390 5277 1537 5339 173⁶st
1567 5277 1994 5335 constantien„
2022 5279 2052 5329 4
2082 5278 2227 5328 mall
2260 5277 2405 5338 1737;
2432 5278 2792 5334 Lauretana,
2820 5278 2884 5327 11
2916 5277 3058 5335 iun..
3092 5276 3124 5326 9
3158 5276 3265 5329 lul.

259 5364 424 5425 1774,
462 5365 500 5416 9
535 5368 705 5426 sept..
754 5364 789 5416 2
834 5364 956 5418 dec.
998 5365 1146 5428 1775;
1183 5363 1521 5420 Novar-ten..
1561 5368 1627 5419 19
1676 5366 1801 5427 lul..
1846 5365 1913 5419 16
1949 5379 2083 5428 aug.
2127 5366 2276 5427 1828,
2319 5366 2398 5418 ad
2437 5367 2488 5427 ῦς
2526 5365 2846 5426 spoletana
2890 5370 2950 5417 et
2991 5363 3266 5421 Reatina,

255 5454 300 5506 8
341 5465 473 5515 apr.
508 5452 657 5506 1841.

446 5548 472 5584 ⁸
519 5543 580 5595 S.
611 5541 677 5596 0.
708 5543 985 5604 Oonsist„
1017 5545 1051 5597 3
1080 5546 1194 5597 oct.
1236 5544 1384 5607 1910,
1425 5545 1503 5597 ad
1531 5547 1581 5608 9;
1610 5545 1827 5598 declar.
1862 5545 1928 5597 27
1966 5546 2114 5597 febr.
2152 5545 2299 5596 1914.
