3753 5871
1374 358 1551 411 labor
1581 359 1820 412 rorum
1852 383 1874 395 ·
1910 355 2000 407 Do
2037 356 2236 409 Buba!
3225 343 3328 403 ³61

514 556 548 639 ξ
593 554 662 622 2.
711 552 1047 623 Tolerari
1097 554 1346 638 potest
1385 548 1808 636 praesentia
1849 546 2148 631 passiva
2190 563 2320 612 seu
2366 560 2562 611 mere
2604 538 3040 621 materialis,
3084 536 3331 605 civilis

335 664 553 735 officii
587 665 707 734 vel
747 663 1050 732 honoris
1080 678 1334 742 cansa,
1371 660 1462 729 ob
1499 674 1796 745 gravem
1842 656 2206 724 rationem
2242 653 2336 721 ab
2372 652 2745 737 Episcopo
2787 648 2868 716 in
2902 665 3082 715 casu
3118 644 3329 714 dubii

335 774 817 861 probandam,
854 773 935 841 in
965 770 1545 839 acatholicorum
1575 766 1989 848 funeribus,
2028 762 2315 849 nuptiis
2354 760 2865 844 similibusque
2896 750 3327 835 sollemniis,

335 882 731 953 dummodo
762 879 1257 967 perversionis
1295 882 1372 947 et
1405 876 1739 946 scandali
1772 853 2183 959 perieulum
2226 871 2425 939 absit
2465 869 2517 938 ².

1625 1088 1805 1158 CAN.
1842 1086 2040 1155 1259.

516 1242 550 1325 ξ
597 1244 664 1308 1.
714 1241 1109 1310 Orationes
1146 1246 1223 1310 et
1258 1240 1565 1326 pietatis
1611 1237 1967 1308 exercitia
2005 1253 2098 1306 ne
2145 1236 2682 1323 permittantur
2729 1238 2811 1305 in
2851 1238 3180 1307 ecclesiis
3220 1239 3337 1307 vel

340 1351 692 1419 oratoriis
722 1352 883 1419 sine
913 1351 1276 1420 revisione
1302 1352 1380 1418 et
1407 1366 1755 1434 expressa
1795 1346 2182 1415 ordinarii
2211 1347 2358 1415 loci
2386 1345 2717 1429 licentia,
2763 1347 2891 1433 qui
2929 1348 3009 1413 in
3040 1347 3337 1414 casibus

339 1460 877 1530 difficilioribus
917 1479 1070 1529 rem
1121 1464 1358 1528 totam
1405 1459 1580 1527 Sedi
1618 1458 2094 1542 Apostolicae
2134 1456 2476 1524 subiiciat
2499 1452 2553 1521 ¹.

513 1571 548 1654 ἓ
593 1571 661 1637 2.
712 1570 888 1639 Loci
930 1569 1377 1638 ordinarius
1421 1566 1681 1654 nequit
1733 1585 1961 1635 novas
2003 1566 2313 1634 litanias
2364 1563 2779 1649 approbare
2821 1562 3114 1647 publice
3159 1561 3333 1629 reci·

341 1676 621 1746 tandas
647 1679 702 1748 ⁸.

1613 1803 1791 1871 ΟΔΝ.
1840 1802 2036 1869 1260.

516 1953 892 2024 Ecclesiae
926 1956 1255 2024 ministri
1298 1957 1378 2023 in
1415 1956 1625 2024 cultu
1661 1954 2065 2023 exercendo
2101 1955 2316 2022 unice
2353 1972 2402 2021 a
2441 1953 2965 2039 Superioribus
3002 1954 3333 2022 ecclesia·

343 2061 555 2130 sticis
587 2063 998 2148 dependere
1039 2065 1309 2133 debent
1334 2066 1389 2133 ⁴.

346 2361 493 2423 1850:
531 2360 912 2422 (smyrneas,
949 2360 1015 2413 30
1043 2361 1189 2421 mn..
1217 2360 1248 2412 ‘1
1279 2362 1383 2413 iul.
1422 2360 1572 2421 1864.
1601 2360 1681 2412 au
1707 2362 1759 2422 4,
1790 2361 1840 2423 ος
1867 2361 1934 2412 26
1961 2372 2089 2422 apr.
2120 2361 2269 2424 18943
2298 2360 2357 2414 s.
2390 2362 2456 2414 ο.
2490 2362 2565 2415 <10
2593 2363 2767 2425 Pron.
2803 2363 2948 2417 mue
2987 2348 3338 2426 (smum),

345 2450 412 2502 12
436 2453 584 2512 sept.
615 2451 763 2512 1645,
798 2451 877 2502 ad
907 2451 958 2512 7,
993 2450 1043 2513 8;
1068 2452 1240 2503 instr.
1279 2451 1411 2512 (pro
1440 2450 1709 2503 Mission.
1747 2452 2023 2513 orient.)‚
2053 2464 2109 2502 a.
2141 2452 2288 2514 17293
2315 2452 2381 2504 17
2409 2453 2558 2506 febr.
2589 2454 2736 2516 1761;
2772 2453 2860 2513 (O.
2894 2453 3192 2506 G.-Vic.
3224 2456 3334 2515 Δρ.

348 2541 674 2603 meppea),
713 2541 749 2593 6
790 2553 925 2603 aug.
961 2541 1110 2605 1764;
1143 2542 1209 2594 15
1251 2541 1374 2593 dec.
1407 2541 1557 2603 1764,
1592 2542 1673 2594 ad
1707 2543 1759 2602 1,
1789 2541 1841 2603 2,
1871 2543 1923 2604 4;
1960 2543 2130 2595 lustr.
2180 2542 2283 2602 (sd
2318 2543 2443 2596 Vic.
2476 2544 2584 2603 Ap.
2616 2543 3115 2605 constantinop),
3157 2545 3189 2595 1
3224 2549 3338 2597 oct.

348 2631 495 2695 1785;
535 2631 789 2694 (Paros),
823 2631 890 2683 12
926 2634 1102 2686 mart.
1136 2631 1284 2694 1789:
1321 2631 1412 2693 (Ο.
1446 2632 1510 2683 Ρ.
1549 2643 1655 2693 pro
1689 2630 1861 2694 Sim),
1895 2634 1929 2684 4
1961 2633 2082 2684 ian.
2113 2632 2261 2695 1798;
2301 2632 2391 2693 (C.
2425 2632 2917 2695 G.—Antibar.).
2952 2634 2986 2685 2
3025 2646 3160 2696 aug.
3196 2634 3345 2697 1803;

349 2722 466 2774 utt.
498 2722 716 2783 encycl.
767 2721 870 2782 (ad
904 2722 1011 2782 Dp.
1046 2721 1320 2783 Indiam,
1361 2721 1427 2773 25
1454 2734 1583 2784 apr.
1616 2722 1764 2775 1902.

526 2812 549 2849 ¹
586 2811 857 2864 Clemens
887 2812 986 2872 xl.
1017 2816 1204 2865 const.
1247 2827 1278 2862 ι
1309 2812 1402 2863 Es
1433 2812 1542 2862 ula
1571 2827 1621 2874 ι,
1656 2812 1723 2866 19
1752 2816 1928 2865 msrt.
1963 2813 2113 2874 1715,
2148 2813 2175 2875 ξ
2209 2813 2260 2874 2,
2290 2812 2342 2876 5;
2371 2813 2728 2866 Benedictus
2767 2815 2920 2875 XIV,
2952 2815 3139 2868 const.
3181 2830 3212 2866 α
3252 2814 3343 2865 Eo

350 2912 463 2962 quo
492 2917 543 2964 n,
581 2904 648 2955 11
680 2902 785 2955 iul.
818 2903 965 2965 1742,
1009 2902 1036 2965 ξ
1066 2904 1150 2965 10,
1182 2902 1265 2964 12,
1296 2902 1466 2966 21-25’;
1493 2914 1585 2965 ep.
1616 2904 1835 2966 encycl.
1872 2918 1904 2954 ‹
1932 2902 2104 2956 Inter
2133 2902 2474 2965 omnivenas
2506 2918 2556 2966 ι,
2590 2905 2624 2956 2
2656 2905 2806 2957 febr.
2837 2905 2986 2967 1744,
3032 2905 3059 2968 ξ
3092 2905 3175 2968 16;
3208 2905 3345 2958 Gre-

346 2994 549 3055 gorius
577 2994 728 3055 XVI.
759 3006 849 3056 ep.
891 3010 922 3044 α
952 2993 1229 3044 Dolorem
1259 3009 1308 3056 ι,
1339 2994 1406 3047 30
1435 3007 1568 3046 nov.
1601 2995 1748 3056 183ος
1781 2993 1839 3047 8.
1873 2994 1938 3047 G.
1974 2994 2034 3046 S.
2068 2995 2206 3057 om,
2240 2994 2305 3048 23
2334 2998 2511 3047 mart.
2543 2995 2691 3056 1656,
2725 2996 2804 3048 ad
2843 2996 2892 3058 4;
2923 2996 2988 3048 13
3021 3008 3153 3048 nov.
3196 2996 3344 3058 1669;

348 3084 504 3136 decr.
541 3083 607 3137 20
638 3097 771 3137 nov.
808 3085 957 3148 1704;
991 3085 1026 3136 9
1059 3084 1184 3137 dec.
1215 3083 1363 3147 1745:
1407 3084 1525 3137 litt.
1573 3084 1676 3145 (ad
1712 3084 1836 3136 vic.
1868 3086 1980 3146 Ap.
2010 3085 2332 3147 Ameriae),
2368 3084 2435 3137 21
2472 3085 2591 3137 ian.
2625 3085 2774 3147 17513
2819 3085 3111 3145 (Mission.
3153 3085 3346 3137 'renos

351 3176 413 3226 in
437 3176 877 3237 Peloponneso),
912 3175 980 3227 10
1004 3176 1148 3226 maii
1181 3175 1329 3236 1753,
1358 3174 1438 3226 ad
1462 3176 1513 3237 1;
1549 3174 1893 3237 (Ameriae),
1919 3177 1986 3227 14
2012 3179 2161 3236 sept.
2191 3175 2340 3237 1780;
2381 3176 2733 3238 mentun),
2764 3176 2829 3229 13
2860 3176 2980 3227 ian.
3012 3176 3161 3236 1818.
3190 3176 3270 3228 sd
3296 3177 3347 3239 1:

359 3265 657 3326 (Quebec),
684 3266 749 3318 23
773 3265 923 3318 tebr.
949 3265 1098 3327 1820,
1128 3265 1208 3317 ad
1230 3266 1282 3326 1,
1312 3265 1362 3327 3;
1387 3264 1558 3318 instr.
1598 3265 1701 3322 (ad
1727 3267 1833 3326 Dp.
1872 3265 2286 3328 Sanctorienss),
2321 3267 2387 3317 12
2419 3267 2563 3317 maii
2588 3267 2738 3327 1841,
2766 3279 2824 3317 ιι.
2854 3267 2903 3328 2;
2930 3267 3101 3318 instr.
3130 3265 3195 3316 22
3220 3266 3342 3318 iun.

349 3356 496 3418 1850:
529 3355 968 3417 (Sanctorien.),
1003 3355 1070 3406 22
1094 3357 1217 3407 iun.
1253 3355 1402 3417 18643
1436 3355 1816 3417 (Smyrna),
1843 3356 1911 3408 30
1939 3355 2084 3417 iun..
2113 3355 2147 3409 7
2174 3357 2279 3408 iul.
2311 3356 2460 3417 1864,
2489 3356 2567 3408 ad
2602 3358 2653 3418 13
2689 3357 3039 3417 (lemniae),
3073 3357 3139 3407 11
3166 3358 3343 3407 mart.

350 3446 498 3509 1868;
532 3447 703 3498 instr.
751 3445 854 3506 (ad
889 3446 1161 3506 Archiep.
1203 3446 1564 3508 Coronen).
1601 3446 1634 3498 3
1679 3447 1799 3497 ian.
1838 3445 1987 3506 1871,
2027 3459 2084 3497 ιι.
2123 3446 2173 3509 2
2219 3447 2559 3508 (columbi),
2598 3448 2663 3498 14
2702 3447 2820 3498 ian.
2870 3446 3017 3508 1874;
3064 3447 3344 3506 (Tunkin.

352 3538 661 3598 Centrum,
706 3537 771 3590 29
802 3539 977 3589 mart.
1010 3535 1159 3598 18793
1201 3535 1559 3597 (meumst),
1604 3535 1639 3587 8
1673 3536 1817 3586 maii
1851 3536 1999 3598 1889;
2034 3537 2101 3589 19
2134 3548 2268 3598 aug.
2301 3537 2449 3599 1891;
2485 3538 2656 3590 instr.
2695 3539 2726 3589 1
2772 3550 2907 3599 nug.
2940 3538 3087 3599 190ος
3122 3537 3187 3587 24
3226 3537 3346 3588 ian.

350 3628 498 3690 1906;
527 3627 585 3681 S.
615 3629 680 3680 G.
709 3628 783 3679 de
809 3627 980 3687 Prop.
1012 3627 1157 3680 Fide
1194 3626 1281 3686 (Ο.
1314 3625 1431 3688 6.),
1460 3627 1525 3678 17
1559 3638 1686 3686 apr.
1719 3626 1869 3687 1758,
1900 3627 1978 3679 ad
2004 3627 2054 3689 2;
2088 3627 2154 3679 15
2184 3627 2306 3679 dec.
2344 3628 2494 3688 1764,
2526 3628 2605 3679 ad
2633 3624 2682 3690 33
2720 3628 2808 3688 (G.
2843 3627 2911 3679 G.
2931 3625 3340 3687 -Anubar.)‚

353 3718 388 3769 2
426 3729 560 3780 aug.
594 3717 744 3779 1803,
778 3718 857 3770 ad
896 3719 947 3780 13
986 3717 1077 3778 (G.
1112 3717 1176 3767 Ρ.
1212 3728 1320 3778 pro
1356 3714 2009 3777 Sin.-Gochinchin.),
2044 3715 2077 3766 2
2111 3716 2216 3768 iul.
2248 3716 2396 3778 1827;
2437 3717 2527 3777 (O.
2562 3716 2678 3778 G.)‚
2722 3716 2787 3768 21
2821 3729 2954 3769 nov.
2994 3717 3142 3779 1837:
3176 3718 3348 3769 instr.

364 3809 467 3868 (ad
497 3808 623 3861 Vic.
654 3810 762 3870 Δρ.
799 3808 1089 3870 scopiac),
1123 3807 1190 3860 26
1220 3811 1369 3868 sept.
1401 3807 1550 3868 1840,
1588 3807 1667 3859 ad
1699 3808 1781 3868 143
1821 3808 1940 3859 litt.
1985 3803 2089 3868 (a‘d
2122 3807 2245 3858 Vic.
2277 3808 2387 3868 Ap.
2420 3807 2717 3868 Aegypti),
2752 3808 2786 3860 3
2820 3808 2965 3858 maii
2997 3807 3145 3860 1876.

518 3901 546 3937 ²
593 3898 768 3951 Conc.
808 3900 1097 3961 Trident„
1144 3911 1289 3951 sess.
1327 3899 1494 3959 XXV,
1533 3900 1604 3949 de
1649 3897 2038 3956 invocamus,
2076 3897 2454 3949 veneratione
2491 3902 2550 3948 et
2590 3896 2859 3956 reliquus
2895 3900 3255 3957 sanctorum,
3294 3903 3354 3949 et

357 3990 546 4041 sacris
575 3988 951 4049 stnaoinibuae:
988 3990 1106 4041 Leo
1138 3989 1304 4049 XIII,
1342 3991 1527 4041 const.
1562 4003 1595 4039 ι
1629 3988 1965 4047 officiorum
1997 3999 2069 4039 ac
2100 3999 2407 4038 munerum
2439 4002 2489 4048 ι,
2526 3986 2590 4039 25
2623 3988 2741 4039 ian.
2777 3988 2926 4048 1897.
2969 4000 3028 4039 ιι.
3063 3988 3146 4051 13;
3182 3987 3241 4041 S.
3285 3989 3351 4040 G.

360 4081 419 4132 Β.
456 4079 595 4142 om,
636 4081 670 4130 4
702 4081 847 4131 maii
877 4079 1026 4132 1892.

519 4173 547 4209 ³
589 4171 707 4222 Leo
740 4170 906 4231 XIII,
945 4172 1062 4223 litt.
1102 4182 1198 4232 ap.
1237 4185 1268 4220 α
1311 4169 1611 4221 Salutaris
1646 4185 1695 4230 ιν,
1731 4170 1797 4221 24
1830 4170 1954 4222 dec.
1992 4169 2140 4232 18833
2175 4172 2361 4222 const.
2399 4184 2430 4219 ι
2465 4168 2802 4228 officiorum
2846 4180 2918 4219 ac
2950 4180 3260 4220 munerum
3296 4184 3345 4229 n,

357 4261 423 4314 25
457 4263 578 4313 ian.
608 4260 758 4322 1897,
788 4274 846 4313 ιι.
875 4262 958 4323 19;
993 4260 1351 4312 Benedictus
1376 4260 1495 4321 XV,
1524 4271 1614 4321 ep.
1648 4260 1728 4312 sd
1754 4260 1933 4312 Gard.
1969 4260 2188 4313 secret.
2223 4259 2452 4320 Status,
2482 4260 2516 4311 5
2552 4260 2697 4310 maii
2726 4259 2874 4320 19173
2908 4258 2968 4312 8.
3004 4258 3070 4311 Ο.
3111 4257 3169 4311 S.
3209 4259 3351 4319 om..

357 4353 512 4405 decr.
539 4353 574 4405 o
596 4354 744 4412 sent.
772 4351 1009 4414 1601318
1032 4364 1158 4413 apr.
1185 4348 1333 4412 lsw,
1367 4350 1425 4404 s.
1456 4350 1522 4403 ο.
1557 4339 1812 4411 incula..
1852 4349 2028 4400 orme
2059 4353 2120 4401 ee
2149 4350 2342 4410 orme,
2371 4348 2757 4411 161an.1886;
2791 4348 2850 4402 s.
2883 4350 2955 4401 R.
2987 4349 3077 4411 0..
3107 4348 3354 4400 Alexan-

359 4442 554 4502 anna,
595 4443 662 4495 15
701 4446 877 4496 mart.
929 4443 1078 4504 1608,
1118 4442 1198 4494 ad
1245 4442 1330 4503 14:
1369 4439 1667 4499 Polonlae,
1708 4441 1774 4492 12
1817 4441 1940 4493 iun.
1972 4441 2119 4504 162&
2159 4439 2421 4499 Reaicn„
2464 4440 2499 4492 8
2537 4443 2713 4492 mart.
2758 4441 2905 4501 16:313
2957 4439 3352 4499 Syracusana,

355 4535 392 4586 2
417 4546 536 4596 aug
564 4535 713 4596 16:313
739 4533 1155 4591 Mediolanen„
1183 4532 1216 4584 7
1251 4531 1374 4585 dec.
1404 4532 1553 4593 1641;
1583 4530 1927 4590 omentum,
1958 4531 2024 4583 20
2052 4532 2157 4583 iul.
2192 4531 2341 4591 1654,
2372 4530 2450 4581 ad
2479 4532 2529 4592 1;
2569 4529 2848 4580 Civitatis
2878 4529 3095 4588 Plebis,
3135 4529 3200 4581 29
3232 4530 3350 4579 ian.

359 4625 508 4687 16563
532 4623 762 4686 suren..
788 4625 856 4676 12
890 4625 992 4677 iul.
1021 4623 1169 4684 1664,
1204 4622 1284 4675 ad
1306 4624 1357 4685 4;
1380 4621 1617 4673 Nullius
1647 4621 1948 4673 Dioeoesis
1973 4624 2033 4673 et
2060 4619 2408 4672 Provinciae
2437 4619 2759 4679 Τινῶν-οη,
2786 4620 2851 4672 31
2888 4620 2991 4671 iul.
3021 4618 3153 4671 1665
3179 4632 3238 4671 ιι.
3273 4618 3357 4682 16;

360 4714 694 4774 bubonem,
730 4715 798 4767 16
834 4716 956 4768 iun.
995 4715 1143 4777 1674;
1180 4713 1374 4772 Urbis,
1419 4714 1484 4765 11
1519 4713 1668 4765 febr.
1707 4712 1854 4774 1702;
1894 4710 2068 4762 Urbis
2103 4716 2163 4762 et
2202 4711 2413 4763 Status
2448 4709 2874 4769 Eoczemetiot,
2912 4711 2978 4763 15
3024 4713 3172 4772 sept.
3211 4710 3357 4772 18153

361 4807 516 4859 decr.
548 4819 678 4868 gen.
705 4808 739 4860 3
762 4818 889 4868 apr.
915 4806 1065 4868 1821,
1097 4806 1176 4858 ad
1198 4806 1248 4867 7;
1270 4805 1535 4864 Romen„
1561 4805 1595 4857 3
1617 4816 1751 4866 sug.
1784 4803 1934 4864 1839,
1960 4803 2040 4855 ad
2064 4802 2114 4864 3;
2141 4803 2446 4880 Veroncn„
2480 4804 2543 4854 11
2571 4805 2718 4863 sept.
2748 4801 2897 4862 1847,
2929 4801 3008 4853 ad
3033 4803 3084 4865 1;
3102 4800 3360 4852 Tonkini

364 4895 779 4955 occidentalis,
833 4897 900 4948 14
951 4909 1086 4958 aug.
1133 4895 1282 4956 1858,
1328 4895 1407 4947 ad
1449 4895 1564 4957 111;
1604 4895 1890 4953 Laudem,
1934 4894 2000 4944 27
2042 4897 2190 4953 sept.
2239 4892 2387 4955 1873;
2430 4892 2733 4952 capuana,
2782 4892 2998 4943 Portus
3042 4889 3256 4943 Alouu
3298 4894 3358 4942 et

363 4985 571 5039 smne
612 4986 1022 5046 conceptionis
1065 4989 1136 5039 dc
1184 4985 1370 5044 Obila,
1412 4985 1479 5037 12
1528 4985 1670 5037 maii
1712 4985 1862 5046 1877,
1906 4983 1986 5036 ad
2026 4984 2095 5046 νς
2136 4982 2424 5042 marien..
2470 4972 2535 5034 a
2575 4996 2711 5045 aug.
2755 4983 2903 5045 1880;
2956 4982 3358 5042 Δνοεπτίηοπ.,

362 5078 428 5131 29
462 5090 599 5139 aug.
632 5077 780 5139 1882;
814 5077 989 5129 Urbis
1018 5083 1077 5129 et
1120 5076 1311 5136 Orbis,
1342 5079 1409 5130 10
1437 5077 1560 5129 dec.
1596 5076 1744 5138 188&
1771 5075 1928 5128 decr.
1962 5075 1997 5128 6
2026 5077 2203 5128 mart.
2236 5074 2385 5137 1894;
2414 5073 2638 5125 Montis
2679 5071 2915 5133 Albani,
2948 5072 3014 5126 20
3051 5074 3173 5124 iun.
3209 5072 3359 5136 1896;

366 5167 704 5227 Butuntum,
732 5168 799 5220 z)
823 5168 946 5220 iun.
976 5168 1125 5230 1896:
1160 5166 1643 5229 oonmaattonie
1674 5166 1779 5219 SS.
1811 5165 2244 5225 Redemptom,
2272 5166 2337 5217 11
2367 5165 2517 5218 febr.
2549 5164 2697 5227 1898;
2727 5162 2793 5215 11
2821 5163 2972 5216 febr.
3004 5163 3154 5226 189&
3186 5161 3360 5214 Urbis

366 5262 427 5310 et
468 5258 662 5318 Orbis,
713 5258 747 5309 2
783 5270 910 5320 apr.
962 5258 1111 5321 1899;
1154 5257 1329 5309 Urbis
1368 5261 1429 5310 et
1474 5257 1666 5318 orme,
1710 5257 1776 5309 22
1814 5269 1943 5319 apr.
1988 5257 2134 5320 1903;
2173 5256 2329 5309 decr.
2374 5255 2409 5308 8
2453 5256 2598 5308 tebr.
2656 5255 2804 5318 1905:
2849 5253 3025 5306 Urbis
3065 5258 3125 5307 οι
3170 5251 3363 5309 Orbis,

365 5350 433 5401 18
459 5351 636 5402 mart.
668 5349 816 5401 1909.

541 5443 576 5483 ⁴
608 5440 964 5493 Benedictus
992 5440 1144 5501 xlv,
1174 5451 1265 5500 ep.
1295 5441 1515 5502 encycl.
1555 5455 1587 5492 ι
1624 5428 2125 5501 Quemadmodum
2152 5452 2202 5500 ι,
2232 5437 2298 5491 23
2327 5439 2503 5490 mart.
2534 5437 2683 5500 1743ς
2713 5437 2858 5490 Pius
2885 5437 2952 5498 X,
2984 5436 3103 5490 litt.
3143 5435 3361 5496 encycl.

366 5548 399 5584 ι
430 5532 787 5583 [amandum
819 5545 869 5592 ι,
915 5532 981 5582 24
1012 5531 1158 5583 maii
1201 5529 1352 5584 1911.
