3753 5871
1223 296 1395 346 Liber
1427 296 1731 347 secun-due
1772 322 1791 333 ·
1828 298 1915 347 De
1956 298 2232 348 Peraeam
3147 300 3215 358 61

223 488 340 553 est
375 486 457 550 in
492 490 777 552 ceteros
820 485 1264 553 cardinales
1306 485 1750 568 iurisdictio,
1801 486 1927 554 sed
1968 486 2127 572 ipse
2174 487 2460 572 primus
2507 487 2823 556 habetur
2867 488 3066 556 inter
3102 507 3215 556 ae-

226 593 485 676 quales
520 590 568 658 ¹.
2095 585 2100 589 ⁴

401 697 436 780 ξ
483 697 550 763 2.
599 699 936 766 Vacante
977 699 1371 781 decanatu,
1420 700 1584 783 ipso
1622 700 1783 767 iure
1822 700 2151 767 succedit
2201 700 2703 781 subdecanus,
2746 703 2898 768 sive
2938 703 3003 769 is
3041 708 3214 770 tem-

219 824 400 890 pore
446 806 859 874 vacationis
897 807 999 873 sit
1037 824 1386 891 praesens
1425 808 1505 873 in
1556 808 1810 890 Curia,
1856 809 2010 875 sive
2049 809 2127 874 in
2169 827 2308 875 sua
2349 810 2864 876 suburbicaria
2900 811 3216 878 dioecesi

217 919 737 996 commoretur,
785 914 938 981 sive
974 914 1172 981 absit
1205 915 1301 982 ad
1347 919 1638 998 tempus
1681 916 1772 983 ob
1809 916 1952 983 sibi
1986 917 2453 983 commissum
2492 935 2761 983 munus
2797 935 2842 984 a
2882 917 3216 986 Romano

222 1017 606 1087 Pontifice.
1531 1074 1707 1140 CAN.
1745 1074 1899 1141 238·

400 1186 435 1268 ξ
482 1188 548 1252 1.
598 1185 1037 1253 cardinales
1072 1188 1422 1252 tenentur
1458 1183 1908 1269 obligatione
1947 1184 2316 1251 residendi
2362 1184 2442 1251 in
2477 1185 2732 1269 Curia,
2777 1204 2910 1253 nec
2947 1188 3067 1253 fas
3102 1192 3215 1254 est

218 1293 406 1379 ipsis
452 1296 546 1361 ab
583 1295 834 1361 eadem
876 1293 1250 1360 discedere
1312 1293 1472 1360 sine
1542 1292 1845 1359 licentia
1909 1292 2225 1360 Romani
2264 1293 2674 1378 PontificiS,
2741 1295 2946 1362 salvo
3007 1312 3210 1380 prae·

214 1402 500 1485 scripto
547 1401 623 1484 ἐξ
659 1400 727 1484 2,
765 1402 809 1468 3
845 1401 1067 1467 huius
1098 1400 1406 1466 canonis
1447 1400 1497 1467 ².

400 1509 433 1591 ξ
480 1509 548 1575 2.
598 1509 804 1576 Haec
847 1509 1205 1593 obligatio
1260 1514 1475 1592 urget
1521 1527 1806 1592 quoque
1850 1507 2288 1575 cardinales
2338 1507 2741 1592 Episcopos
2789 1509 3209 1575 suburbica·

217 1616 392 1700 rios3
437 1617 562 1684 sed
608 1617 755 1701 ipsi
811 1634 955 1682 non
1001 1616 1339 1702 indigent
1386 1616 1691 1683 licentia
1735 1622 1820 1682 ut
1875 1634 2030 1684 sese
2076 1615 2467 1682 conferant
2511 1617 2603 1683 ad
2661 1616 3026 1683 dioeceses
3070 1617 3211 1683 sibi

211 1725 670 1806 commissas,
703 1724 991 1807 quoties
1017 1727 1513 1808 opportunum
1551 1723 2069 1790 iudicaverint.

393 1833 427 1914 ξ
473 1831 542 1899 3.
592 1831 1031 1899 Cardinales
1069 1833 1196 1916 qui
1233 1838 1409 1900 sunt
1456 1832 1808 1916 Episcopi
1846 1832 2166 1898 alicuius
2201 1831 2556 1899 dioecesis
2594 1852 2738 1899 non
2789 1833 3207 1900 suburbica·

215 1940 398 2020 riae,
447 1939 606 2024 lege
654 1938 1023 2007 residendi
1077 1940 1154 2005 in
1201 1939 1434 2007 Curia
1480 1939 1930 2022 eximuntur3
1977 1938 2104 2007 sed
2159 1957 2325 2006 cum
2374 1940 2469 2007 ad
2517 1940 2786 2008 Urbem
2843 1939 3206 2023 venerint,

213 2047 602 2114 Summum
638 2046 1069 2114 Pontificem
1102 2047 1400 2127 adeant,
1442 2065 1571 2114 nec
1614 2048 1706 2113 ab
1743 2046 1942 2115 Urbe
1973 2046 2359 2116 discedant
2401 2055 2796 2131 antequam
2831 2048 2924 2114 ab
2961 2046 3209 2115 eodem

209 2153 537 2221 abeundi
579 2153 955 2220 licentiam
989 2153 1554 2237 impetraverint
1598 2152 1651 2219 ⁸.

470 2366 475 2371 .
1520 2311 1696 2378 CAN.
1743 2312 1897 2379 239.

400 2423 434 2505 ξ
481 2425 549 2488 1.
602 2421 911 2490 Praeter
958 2420 1110 2487 alia
1150 2419 1539 2506 privilegia
1581 2437 1767 2505 quae
1804 2420 1887 2486 in
1929 2420 2064 2486 hoc
2106 2419 2374 2487 Codice
2414 2420 2571 2488 suis
2610 2421 2691 2487 in
2741 2421 2989 2488 titulis
3038 2438 3207 2489 enu-

214 2533 628 2612 merantur,
673 2529 1110 2597 Oardinales
1150 2547 1400 2596 omnes
1447 2547 1497 2596 a
1533 2546 1669 2595 sua
1710 2527 2171 2614 promotione
2217 2529 2298 2595 in
2350 2529 2811 2597 Consistorio
2850 2529 3213 2597 facultate

213 2637 591 2722 gaudent:

479 2747 579 2811 1.⁰
620 2745 994 2812 Audiendi
1066 2745 1336 2828 ubique
1409 2751 1777 2813 terrarum
1841 2745 2341 2812 confessiones
2400 2746 2624 2812 etiam
2702 2745 3211 2830 religiosorum

217 2854 611 2938 utriusque
648 2871 866 2920 sexus
903 2857 980 2920 et
1014 2853 1437 2920 absolvendi
1486 2854 1579 2919 ab
1617 2852 1956 2919 omnibus
1993 2852 2315 2937 peccatis
2351 2856 2425 2919 et
2465 2853 2799 2919 censuris
2837 2854 3061 2921 etiam
3103 2873 3206 2921 re·
3293 2859 3294 2862 ’

213 2962 558 3043 servatis,
609 2962 936 3045 exeeptis
973 2967 1265 3029 tantum
1307 2962 1641 3029 censuris
1692 2962 1867 3029 Sedi
1914 2962 2387 3046 Apostolicae
2427 2962 2958 3044 specialissimo
2997 2963 3214 3031 modo

214 3070 616 3137 reservatis
653 3074 727 3137 et
762 3070 916 3136 illis
952 3088 1137 3154 quae
1170 3070 1499 3137 adnexae
1543 3089 1625 3135 su
1637 3073 1721 3137 nt
1758 3068 2191 3137 revelationi
2229 3071 2492 3138 secreti
2534 3070 2610 3138 S.
2654 3070 2912 3149 Officii;

480 3176 581 3243 2.⁰
625 3177 786 3245 Sibi
844 3179 1144 3261 suisque
1199 3178 1699 3245 familiaribus
1749 3178 2068 3262 eligendi
2115 3179 2565 3245 sacerdotem
2626 3179 3213 3246 confessionibus

213 3285 697 3369 excipiendiS,
751 3287 903 3369 qui,
958 3286 1024 3352 si
1074 3285 1588 3353 iurisdictione
1648 3291 1927 3364 careat,
1980 3304 2140 3352 eam
2195 3286 2361 3370 ipso
2408 3287 2569 3353 iure
2621 3286 2930 3369 obtinet,
2985 3287 3208 3355 etiam

215 3392 414 3476 quod
446 3397 736 3476 spectat
768 3392 862 3459 ad
893 3396 1197 3477 peccata
1225 3399 1299 3461 et
1331 3411 1708 3476 censuras,
1751 3397 2164 3461 reservatas
2194 3412 2502 3478 quoque,
2534 3393 2688 3459 illis
2717 3398 3011 3461 tantum
3048 3413 3206 3462 cen·

214 3500 420 3566 suris
447 3501 797 3584 exceptis,
830 3500 922 3567 de
955 3499 1221 3583 quibus
1251 3500 1330 3566 in
1363 3520 1436 3567 n.
1479 3504 1542 3585 1;

479 3606 581 3674 3.⁰
622 3610 946 3675 Verbum
979 3607 1118 3675 Dei
1160 3608 1429 3693 ubique
1463 3610 1964 3693 praedicandi3

479 3716 579 3780 4:
620 3715 1060 3783 Celebrandi
1091 3717 1208 3783 vel
1246 3717 1378 3782 alii
1412 3718 1887 3799 permittendi
1924 3723 2010 3785 ut
2040 3735 2287 3785 coram
2323 3736 2400 3785 se
2430 3718 2748 3785 celebret
2783 3737 3001 3784 unam
3039 3717 3207 3785 Mis·

214 3841 377 3889 sam
417 3823 493 3889 in
540 3824 734 3891 feria
771 3826 838 3890 V
886 3824 1190 3890 maioris
1227 3823 1725 3892 hebdomadae
1761 3843 1848 3891 ac
1897 3828 2050 3892 tres
2090 3826 2358 3892 Missas
2396 3826 2474 3891 in
2519 3831 2731 3893 nocte
2770 3825 3212 3893 Nativitatis

214 3931 542 4012 Domini3

483 4039 582 4104 5:
627 4038 1122 4107 Benedicendi
1155 4040 1447 4123 ubique,
1485 4040 1643 4107 solo
1682 4041 1926 4107 crucis
1964 4042 2198 4125 signo,
2237 4058 2404 4107 cum
2449 4041 2786 4107 omnibus
2830 4041 3207 4125 indulgen·

216 4145 351 4212 tiis
381 4165 430 4212 a
467 4146 740 4213 Sancta
781 4145 967 4214 Sede
1002 4146 1302 4213 concedi
1338 4147 1605 4227 solitis,
1654 4149 1965 4229 rosa-ria,
2004 4148 2337 4232 aliasque
2369 4167 2682 4215 coronas
2728 4149 3207 4232 precatorias,

213 4270 498 4335 cruces,
541 4254 1014 4331 numismata,
1052 4258 1368 4335 statuas,
1407 4255 1828 4338 scapularia
1869 4274 1916 4322 a
1950 4254 2135 4323 Sede
2166 4256 2596 4339 Apostolica
2637 4256 2952 4339 probata
2984 4274 3212 4338 eaque

216 4359 645 4444 imponendi
679 4360 837 4427 sine
878 4379 1097 4428 onere
1128 4361 1660 4446 inscriptionis;

480 4466 578 4534 6:
625 4468 777 4536 Sub
813 4469 1033 4536 unica
1065 4469 1572 4538 benedictione
1604 4470 1959 4555 erigendi,
2007 4470 2084 4537 in
2119 4471 2447 4538 ecclesiis
2482 4475 2559 4539 et
2601 4471 2950 4538 oratoriis
2987 4470 3210 4541 etiam

216 4576 536 4660 privatis
567 4577 881 4661 aliisque
912 4578 1057 4660 piis
1095 4577 1301 4658 locis,
1338 4578 1697 4645 stationes
1734 4577 1916 4645 Viae
1959 4576 2219 4645 Crucis
2252 4597 2419 4645 cum
2460 4579 2798 4645 omnibus
2830 4577 3209 4661 indulgen·

219 4683 376 4765 tiis,
425 4701 610 4767 quae
644 4684 1064 4752 huiusmodi
1103 4686 1306 4769 pium
1350 4686 1780 4753 exercitium
1818 4685 2342 4770 peragentibus
2377 4685 2799 4768 impertitae
2844 4688 3040 4766 sunt3
3081 4703 3209 4751 nec

392 4859 414 4894 ¹
454 4858 677 4910 Paulus
706 4859 806 4919 1v,
835 4862 1019 4910 const.
1058 4875 1089 4909 ι
1121 4858 1265 4908 Cum
1294 4858 1658 4908 venerabiles
1686 4873 1734 4917 n,
1764 4858 1829 4907 22
1863 4871 1996 4918 aug.
2027 4858 2174 4917 1555,
2212 4857 2238 4917 3
2266 4857 2316 4917 3,
2348 4859 2397 4918 4;
2435 4857 2787 4908 Benedictus
2823 4857 2989 4915 xm,
3021 4861 3206 4908 const.

220 4963 253 4998 ι
284 4948 539 4997 Romani
567 4946 869 5007 Pontificio
898 4964 947 5008 n,
978 4947 1011 4999 ⁷
1036 4928 1182 5007 septl
1221 4947 1368 5007 1724,
1408 4948 1434 5008 ἱ
1464 4948 1513 5009 ’ῒ;
1539 4947 1807 4999 Clemens
1837 4946 1970 5007 ΧΠ,
2000 4949 2184 5001 const.
2226 4961 2256 4996 α
2283 4945 2870 5003 Ραετοναιεωῃῖοὶυηι
2903 4961 2951 5004 ιο,
2986 4947 3051 4996 10
3089 4946 3207 4996 lan.

215 5037 369 5095 1731,
406 5037 434 5096 ς
468 5037 520 5094 1,
552 5036 602 5095 2,
634 5037 684 5095 4,
715 5037 765 5088 5.
1991 5072 2006 5109 x

382 5127 412 5164 ²
453 5127 570 5177 Leo
594 5127 642 5177 Χ
678 5126 766 5183 (ln
799 5126 973 5177 Oonc.
1010 5126 1360 5177 Lateranen.
1393 5126 1486 5187 V),
1515 5130 1699 5178 const.
1734 5140 1763 5176 ι
1796 5125 2097 5185 supernae
2126 5122 2529 5183 dispositionis
2567 5140 2615 5183 »,
2646 5123 2678 5174 5
2707 5123 2850 5174 mail
2881 5124 3029 5182 1514,
3066 5125 3092 5183 5
3131 5123 3212 5183 28:

220 5216 449 5267 Paulus
483 5214 585 5275 lv,
623 5218 808 5266 const.
857 5230 888 5264 ι
926 5215 1071 5265 Cum
1107 5214 1470 5265 venerabiles
1507 5230 1556 5276 u,
1604 5215 1669 5265 22
1707 5227 1840 5275 aug.
1884 5215 2030 5272 1555.
2073 5214 2098 5275 5
2140 5216 2187 5273 1;
2227 5214 2606 5264 Innocentius
2649 5213 2716 5272 X,
2755 5215 2940 5264 const.
2985 5227 3017 5262 α
3065 5211 3209 5261 Cum

215 5306 393 5355 iacta
428 5320 480 5363 ι,
509 5306 575 5356 19
603 5305 753 5356 febr.
784 5304 932 5363 1046,
974 5304 1000 5364 ξ
1030 5306 1079 5365 1;
1106 5305 1250 5356 Pius
1284 5305 1380 5363 IX,
1414 5305 1531 5357 litt.
1566 5316 1659 5364 ap.
1695 5320 1726 5354 ι
1758 5305 2123 5364 Quamquam
2160 5303 2335 5353 Illius
2369 5317 2416 5354 i).
2452 5301 2516 5352 29
2555 5305 2702 5361 sept.
2735 5301 2881 5353 1867.

382 5397 410 5434 ⁸
452 5392 810 5445 Benedictus
840 5393 992 5453 XIV,
1026 5394 1209 5446 const.
1254 5409 1284 5445 α
1319 5393 1390 5443 In
1423 5393 1703 5454 reoimine
1736 5407 1784 5453 »,
1818 5394 1852 5446 3
1894 5393 2042 5445 febr.
2076 5392 2223 5451 1745.
2264 5392 2290 5452 ἱ
2324 5391 2373 5452 3;
2405 5393 2589 5442 const.
2626 5406 2657 5440 ι
2687 5390 2777 5440 Aa
2818 5391 3130 5441 universae
3159 5405 3208 5450 ι,

210 5485 249 5539 8
285 5488 436 5546 sept.
469 5483 619 5538 1746.
