3753 5871
409 14 521 73 7oe
1548 10 1744 62 oodo-
1782 10 1945 62 laris
1993 8 2273 62 omnm

418 201 603 277 Quia
643 216 807 264 vero
846 199 1232 279 perniciosa
1273 197 1461 277 apud
1504 196 1840 278 plurimos
1886 195 2122 275 opinio
2166 194 2418 259 sensim
2461 193 2784 273 invaluit,
2832 191 3226 264 Tridentini
3282 194 3412 257 De·

416 308 628 371 cretis
655 324 794 369 non
825 306 1323 386 praescriptam
1359 321 1509 369 esse
1543 303 1885 384 dignioris
1911 302 2330 380 electionem
2370 301 2490 366 sed
2518 302 2747 366 caveri
2779 301 3286 379 tantummodo,
3328 318 3416 365 ne

413 413 724 494 indiguis
757 414 1082 478 ecclaesiae
1117 411 1585 492 parochiales,·
1606 411 1882 491 aliaque
1920 410 2270 490 beneficia,
2308 410 2557 489 quibus
2593 426 2763 473 cura
2795 409 3111 473 imminet
3145 410 3412 472 anima·

414 539 594 603 rum,
637 523 1139 597 conterrentun
1176 538 1325 584 san.
1363 537 1561 586 mem.
1608 519 2061 584 Innocentius
2092 519 2186 582 XI
2230 519 2724 583 Praedecessor
2766 518 3019 582 Noster
3051 533 3415 580 erroneam

413 630 799 693 doctrinam
831 647 877 693 a
909 646 1094 708 vera,
1110 663 1111 666 =
1125 632 1200 692 et
1229 629 1498 693 sincera
1526 627 1817 691 Patrum
1851 631 2080 692 mente
2112 626 2385 706 longius
2416 626 2887 702 deflectentem
2919 624 3305 704 damnavit,
3342 627 3417 687 et

412 737 713 815 edocuit,
746 754 950 816 quam
983 737 1307 816 prudens,
1349 753 1432 799 ac
1462 734 1758 816 diligens
1789 751 1940 799 esse
1969 735 2214 799 debeat
2247 733 2636 798 Pastoralis
2676 732 2878 796 officii
2912 732 3369 812 dispensatio.

607 845 639 921 3
686 845 748 906 1.
794 844 906 907 Ad
956 844 1276 908 tramites
1321 843 1580 907 idcirco
1631 842 1941 907 eiusdem
1994 842 2291 906 Sanctae
2344 840 2630 921 synodi,
2682 857 2814 904 usu
2869 843 3220 919 receptum
3270 843 3410 916 est,

412 955 815 1016 occurrente
860 950 1278 1031 parochialis
1321 951 1646 1015 ecclesiae
1701 950 2082 1029 vacatione,
2134 967 2308 1030 quae
2350 949 2566 1014 libere
2618 950 2708 1013 ab
2752 948 3126 1013 Ordinatio
3179 949 3412 1011 confe-

412 1061 629 1123 renda
669 1060 789 1138 sit,
831 1076 1238 1123 concursum
1269 1058 1575 1137 institui,
1612 1061 1718 1137 ut,
1752 1057 1992 1121 habita
2027 1059 2102 1120 in
2135 1075 2217 1121 eo
2249 1058 2335 1121 de
2367 1057 2740 1121 cuiuslibet
2778 1058 3032 1135 aetate,
3073 1055 3416 1132 moribus,

411 1167 755 1247 doctrina,
802 1170 878 1232 et
914 1167 1345 1245 sufficientia,
1387 1165 1628 1231 solerti
1674 1167 2147 1245 inquisitione,
2190 1166 2574 1245 Episcopus
2613 1164 2830 1244 eligat
2865 1181 3065 1243 quem
3111 1164 3420 1227 caeteris

410 1275 634 1355 magis
663 1274 984 1338 idoneum
1016 1275 1449 1339 iudicaverit.

600 1383 632 1459 3
676 1382 741 1445 2.
785 1381 887 1447 At
932 1381 1095 1462 quia
1140 1383 1537 1462 contingere
1572 1382 1979 1461 quandoque
2019 1385 2272 1461 potest,
2313 1382 2494 1460 quod
2541 1381 2802 1458 favore,
2846 1380 2952 1443 vel
2989 1380 3250 1458 gratia,
3307 1379 3419 1442 vel

410 1488 642 1556 minus
677 1504 897 1568 aequo
929 1488 1209 1569 iudicio,
1246 1490 1475 1552 minus
1504 1489 1698 1570 digni
1730 1489 2165 1569 dignioribus
2194 1491 2736 1568 praeponantur,
2772 1505 2921 1551 san.
2960 1504 3087 1551 me.
3127 1485 3305 1550 Pius
3352 1488 3418 1546 V

409 1594 665 1666 ito-ter
693 1596 1208 1676 Praedecessor,
1243 1614 1331 1661 ne
1357 1598 1523 1676 quid
1539 1598 1626 1659 'in
1654 1597 2048 1660 huiusmodi
2083 1595 2414 1661 electione
2450 1599 2633 1660 esset
2658 1595 3157 1673 inordinatum,
3197 1599 3419 1673 atque

410 1706 955 1784 praeposterum,
998 1704 1187 1769 edita
1232 1703 1684 1769 saluberrima
1728 1703 2269 1783 Constitutione,
2315 1702 2522 1767 licere
2564 1703 2787 1766 voluit
2826 1703 3087 1766 iniuste
3127 1703 3208 1765 in
3247 1719 3415 1765 con·

407 1827 617 1876 cursu
656 1812 956 1892 miectis,
989 1812 1403 1890 interposita
1441 1813 1532 1876 ad
1572 1812 2208 1890 Metropolitanum,
2242 1810 2349 1876 vel
2382 1811 2799 1891 Episcopum
2832 1810 3255 1890 viciniorem,
3301 1812 3414 1874 vel

411 1920 653 1983 sedem
693 1920 1097 1998 quandoque
1135 1917 1605 1998 Apostolicam
1642 1917 2134 1998 appellatione,
2180 1919 2638 1997 praeelectum
2676 1918 2770 1982 ad
2819 1934 3069 1982 novum
3118 1933 3418 1981 examen

410 2043 804 2106 provocare,
850 2030 923 2092 et
963 2027 1317 2091 eccledam
1360 2025 1568 2091 alteri
1620 2043 1760 2089 non
1806 2026 1944 2090 rite
1987 2026 2315 2090 collatam
2321 2072 2339 2105 ,
2385 2043 2560 2089 novo
2603 2027 2793 2090 iacto
2838 2024 3242 2089 meritorum
3293 2042 3411 2103 pe·

408 2134 653 2214 riculo,
696 2135 755 2197 si
793 2135 898 2199 ita
935 2135 1048 2198 ius
1081 2137 1283 2199 esset.
1328 2135 1696 2199 vindicare.
1738 2135 1833 2197 Et
1873 2151 1960 2198 ne
2005 2134 2297 2198 frivolae
2334 2132 2827 2213 appellationis
2873 2133 3160 2212 diffugio
3209 2130 3416 2194 locus

405 2245 611 2320 esset,
658 2242 940 2320 provide
982 2242 1233 2307 ibidem
1274 2247 1556 2307 cautum
1608 2245 1736 2319 est3
1778 2243 2008 2307 dictae
2051 2241 2506 2321 appellationi
2558 2243 2634 2317 in
2691 2240 3079 2306 devolutivo
3122 2244 3410 2304 tantum

406 2349 663 2412 deferri
703 2353 1044 2427 oportere,
1076 2366 1214 2413 non
1253 2366 1608 2429 suspensa,
1643 2355 1771 2413 aut
1801 2366 2072 2428 quoquo
2102 2349 2304 2413 modo
2336 2349 2696 2412 retardata
2737 2347 3120 2427 praeelecto
3151 2348 3242 2411 ab
3278 2347 3409 2410 Or·

405 2456 682 2519 dinario
727 2455 1146 2535 parochialis
1177 2455 1503 2521 ecclesiae
1534 2457 1984 2536 possessione.

594 2565 625 2639 3
671 2565 733 2625 3.
779 2562 1349 2628 consultissimae
1389 2564 1779 2627 huiusmodi
1813 2566 1996 2644 leges
2029 2582 2182 2628 eum
2213 2564 2287 2625 in
2323 2565 2524 2627 finem
2555 2563 2952 2642 institutae,
2989 2581 3072 2626 ue
3102 2562 3176 2624 in
3214 2564 3410 2626 tanti

403 2672 731 2734 momenti
786 2688 861 2735 re
902 2672 1207 2751 imperiti
1252 2671 1630 2752 magistris,
1680 2673 1837 2734 novi
1893 2672 2224 2750 antiquis,
2272 2673 2480 2736 rudes
2525 2672 3014 2750 praeferantur
3065 2671 3409 2748 emeritis,

404 2778 704 2844 violatae
741 2782 913 2841 sunt,
939 2779 1285 2842 bominum
1320 2779 1567 2843 fraude
1597 2782 1670 2843 et
1701 2779 1999 2859 malitia,
2035 2779 2191 2858 ipsa
2223 2778 2496 2843 medela
2523 2777 2775 2842 vulnus
2816 2778 3406 2857 exasperantium.

408 2885 823 2965 Saepissime
857 2886 1038 2949 enim
1065 2885 1301 2950 reiecti
1336 2886 1425 2949 ab
1460 2884 1855 2967 ordinario,
1887 2886 2115 2952 dictae
2144 2885 2687 2951 constitutionis
2719 2888 3030 2964 obtentu,
3063 2886 3140 2948 in
3169 2899 3409 2949 vocem

404 2993 896 3074 appellationis
927 2993 1135 3058 facile
1166 3010 1630 3073 prorumpere,
1664 2998 1758 3073 et,
1793 2994 2024 3057 minus
2052 2993 2362 3075 legitima
2393 2998 2845 3059 concurrente
2872 3010 3110 3073 caum,
3146 2992 3411 3058 electos

404 3101 493 3163 ab
539 3100 883 3179 Episcopo
925 3102 1017 3164 ad
1061 3118 1307 3163 novum
1351 3118 1632 3165 examen
1684 3119 2054 3180 provocare
2100 3105 2615 3179 consueverant;
2672 3101 2965 3180 illoque
3013 3104 3404 3180 praeterea,

405 3207 653 3270 relicta
680 3208 932 3286 gregis,
962 3213 1037 3271 et
1067 3207 1390 3272 ecclesiae
1420 3209 1762 3287 custodia,
1805 3207 2084 3289 longum
2116 3210 2255 3274 iter
2285 3209 2617 3289 arripere,
2651 3213 2725 3273 et
2756 3209 3074 3272 diuturni
3113 3208 3405 3286 laboris,

404 3315 759 3394 temporis,
787 3319 862 3379 et
893 3316 1221 3394 pecuniae
1246 3316 1555 3395 impensa
1582 3317 1980 3393 exhaustos,
2010 3318 2202 3381 litem
2238 3318 2312 3380 in
2350 3317 2672 3395 secunda,
2703 3317 2941 3395 tertia,
2977 3320 3054 3380 et
3078 3314 3406 3380 ulteriori

403 3422 809 3501 quandoque
845 3423 1191 3486 instantia
1223 3423 1564 3488 sustinere
1598 3425 1955 3502 cogebant.

590 3531 622 3607 3
667 3531 730 3592 4.
778 3530 961 3605 Quin
1005 3530 1213 3594 etiam
1248 3531 1672 3609 experientia
1715 3534 2139 3610 compertum
2182 3535 2313 3609 est,
2349 3549 2598 3611 magno
2631 3532 2950 3597 iustitiae
2985 3532 3407 3595 detrimento

404 3635 598 3701 litem
644 3637 868 3716 ipsam
906 3638 1190 3701 absolvi.
1235 3637 1796 3717 Quandoquidem
1840 3640 1918 3717 ii,
1960 3640 2080 3716 qui
2119 3640 2417 3708 examini
2458 3656 2532 3703 se
2573 3639 3028 3717 subiecerant,
3069 3642 3285 3717 atque
3326 3638 3403 3699 in

403 3743 751 3823 primaevo
784 3762 1145 3815 concursu.
1182 3748 1423 3825 utpote
1455 3743 1919 3825 legitimarum
1962 3747 2486 3811 institutionum
2530 3747 2768 3825 nescii,
2806 3747 3043 3810 reiecti
3086 3745 3402 3821 fuerant,

403 3849 610 3931 longa
645 3853 1078 3930 postmodum
1111 3853 1516 3917 decurrente
1547 3853 1696 3931 lite,
1734 3853 2041 3916 sedulam
2077 3853 2340 3918 litteris
2371 3873 2453 3918 ex
2489 3854 2840 3918 industria
2874 3855 3211 3917 navantes
3245 3869 3399 3931 ope·

402 3973 577 4038 ram,
620 3960 957 4039 praeferri
997 3958 1159 4024 aliis
1190 3961 1650 4037 merebantur,
1693 3964 1767 4025 et
1803 3962 2044 4025 acerbe
2077 3963 2569 4025 succensebant
2599 3962 2964 4040 Episcopo,
3001 3960 3219 4024 iudici
3252 3961 3401 4039 qui-

403 4067 556 4130 dem
582 4069 901 4146 adeptae,
933 4084 1072 4130 non
1096 4068 1330 4131 autem
1354 4067 1838 4148 adipiscendae
1865 4068 2181 4148 peritiae,
2214 4086 2336 4148 per
2367 4069 2698 4133 iniuriam
2725 4085 2798 4132 se
2829 4067 3049 4132 tuisse
3076 4068 3395 4132 miectos.

591 4175 624 4251 3
669 4175 730 4236 5.
778 4175 962 4238 Hinc
985 4175 1172 4254 apud
1199 4176 1367 4238 bene
1397 4178 1703 4239 moratos
1731 4176 2062 4254 homines,
2090 4179 2162 4240 et
2186 4176 2503 4240 iustitiae
2535 4175 2862 4255 vindices,
2887 4175 3215 4254 nequens
3241 4192 3400 4254 que-

402 4280 702 4346 relarum
742 4282 1049 4345 occasio:
1091 4282 1340 4361 quibus
1377 4283 1707 4346 sedandis
1731 4301 1888 4347 cum
1926 4281 2386 4363 Oongoegatio
2420 4282 2715 4349 Ooncilii
2756 4283 3148 4348 Tridentini
3184 4283 3398 4347 inter·

403 4405 562 4468 pres
599 4405 796 4454 omne
836 4390 1168 4469 studium,
1219 4390 1783 4472 diligentiamque
1831 4391 2199 4469 conferret3
2240 4390 2477 4469 Nobis,
2533 4391 2650 4469 qui
2705 4390 3075 4456 secretarii
3115 4407 3400 4455 munere

402 4495 878 4576 fungebamur,
931 4498 1333 4561 mandatum
1380 4502 1510 4577 est,
1564 4503 1648 4563 ut
1693 4517 2026 4578 sermone,
2079 4500 2269 4579 typis
2315 4504 2555 4579 postca
2605 4498 2909 4579 vulgato,
2960 4516 3103 4563 rem
3157 4498 3400 4564 sedulo

401 4604 802 4683 expendere,
838 4604 1230 4684 ingruentis
1274 4607 1435 4669 mali
1486 4607 1841 4685 originem,
1882 4611 1955 4670 et
1997 4612 2169 4687 apta
2212 4607 2426 4671 eidem
2466 4608 2838 4672 avertendo
2872 4606 3173 4671 remedia
3213 4606 3397 4671 inve·

403 4709 662 4791 stigare
708 4730 833 4791 pro
882 4712 1145 4776 viribus
1190 4714 1586 4778 niteremur.
1644 4714 1900 4778 Sensus
1946 4716 2073 4778 hac
2126 4715 2210 4780 de
2257 4732 2332 4779 re
2380 4715 2674 4778 Nostros
2721 4714 3172 4794 explicantes,
3224 4714 3400 4777 vitio

402 4818 835 4898 potissimum
866 4821 1184 4886 laborare
1218 4822 1718 4901 comperuimus
1758 4824 2027 4901 praxim
2060 4824 2396 4887 examinis
2434 4826 2755 4888 oretenus
2792 4821 3039 4901 habiti,
3071 4839 3200 4886 nec
3231 4822 3395 4885 scri·

402 4926 547 5005 ptis
582 4926 1010 5006 consignati:
1056 4927 1257 4993 electi
1296 4929 1629 5008 siquidem
1669 4930 1760 4993 ad
1796 4947 2034 4994 curam
2073 4932 2461 4994 animarum
2497 4932 2586 4995 ab
2625 4928 2998 5011 ordinario
3034 4928 3394 5006 collatore,

398 5037 472 5098 et
504 5036 595 5099 ad
627 5035 959 5098 iteratum
1002 5054 1281 5101 examen
1327 5054 1557 5101 coram
1593 5036 1734 5101 alio
1778 5038 2005 5103 iudice
2050 5038 2426 5118 provocati,
2465 5037 2578 5101 ius
2613 5037 2961 5117 legitimae
2996 5035 3397 5101 collationis

400 5142 584 5205 tueri
618 5160 755 5205 non
794 5146 1117 5222 poterant
1149 5147 1362 5219 certo,
1403 5163 1484 5209 ac
1520 5147 1948 5225 permanenti
1988 5146 2383 5210 testimonio
2422 5147 2561 5209 iam
2600 5146 2932 5225 probatae
2966 5145 3396 5215 idoneitatis:

1692 5580 3611 5680 '‘—
