<?xml version="1.0" encoding="UTF-8"?>
<!DOCTYPE html PUBLIC "-//W3C//DTD XHTML 1.0 Transitional//EN"
    "http://www.w3.org/TR/xhtml1/DTD/xhtml1-transitional.dtd">
<html xmlns="http://www.w3.org/1999/xhtml" xml:lang="en" lang="en">
 <head>
  <title>
</title>
<meta http-equiv="Content-Type" content="text/html;charset=utf-8" />
  <meta name='ocr-system' content='tesseract 3.04.00' />
  <meta name='ocr-capabilities' content='ocr_page ocr_carea ocr_par ocr_line ocrx_word'/>
</head>
<body>
  <div class='ocr_page' id='page_1' title='image "./codexiuriscanon00xgoog_0341.png"; bbox 0 0 3753 5871; ppageno 0'>
   <div class='ocr_carea' id='block_1_1' title="bbox 1300 352 3252 413">
    <p class='ocr_par' dir='ltr' id='par_1_1' title="bbox 1300 352 3252 413">
     <span class='ocr_line' id='line_1_1' title="bbox 1300 352 3252 413; baseline 0.006 -12"><span class='ocrx_word' id='word_1_1' title='bbox 1300 352 1474 401; x_wconf 77' lang='lat' dir='ltr'>Liber</span> <span class='ocrx_word' id='word_1_2' title='bbox 1505 352 1742 405; x_wconf 69' lang='lat' dir='ltr'>Tertius</span> <span class='ocrx_word' id='word_1_3' title='bbox 1775 378 1796 389; x_wconf 92' lang='lat'><strong>·</strong></span> <span class='ocrx_word' id='word_1_4' title='bbox 1835 352 1922 402; x_wconf 79' lang='lat' dir='ltr'>De</span> <span class='ocrx_word' id='word_1_5' title='bbox 1962 355 2159 405; x_wconf 63' lang='lat' dir='ltr'>mbae</span> <span class='ocrx_word' id='word_1_6' title='bbox 3143 354 3252 413; x_wconf 69' lang='lat'>289</span> 
     </span>
    </p>
   </div>
   <div class='ocr_carea' id='block_1_2' title="bbox 1534 587 1955 655">
    <p class='ocr_par' dir='ltr' id='par_1_2' title="bbox 1534 587 1955 655">
     <span class='ocr_line' id='line_1_2' title="bbox 1534 587 1955 655; baseline -0.005 0"><span class='ocrx_word' id='word_1_7' title='bbox 1534 589 1710 655; x_wconf 72' lang='lat' dir='ltr'><strong>CAN.</strong></span> <span class='ocrx_word' id='word_1_8' title='bbox 1760 587 1955 655; x_wconf 88' lang='grc'><strong>1009.</strong></span> 
     </span>
    </p>
   </div>
   <div class='ocr_carea' id='block_1_3' title="bbox 240 727 3315 1691">
    <p class='ocr_par' dir='ltr' id='par_1_3' title="bbox 242 727 3315 1127">
     <span class='ocr_line' id='line_1_3' title="bbox 430 727 3246 817; baseline 0.002 -24"><span class='ocrx_word' id='word_1_9' title='bbox 430 727 464 810; x_wconf 99' lang='lat'><strong>5</strong></span> <span class='ocrx_word' id='word_1_10' title='bbox 512 730 578 793; x_wconf 91' lang='lat'>1.</span> <span class='ocrx_word' id='word_1_11' title='bbox 627 727 1155 796; x_wconf 80' lang='lat' dir='ltr'><strong>Ordinationes</strong></span> <span class='ocrx_word' id='word_1_12' title='bbox 1202 729 1580 814; x_wconf 79' lang='lat' dir='ltr'>generales</span> <span class='ocrx_word' id='word_1_13' title='bbox 1620 730 1698 796; x_wconf 92' lang='lat' dir='ltr'>in</span> <span class='ocrx_word' id='word_1_14' title='bbox 1746 730 2160 798; x_wconf 79' lang='lat' dir='ltr'>cathedrali</span> <span class='ocrx_word' id='word_1_15' title='bbox 2201 732 2533 814; x_wconf 87' lang='lat' dir='ltr'>ecclesia,</span> <span class='ocrx_word' id='word_1_16' title='bbox 2584 734 2869 800; x_wconf 82' lang='lat' dir='ltr'>vocatis</span> <span class='ocrx_word' id='word_1_17' title='bbox 2914 751 3246 817; x_wconf 85' lang='lat' dir='ltr'>praesen·</span> 
     </span>
     <span class='ocr_line' id='line_1_4' title="bbox 248 837 3315 925; baseline 0.003 -21"><span class='ocrx_word' id='word_1_18' title='bbox 248 837 598 923; x_wconf 86' lang='lat' dir='ltr'>tibnsque</span> <span class='ocrx_word' id='word_1_19' title='bbox 639 840 988 907; x_wconf 90' lang='lat' dir='ltr'>ecclesiae</span> <span class='ocrx_word' id='word_1_20' title='bbox 1026 839 1429 921; x_wconf 91' lang='lat' dir='ltr'>canonicis,</span> <span class='ocrx_word' id='word_1_21' title='bbox 1484 841 1775 924; x_wconf 90' lang='lat' dir='ltr'>publice</span> <span class='ocrx_word' id='word_1_22' title='bbox 1813 842 2301 925; x_wconf 83' lang='lat' dir='ltr'>celebrentur3</span> <span class='ocrx_word' id='word_1_23' title='bbox 2344 844 2407 909; x_wconf 87' lang='lat' dir='ltr'>si</span> <span class='ocrx_word' id='word_1_24' title='bbox 2449 847 2696 911; x_wconf 91' lang='lat' dir='ltr'>autem</span> <span class='ocrx_word' id='word_1_25' title='bbox 2740 844 2819 910; x_wconf 92' lang='lat' dir='ltr'>in</span> <span class='ocrx_word' id='word_1_26' title='bbox 2864 844 3017 910; x_wconf 88' lang='lat' dir='ltr'>alio</span> <span class='ocrx_word' id='word_1_27' title='bbox 3055 844 3244 912; x_wconf 91' lang='lat' dir='ltr'>dioe·</span> <span class='ocrx_word' id='word_1_28' title='bbox 3314 854 3315 857; x_wconf 76' lang='grc'>’</span> 
     </span>
     <span class='ocr_line' id='line_1_5' title="bbox 242 948 3252 1037; baseline 0.002 -22"><span class='ocrx_word' id='word_1_29' title='bbox 242 948 438 1016; x_wconf 86' lang='lat' dir='ltr'>cesis</span> <span class='ocrx_word' id='word_1_30' title='bbox 480 948 666 1030; x_wconf 90' lang='lat' dir='ltr'>loco,</span> <span class='ocrx_word' id='word_1_31' title='bbox 709 957 1096 1033; x_wconf 75' lang='lat' dir='ltr'>praesente</span> <span class='ocrx_word' id='word_1_32' title='bbox 1136 950 1338 1018; x_wconf 90' lang='lat' dir='ltr'>clero</span> <span class='ocrx_word' id='word_1_33' title='bbox 1384 951 1554 1030; x_wconf 90' lang='lat' dir='ltr'>loci,</span> <span class='ocrx_word' id='word_1_34' title='bbox 1598 951 1921 1034; x_wconf 83' lang='lat' dir='ltr'>dignior,</span> <span class='ocrx_word' id='word_1_35' title='bbox 1976 956 2336 1036; x_wconf 86' lang='lat' dir='ltr'>quantum</span> <span class='ocrx_word' id='word_1_36' title='bbox 2379 953 2540 1021; x_wconf 86' lang='lat' dir='ltr'>fieri</span> <span class='ocrx_word' id='word_1_37' title='bbox 2594 955 2895 1037; x_wconf 91' lang='lat' dir='ltr'>poterit,</span> <span class='ocrx_word' id='word_1_38' title='bbox 2942 954 3252 1022; x_wconf 87' lang='lat' dir='ltr'>ecclesia</span> 
     </span>
     <span class='ocr_line' id='line_1_6' title="bbox 244 1056 653 1127; baseline 0.01 -4"><span class='ocrx_word' id='word_1_39' title='bbox 244 1056 566 1125; x_wconf 82' lang='lat' dir='ltr'>adeatur</span> <span class='ocrx_word' id='word_1_40' title='bbox 602 1058 653 1127; x_wconf 80' lang='lat'>¹.</span> 
     </span>
    </p>

    <p class='ocr_par' dir='ltr' id='par_1_4' title="bbox 240 1166 3252 1475">
     <span class='ocr_line' id='line_1_7' title="bbox 429 1166 3244 1254; baseline 0.002 -21"><span class='ocrx_word' id='word_1_41' title='bbox 429 1166 465 1249; x_wconf 80' lang='lat'><strong>5</strong></span> <span class='ocrx_word' id='word_1_42' title='bbox 510 1166 579 1233; x_wconf 87' lang='grc'>2.</span> <span class='ocrx_word' id='word_1_43' title='bbox 629 1167 798 1234; x_wconf 85' lang='lat' dir='ltr'>Non</span> <span class='ocrx_word' id='word_1_44' title='bbox 839 1168 1274 1251; x_wconf 85' lang='lat' dir='ltr'>prohibetur</span> <span class='ocrx_word' id='word_1_45' title='bbox 1311 1172 1559 1237; x_wconf 88' lang='lat' dir='ltr'>autem</span> <span class='ocrx_word' id='word_1_46' title='bbox 1612 1170 2052 1254; x_wconf 87' lang='lat' dir='ltr'>Episcopus,</span> <span class='ocrx_word' id='word_1_47' title='bbox 2108 1171 2307 1238; x_wconf 86' lang='lat' dir='ltr'>iusta</span> <span class='ocrx_word' id='word_1_48' title='bbox 2361 1172 2718 1239; x_wconf 87' lang='lat' dir='ltr'>suadente</span> <span class='ocrx_word' id='word_1_49' title='bbox 2757 1190 3010 1252; x_wconf 91' lang='lat' dir='ltr'>causa,</span> <span class='ocrx_word' id='word_1_50' title='bbox 3056 1172 3244 1240; x_wconf 86' lang='lat' dir='ltr'>ordi·</span> 
     </span>
     <span class='ocr_line' id='line_1_8' title="bbox 247 1277 3252 1368; baseline 0.003 -26"><span class='ocrx_word' id='word_1_51' title='bbox 247 1277 591 1346; x_wconf 87' lang='lat' dir='ltr'>nationes</span> <span class='ocrx_word' id='word_1_52' title='bbox 632 1279 1126 1362; x_wconf 75' lang='lat' dir='ltr'>particulares</span> <span class='ocrx_word' id='word_1_53' title='bbox 1161 1280 1430 1348; x_wconf 86' lang='lat' dir='ltr'>habere</span> <span class='ocrx_word' id='word_1_54' title='bbox 1466 1281 1543 1346; x_wconf 93' lang='lat' dir='ltr'>in</span> <span class='ocrx_word' id='word_1_55' title='bbox 1585 1280 1757 1349; x_wconf 90' lang='lat' dir='ltr'>aliis</span> <span class='ocrx_word' id='word_1_56' title='bbox 1795 1282 2019 1349; x_wconf 89' lang='lat' dir='ltr'>etiam</span> <span class='ocrx_word' id='word_1_57' title='bbox 2070 1282 2397 1350; x_wconf 91' lang='lat' dir='ltr'>ecclesiis</span> <span class='ocrx_word' id='word_1_58' title='bbox 2437 1283 2758 1368; x_wconf 86' lang='lat' dir='ltr'>itemque</span> <span class='ocrx_word' id='word_1_59' title='bbox 2799 1283 2877 1350; x_wconf 94' lang='lat' dir='ltr'>in</span> <span class='ocrx_word' id='word_1_60' title='bbox 2921 1284 3252 1352; x_wconf 88' lang='lat' dir='ltr'>oratorio</span> 
     </span>
     <span class='ocr_line' id='line_1_9' title="bbox 240 1386 2622 1475; baseline 0.002 -21"><span class='ocrx_word' id='word_1_61' title='bbox 240 1386 511 1456; x_wconf 91' lang='lat' dir='ltr'>domus</span> <span class='ocrx_word' id='word_1_62' title='bbox 556 1390 1000 1473; x_wconf 90' lang='lat' dir='ltr'>episcopalis</span> <span class='ocrx_word' id='word_1_63' title='bbox 1037 1395 1169 1459; x_wconf 86' lang='lat' dir='ltr'>aut</span> <span class='ocrx_word' id='word_1_64' title='bbox 1222 1390 1619 1459; x_wconf 84' lang='lat' dir='ltr'>Seminarii</span> <span class='ocrx_word' id='word_1_65' title='bbox 1658 1396 1795 1460; x_wconf 89' lang='lat' dir='ltr'>aut</span> <span class='ocrx_word' id='word_1_66' title='bbox 1844 1392 2230 1475; x_wconf 81' lang='lat' dir='ltr'>religiosae</span> <span class='ocrx_word' id='word_1_67' title='bbox 2273 1394 2534 1460; x_wconf 91' lang='lat' dir='ltr'>domus</span> <span class='ocrx_word' id='word_1_68' title='bbox 2570 1392 2622 1459; x_wconf 83' lang='lat'>².</span> 
     </span>
    </p>

    <p class='ocr_par' dir='ltr' id='par_1_5' title="bbox 241 1498 3242 1691">
     <span class='ocr_line' id='line_1_10' title="bbox 430 1498 3242 1588; baseline 0.002 -23"><span class='ocrx_word' id='word_1_69' title='bbox 430 1498 464 1580; x_wconf 87' lang='lat'><strong>5</strong></span> <span class='ocrx_word' id='word_1_70' title='bbox 511 1498 580 1565; x_wconf 85' lang='lat'>3.</span> <span class='ocrx_word' id='word_1_71' title='bbox 633 1498 888 1567; x_wconf 89' lang='lat' dir='ltr'>Prima</span> <span class='ocrx_word' id='word_1_72' title='bbox 937 1506 1250 1568; x_wconf 75' lang='lat' dir='ltr'>tonsura</span> <span class='ocrx_word' id='word_1_73' title='bbox 1297 1506 1373 1570; x_wconf 89' lang='lat' dir='ltr'>et</span> <span class='ocrx_word' id='word_1_74' title='bbox 1422 1501 1718 1570; x_wconf 90' lang='lat' dir='ltr'>ordines</span> <span class='ocrx_word' id='word_1_75' title='bbox 1768 1502 2091 1570; x_wconf 87' lang='lat' dir='ltr'>minores</span> <span class='ocrx_word' id='word_1_76' title='bbox 2141 1502 2466 1571; x_wconf 84' lang='lat' dir='ltr'>conferri</span> <span class='ocrx_word' id='word_1_77' title='bbox 2528 1508 2841 1588; x_wconf 85' lang='lat' dir='ltr'>possunt</span> <span class='ocrx_word' id='word_1_78' title='bbox 2890 1504 3115 1573; x_wconf 86' lang='lat' dir='ltr'>etiam</span> <span class='ocrx_word' id='word_1_79' title='bbox 3166 1504 3242 1571; x_wconf 91' lang='lat' dir='ltr'>in</span> 
     </span>
     <span class='ocr_line' id='line_1_11' title="bbox 241 1607 1044 1691; baseline 0.007 -17"><span class='ocrx_word' id='word_1_80' title='bbox 241 1607 565 1691; x_wconf 82' lang='lat' dir='ltr'>privatis</span> <span class='ocrx_word' id='word_1_81' title='bbox 609 1609 961 1677; x_wconf 87' lang='lat' dir='ltr'>oratoriis</span> <span class='ocrx_word' id='word_1_82' title='bbox 991 1614 1044 1680; x_wconf 90' lang='lat'>³.</span> 
     </span>
    </p>
   </div>
   <div class='ocr_carea' id='block_1_4' title="bbox 657 1857 2817 2083">
    <p class='ocr_par' dir='ltr' id='par_1_6' title="bbox 657 1857 2817 2083">
     <span class='ocr_line' id='line_1_12' title="bbox 1518 1857 1957 1924; baseline -0.002 0"><span class='ocrx_word' id='word_1_83' title='bbox 1518 1857 1778 1924; x_wconf 72' lang='lat' dir='ltr'>CAru&#39;r</span> <span class='ocrx_word' id='word_1_84' title='bbox 1821 1857 1957 1923; x_wconf 87' lang='lat' dir='ltr'>VI.</span> 
     </span>
     <span class='ocr_line' id='line_1_13' title="bbox 657 1995 2817 2083; baseline 0.002 -22"><span class='ocrx_word' id='word_1_85' title='bbox 657 1995 770 2063; x_wconf 75' lang='lat' dir='ltr'>De</span> <span class='ocrx_word' id='word_1_86' title='bbox 810 1995 1291 2062; x_wconf 74' lang='lat' dir='ltr'>adnotatione</span> <span class='ocrx_word' id='word_1_87' title='bbox 1331 2016 1420 2065; x_wconf 85' lang='lat' dir='ltr'>ac</span> <span class='ocrx_word' id='word_1_88' title='bbox 1464 1997 1885 2066; x_wconf 75' lang='lat' dir='ltr'>testimonio</span> <span class='ocrx_word' id='word_1_89' title='bbox 1919 2001 2264 2083; x_wconf 79' lang='lat' dir='ltr'>peractae</span> <span class='ocrx_word' id='word_1_90' title='bbox 2297 1997 2817 2066; x_wconf 75' lang='lat' dir='ltr'>ordinationis.</span> 
     </span>
    </p>
   </div>
   <div class='ocr_carea' id='block_1_5' title="bbox 1519 2189 1948 2258">
    <p class='ocr_par' dir='ltr' id='par_1_7' title="bbox 1519 2189 1948 2258">
     <span class='ocr_line' id='line_1_14' title="bbox 1519 2189 1948 2258; baseline -0.002 0"><span class='ocrx_word' id='word_1_91' title='bbox 1519 2190 1699 2258; x_wconf 79' lang='lat' dir='ltr'><strong>OAN.</strong></span> <span class='ocrx_word' id='word_1_92' title='bbox 1752 2189 1948 2257; x_wconf 90' lang='grc'><strong>1010.</strong></span> 
     </span>
    </p>
   </div>
   <div class='ocr_carea' id='block_1_6' title="bbox 238 2334 3241 3198">
    <p class='ocr_par' dir='ltr' id='par_1_8' title="bbox 239 2334 3241 2760">
     <span class='ocr_line' id='line_1_15' title="bbox 421 2334 3241 2419; baseline 0.002 -19"><span class='ocrx_word' id='word_1_93' title='bbox 421 2336 456 2418; x_wconf 86' lang='lat'><strong>5</strong></span> <span class='ocrx_word' id='word_1_94' title='bbox 505 2337 572 2402; x_wconf 91' lang='lat'>1.</span> <span class='ocrx_word' id='word_1_95' title='bbox 620 2334 941 2418; x_wconf 84' lang='lat' dir='ltr'>Expleta</span> <span class='ocrx_word' id='word_1_96' title='bbox 977 2334 1469 2416; x_wconf 87' lang='lat' dir='ltr'>ordinatione,</span> <span class='ocrx_word' id='word_1_97' title='bbox 1508 2334 1806 2402; x_wconf 91' lang='lat' dir='ltr'>nomina</span> <span class='ocrx_word' id='word_1_98' title='bbox 1841 2334 2302 2419; x_wconf 86' lang='lat' dir='ltr'>singulorum</span> <span class='ocrx_word' id='word_1_99' title='bbox 2339 2335 2854 2404; x_wconf 89' lang='lat' dir='ltr'>ordinatorum</span> <span class='ocrx_word' id='word_1_100' title='bbox 2898 2354 2988 2404; x_wconf 91' lang='lat' dir='ltr'>ac</span> <span class='ocrx_word' id='word_1_101' title='bbox 3031 2338 3241 2405; x_wconf 92' lang='lat' dir='ltr'>mini-</span> 
     </span>
     <span class='ocr_line' id='line_1_16' title="bbox 241 2438 3240 2532; baseline -0 -18"><span class='ocrx_word' id='word_1_102' title='bbox 241 2447 389 2514; x_wconf 85' lang='lat' dir='ltr'>stri</span> <span class='ocrx_word' id='word_1_103' title='bbox 434 2446 879 2529; x_wconf 86' lang='lat' dir='ltr'>ordinantis,</span> <span class='ocrx_word' id='word_1_104' title='bbox 919 2446 1127 2513; x_wconf 90' lang='lat' dir='ltr'>locus</span> <span class='ocrx_word' id='word_1_105' title='bbox 1162 2451 1237 2513; x_wconf 90' lang='lat' dir='ltr'>et</span> <span class='ocrx_word' id='word_1_106' title='bbox 1273 2444 1432 2512; x_wconf 85' lang='lat' dir='ltr'>dies</span> <span class='ocrx_word' id='word_1_107' title='bbox 1469 2445 1965 2512; x_wconf 88' lang='lat' dir='ltr'>ordinationis</span> <span class='ocrx_word' id='word_1_108' title='bbox 2014 2450 2369 2513; x_wconf 89' lang='lat' dir='ltr'>notentur</span> <span class='ocrx_word' id='word_1_109' title='bbox 2409 2446 2489 2512; x_wconf 91' lang='lat' dir='ltr'>in</span> <span class='ocrx_word' id='word_1_110' title='bbox 2531 2438 2892 2532; x_wconf 74' lang='lat' dir='ltr'>peculiari</span> <span class='ocrx_word' id='word_1_111' title='bbox 2932 2448 3124 2515; x_wconf 86' lang='lat' dir='ltr'>libro</span> <span class='ocrx_word' id='word_1_112' title='bbox 3163 2449 3240 2514; x_wconf 92' lang='lat' dir='ltr'>in</span> 
     </span>
     <span class='ocr_line' id='line_1_17' title="bbox 239 2556 3237 2642; baseline -0 -16"><span class='ocrx_word' id='word_1_113' title='bbox 239 2558 476 2626; x_wconf 83' lang='lat' dir='ltr'>Curia</span> <span class='ocrx_word' id='word_1_114' title='bbox 504 2558 648 2625; x_wconf 90' lang='lat' dir='ltr'>loci</span> <span class='ocrx_word' id='word_1_115' title='bbox 675 2557 1171 2624; x_wconf 86' lang='lat' dir='ltr'>ordinationis</span> <span class='ocrx_word' id='word_1_116' title='bbox 1197 2556 1597 2641; x_wconf 88' lang='lat' dir='ltr'>diligenter</span> <span class='ocrx_word' id='word_1_117' title='bbox 1627 2556 2137 2639; x_wconf 89' lang='lat' dir='ltr'>custodiend0‚</span> <span class='ocrx_word' id='word_1_118' title='bbox 2169 2561 2244 2625; x_wconf 88' lang='lat' dir='ltr'>et</span> <span class='ocrx_word' id='word_1_119' title='bbox 2273 2557 2519 2623; x_wconf 91' lang='lat' dir='ltr'>omnia</span> <span class='ocrx_word' id='word_1_120' title='bbox 2551 2557 3013 2642; x_wconf 87' lang='lat' dir='ltr'>singularum</span> <span class='ocrx_word' id='word_1_121' title='bbox 3049 2558 3237 2625; x_wconf 91' lang='lat' dir='ltr'>ordi-</span> 
     </span>
     <span class='ocr_line' id='line_1_18' title="bbox 241 2657 2002 2760; baseline 0.001 -28"><span class='ocrx_word' id='word_1_122' title='bbox 241 2668 631 2735; x_wconf 89' lang='lat' dir='ltr'>nationum</span> <span class='ocrx_word' id='word_1_123' title='bbox 671 2668 1113 2735; x_wconf 85' lang='lat' dir='ltr'>documenta</span> <span class='ocrx_word' id='word_1_124' title='bbox 1149 2657 1496 2760; x_wconf 77' lang='lat' dir='ltr'>accurate</span> <span class='ocrx_word' id='word_1_125' title='bbox 1533 2672 1920 2735; x_wconf 84' lang='lat' dir='ltr'>serventur</span> <span class='ocrx_word' id='word_1_126' title='bbox 1949 2665 2002 2733; x_wconf 83' lang='lat'>⁴.</span> 
     </span>
    </p>

    <p class='ocr_par' dir='ltr' id='par_1_9' title="bbox 238 2770 3240 3198">
     <span class='ocr_line' id='line_1_19' title="bbox 426 2770 3240 2870; baseline -0 -25"><span class='ocrx_word' id='word_1_127' title='bbox 426 2778 460 2860; x_wconf 88' lang='lat'><strong>5</strong></span> <span class='ocrx_word' id='word_1_128' title='bbox 507 2778 575 2845; x_wconf 91' lang='grc'>2.</span> <span class='ocrx_word' id='word_1_129' title='bbox 628 2778 962 2863; x_wconf 87' lang='lat' dir='ltr'>Singulis</span> <span class='ocrx_word' id='word_1_130' title='bbox 1002 2777 1370 2845; x_wconf 87' lang='lat' dir='ltr'>ordinatis</span> <span class='ocrx_word' id='word_1_131' title='bbox 1409 2770 1630 2870; x_wconf 80' lang='lat' dir='ltr'>detur</span> <span class='ocrx_word' id='word_1_132' title='bbox 1671 2777 2182 2846; x_wconf 86' lang='lat' dir='ltr'>authenticum</span> <span class='ocrx_word' id='word_1_133' title='bbox 2226 2777 2721 2844; x_wconf 84' lang='lat' dir='ltr'>ordinationis</span> <span class='ocrx_word' id='word_1_134' title='bbox 2764 2781 3100 2861; x_wconf 82' lang='lat' dir='ltr'>receptae</span> <span class='ocrx_word' id='word_1_135' title='bbox 3143 2782 3240 2844; x_wconf 88' lang='lat' dir='ltr'>te-</span> 
     </span>
     <span class='ocr_line' id='line_1_20' title="bbox 240 2886 3237 2975; baseline -0.002 -16"><span class='ocrx_word' id='word_1_136' title='bbox 240 2890 698 2974; x_wconf 86' lang='lat' dir='ltr'>stimonium;</span> <span class='ocrx_word' id='word_1_137' title='bbox 755 2890 908 2975; x_wconf 87' lang='lat' dir='ltr'>qui,</span> <span class='ocrx_word' id='word_1_138' title='bbox 966 2889 1033 2956; x_wconf 93' lang='lat' dir='ltr'>si</span> <span class='ocrx_word' id='word_1_139' title='bbox 1085 2889 1180 2957; x_wconf 92' lang='lat' dir='ltr'>ab</span> <span class='ocrx_word' id='word_1_140' title='bbox 1224 2887 1595 2974; x_wconf 83' lang='lat' dir='ltr'>Episcopo</span> <span class='ocrx_word' id='word_1_141' title='bbox 1639 2892 1992 2957; x_wconf 84' lang='lat' dir='ltr'>extraneo</span> <span class='ocrx_word' id='word_1_142' title='bbox 2035 2906 2204 2956; x_wconf 91' lang='lat' dir='ltr'>cum</span> <span class='ocrx_word' id='word_1_143' title='bbox 2250 2887 2528 2956; x_wconf 88' lang='lat' dir='ltr'>litteris</span> <span class='ocrx_word' id='word_1_144' title='bbox 2584 2886 3029 2955; x_wconf 87' lang='lat' dir='ltr'>dimissoriis</span> <span class='ocrx_word' id='word_1_145' title='bbox 3079 2905 3237 2971; x_wconf 88' lang='lat' dir='ltr'>pro-</span> 
     </span>
     <span class='ocr_line' id='line_1_21' title="bbox 238 2998 3238 3086; baseline -0.001 -18"><span class='ocrx_word' id='word_1_146' title='bbox 238 3003 428 3071; x_wconf 89' lang='lat' dir='ltr'>moti</span> <span class='ocrx_word' id='word_1_147' title='bbox 473 3002 783 3083; x_wconf 82' lang='lat' dir='ltr'>fuerint,</span> <span class='ocrx_word' id='word_1_148' title='bbox 829 3001 1018 3069; x_wconf 89' lang='lat' dir='ltr'>illud</span> <span class='ocrx_word' id='word_1_149' title='bbox 1062 3000 1366 3086; x_wconf 89' lang='lat' dir='ltr'>proprio</span> <span class='ocrx_word' id='word_1_150' title='bbox 1408 3000 1810 3067; x_wconf 89' lang='lat' dir='ltr'>Ordinario</span> <span class='ocrx_word' id='word_1_151' title='bbox 1854 3000 2262 3068; x_wconf 49' lang='lat' dir='ltr'>exhibeant*</span> <span class='ocrx_word' id='word_1_152' title='bbox 2294 3018 2430 3082; x_wconf 86' lang='lat' dir='ltr'>pro</span> <span class='ocrx_word' id='word_1_153' title='bbox 2475 2998 2970 3066; x_wconf 85' lang='lat' dir='ltr'>ordinationis</span> <span class='ocrx_word' id='word_1_154' title='bbox 3017 2998 3238 3065; x_wconf 89' lang='lat' dir='ltr'>adno-</span> 
     </span>
     <span class='ocr_line' id='line_1_22' title="bbox 241 3110 2085 3198; baseline -0.003 -17"><span class='ocrx_word' id='word_1_155' title='bbox 241 3114 530 3181; x_wconf 86' lang='lat' dir='ltr'>tatione</span> <span class='ocrx_word' id='word_1_156' title='bbox 570 3114 652 3180; x_wconf 95' lang='lat' dir='ltr'>in</span> <span class='ocrx_word' id='word_1_157' title='bbox 685 3110 989 3198; x_wconf 87' lang='lat' dir='ltr'>speciali</span> <span class='ocrx_word' id='word_1_158' title='bbox 1021 3111 1213 3179; x_wconf 91' lang='lat' dir='ltr'>libro</span> <span class='ocrx_word' id='word_1_159' title='bbox 1246 3111 1326 3179; x_wconf 91' lang='lat' dir='ltr'>in</span> <span class='ocrx_word' id='word_1_160' title='bbox 1360 3111 1660 3179; x_wconf 86' lang='lat' dir='ltr'>archivo</span> <span class='ocrx_word' id='word_1_161' title='bbox 1701 3110 2085 3178; x_wconf 85' lang='lat' dir='ltr'>servando.</span> 
     </span>
    </p>
   </div>
   <div class='ocr_carea' id='block_1_7' title="bbox 1518 3300 1943 3369">
    <p class='ocr_par' dir='ltr' id='par_1_10' title="bbox 1518 3300 1943 3369">
     <span class='ocr_line' id='line_1_23' title="bbox 1518 3300 1943 3369; baseline -0.009 0"><span class='ocrx_word' id='word_1_162' title='bbox 1518 3302 1695 3369; x_wconf 75' lang='lat' dir='ltr'><strong>CAN.</strong></span> <span class='ocrx_word' id='word_1_163' title='bbox 1747 3300 1943 3367; x_wconf 88' lang='grc'><strong>1011.</strong></span> 
     </span>
    </p>
   </div>
   <div class='ocr_carea' id='block_1_8' title="bbox 235 3439 3241 3860">
    <p class='ocr_par' dir='ltr' id='par_1_11' title="bbox 235 3439 3241 3860">
     <span class='ocr_line' id='line_1_24' title="bbox 421 3439 3238 3526; baseline -0 -18"><span class='ocrx_word' id='word_1_164' title='bbox 421 3443 817 3511; x_wconf 85' lang='lat' dir='ltr'>Praeterea</span> <span class='ocrx_word' id='word_1_165' title='bbox 856 3441 1001 3510; x_wconf 91' lang='lat' dir='ltr'>loci</span> <span class='ocrx_word' id='word_1_166' title='bbox 1047 3440 1519 3523; x_wconf 87' lang='lat' dir='ltr'>Ordinarius,</span> <span class='ocrx_word' id='word_1_167' title='bbox 1569 3441 1634 3507; x_wconf 86' lang='lat' dir='ltr'>si</span> <span class='ocrx_word' id='word_1_168' title='bbox 1680 3445 1953 3526; x_wconf 89' lang='lat' dir='ltr'>agatur</span> <span class='ocrx_word' id='word_1_169' title='bbox 1987 3440 2079 3507; x_wconf 94' lang='lat' dir='ltr'>de</span> <span class='ocrx_word' id='word_1_170' title='bbox 2118 3439 2486 3507; x_wconf 92' lang='lat' dir='ltr'>ordinatis</span> <span class='ocrx_word' id='word_1_171' title='bbox 2523 3459 2563 3507; x_wconf 90' lang='lat' dir='ltr'>e</span> <span class='ocrx_word' id='word_1_172' title='bbox 2599 3441 2799 3507; x_wconf 93' lang='lat' dir='ltr'>clero</span> <span class='ocrx_word' id='word_1_173' title='bbox 2846 3441 3238 3524; x_wconf 70' lang='lat' dir='ltr'>saeculari,</span> 
     </span>
     <span class='ocr_line' id='line_1_25' title="bbox 235 3550 3239 3638; baseline -0.002 -15"><span class='ocrx_word' id='word_1_174' title='bbox 235 3557 379 3625; x_wconf 89' lang='lat' dir='ltr'>aut</span> <span class='ocrx_word' id='word_1_175' title='bbox 404 3554 760 3638; x_wconf 86' lang='lat' dir='ltr'>Superior</span> <span class='ocrx_word' id='word_1_176' title='bbox 784 3553 1046 3636; x_wconf 90' lang='lat' dir='ltr'>maior,</span> <span class='ocrx_word' id='word_1_177' title='bbox 1082 3553 1146 3618; x_wconf 90' lang='lat' dir='ltr'>si</span> <span class='ocrx_word' id='word_1_178' title='bbox 1170 3553 1263 3620; x_wconf 94' lang='lat' dir='ltr'>de</span> <span class='ocrx_word' id='word_1_179' title='bbox 1296 3552 1660 3636; x_wconf 87' lang='lat' dir='ltr'>religiosis</span> <span class='ocrx_word' id='word_1_180' title='bbox 1694 3550 2063 3618; x_wconf 87' lang='lat' dir='ltr'>ordinatis</span> <span class='ocrx_word' id='word_1_181' title='bbox 2085 3561 2261 3618; x_wconf 91' lang='lat' dir='ltr'>cum</span> <span class='ocrx_word' id='word_1_182' title='bbox 2283 3551 2441 3617; x_wconf 90' lang='lat' dir='ltr'>suis</span> <span class='ocrx_word' id='word_1_183' title='bbox 2465 3550 2745 3617; x_wconf 90' lang='lat' dir='ltr'>litteris</span> <span class='ocrx_word' id='word_1_184' title='bbox 2768 3550 3239 3632; x_wconf 88' lang='lat' dir='ltr'>dimissoriis,</span> 
     </span>
     <span class='ocr_line' id='line_1_26' title="bbox 239 3659 3241 3747; baseline -0.001 -15"><span class='ocrx_word' id='word_1_185' title='bbox 239 3665 590 3734; x_wconf 89' lang='lat' dir='ltr'>notitiam</span> <span class='ocrx_word' id='word_1_186' title='bbox 611 3664 1026 3732; x_wconf 89' lang='lat' dir='ltr'>celebratae</span> <span class='ocrx_word' id='word_1_187' title='bbox 1050 3663 1545 3731; x_wconf 89' lang='lat' dir='ltr'>ordinationis</span> <span class='ocrx_word' id='word_1_188' title='bbox 1571 3663 2151 3747; x_wconf 89' lang='lat' dir='ltr'>uniuscuiusque</span> <span class='ocrx_word' id='word_1_189' title='bbox 2185 3660 2619 3728; x_wconf 90' lang='lat' dir='ltr'>subdiaconi</span> <span class='ocrx_word' id='word_1_190' title='bbox 2649 3659 3121 3729; x_wconf 90' lang='lat' dir='ltr'>transmittat</span> <span class='ocrx_word' id='word_1_191' title='bbox 3146 3662 3241 3729; x_wconf 91' lang='lat' dir='ltr'>ad</span> 
     </span>
     <span class='ocr_line' id='line_1_27' title="bbox 238 3771 3237 3860; baseline -0.001 -18"><span class='ocrx_word' id='word_1_192' title='bbox 238 3776 645 3860; x_wconf 86' lang='lat' dir='ltr'>parochum</span> <span class='ocrx_word' id='word_1_193' title='bbox 676 3775 1052 3859; x_wconf 90' lang='lat' dir='ltr'>baptismi,</span> <span class='ocrx_word' id='word_1_194' title='bbox 1086 3775 1212 3859; x_wconf 89' lang='lat' dir='ltr'>qui</span> <span class='ocrx_word' id='word_1_195' title='bbox 1242 3774 1318 3842; x_wconf 92' lang='lat' dir='ltr'>id</span> <span class='ocrx_word' id='word_1_196' title='bbox 1347 3774 1655 3842; x_wconf 88' lang='lat' dir='ltr'>adnotet</span> <span class='ocrx_word' id='word_1_197' title='bbox 1682 3774 1761 3839; x_wconf 90' lang='lat' dir='ltr'>in</span> <span class='ocrx_word' id='word_1_198' title='bbox 1801 3792 1937 3854; x_wconf 6' lang='lat' dir='ltr'>sugo</span> <span class='ocrx_word' id='word_1_199' title='bbox 1971 3772 2517 3856; x_wconf 84' lang='lat' dir='ltr'>baptizatorum</span> <span class='ocrx_word' id='word_1_200' title='bbox 2551 3771 2742 3839; x_wconf 91' lang='lat' dir='ltr'>libro</span> <span class='ocrx_word' id='word_1_201' title='bbox 2771 3771 2866 3839; x_wconf 89' lang='lat' dir='ltr'>ad</span> <span class='ocrx_word' id='word_1_202' title='bbox 2907 3790 3237 3839; x_wconf 90' lang='lat' dir='ltr'>normam</span> 
     </span>
    </p>
   </div>
   <div class='ocr_carea' id='block_1_9' title="bbox 234 3885 798 3970">
    <p class='ocr_par' dir='ltr' id='par_1_12' title="bbox 234 3885 798 3970">
     <span class='ocr_line' id='line_1_28' title="bbox 234 3885 798 3970; baseline -0.004 -16"><span class='ocrx_word' id='word_1_203' title='bbox 234 3905 407 3954; x_wconf 78' lang='lat' dir='ltr'>can.</span> <span class='ocrx_word' id='word_1_204' title='bbox 448 3885 604 3970; x_wconf 82' lang='lat'>470,</span> <span class='ocrx_word' id='word_1_205' title='bbox 650 3886 685 3968; x_wconf 89' lang='lat'><strong>5</strong></span> <span class='ocrx_word' id='word_1_206' title='bbox 732 3887 798 3952; x_wconf 83' lang='lat'>2.</span> 
     </span>
    </p>
   </div>
   <div class='ocr_carea' id='block_1_10' title="bbox 425 4147 3241 4213">
    <p class='ocr_par' dir='ltr' id='par_1_13' title="bbox 425 4147 3241 4213">
     <span class='ocr_line' id='line_1_29' title="bbox 425 4147 3241 4213; baseline -0.005 -7"><span class='ocrx_word' id='word_1_207' title='bbox 425 4153 448 4190; x_wconf 82' lang='lat'>²</span> <span class='ocrx_word' id='word_1_208' title='bbox 484 4153 659 4206; x_wconf 86' lang='lat' dir='ltr'>Cone.</span> <span class='ocrx_word' id='word_1_209' title='bbox 689 4152 980 4213; x_wconf 66' lang='lat' dir='ltr'>Trident„</span> <span class='ocrx_word' id='word_1_210' title='bbox 1015 4163 1159 4204; x_wconf 85' lang='lat' dir='ltr'>sess.</span> <span class='ocrx_word' id='word_1_211' title='bbox 1192 4150 1407 4212; x_wconf 82' lang='lat' dir='ltr'>XXIII,</span> <span class='ocrx_word' id='word_1_212' title='bbox 1440 4153 1512 4202; x_wconf 79' lang='lat' dir='ltr'>de</span> <span class='ocrx_word' id='word_1_213' title='bbox 1541 4150 1678 4209; x_wconf 71' lang='lat' dir='ltr'>ret„</span> <span class='ocrx_word' id='word_1_214' title='bbox 1707 4155 1759 4202; x_wconf 85' lang='lat' dir='ltr'>c.</span> <span class='ocrx_word' id='word_1_215' title='bbox 1791 4150 1841 4211; x_wconf 70' lang='grc' dir='ltr'>ὃς</span> <span class='ocrx_word' id='word_1_216' title='bbox 1879 4150 2261 4202; x_wconf 78' lang='lat' dir='ltr'>Innocentius</span> <span class='ocrx_word' id='word_1_217' title='bbox 2289 4150 2455 4209; x_wconf 87' lang='lat' dir='ltr'>xnl,</span> <span class='ocrx_word' id='word_1_218' title='bbox 2488 4151 2674 4201; x_wconf 87' lang='lat' dir='ltr'>const.</span> <span class='ocrx_word' id='word_1_219' title='bbox 2710 4164 2741 4199; x_wconf 74' lang='grc' dir='ltr'>ι</span> <span class='ocrx_word' id='word_1_220' title='bbox 2781 4147 3106 4207; x_wconf 59' lang='lat' dir='ltr'>Apostoli&amp;</span> <span class='ocrx_word' id='word_1_221' title='bbox 3135 4147 3241 4194; x_wconf 60' lang='lat' dir='ltr'>mi.</span> 
     </span>
    </p>
   </div>
   <div class='ocr_carea' id='block_1_11' title="bbox 237 4238 3240 4491">
    <p class='ocr_par' dir='ltr' id='par_1_14' title="bbox 237 4238 3240 4491">
     <span class='ocr_line' id='line_1_30' title="bbox 240 4238 3240 4307; baseline -0.002 -11"><span class='ocrx_word' id='word_1_222' title='bbox 240 4247 483 4297; x_wconf 69' lang='lat' dir='ltr'>auter-u</span> <span class='ocrx_word' id='word_1_223' title='bbox 510 4261 559 4307; x_wconf 69' lang='grc' dir='ltr'>ι,</span> <span class='ocrx_word' id='word_1_224' title='bbox 591 4246 658 4299; x_wconf 81' lang='grc'>23</span> <span class='ocrx_word' id='word_1_225' title='bbox 679 4245 824 4297; x_wconf 87' lang='lat' dir='ltr'>mali</span> <span class='ocrx_word' id='word_1_226' title='bbox 849 4244 998 4306; x_wconf 81' lang='grc'><strong>1723,</strong></span> <span class='ocrx_word' id='word_1_227' title='bbox 1029 4245 1056 4306; x_wconf 99' lang='grc'>1</span> <span class='ocrx_word' id='word_1_228' title='bbox 1087 4244 1170 4305; x_wconf 77' lang='grc' dir='ltr'>17ς</span> <span class='ocrx_word' id='word_1_229' title='bbox 1193 4243 1553 4301; x_wconf 79' lang='lat' dir='ltr'>Benedictus</span> <span class='ocrx_word' id='word_1_230' title='bbox 1576 4243 1742 4303; x_wconf 82' lang='lat' dir='ltr'>XIII,</span> <span class='ocrx_word' id='word_1_231' title='bbox 1769 4245 1954 4300; x_wconf 80' lang='lat' dir='ltr'>const.</span> <span class='ocrx_word' id='word_1_232' title='bbox 1994 4257 2025 4292; x_wconf 74' lang='grc' dir='ltr'>ι</span> <span class='ocrx_word' id='word_1_233' title='bbox 2049 4242 2120 4293; x_wconf 84' lang='lat' dir='ltr'>In</span> <span class='ocrx_word' id='word_1_234' title='bbox 2149 4252 2420 4301; x_wconf 73' lang='lat' dir='ltr'>supremo</span> <span class='ocrx_word' id='word_1_235' title='bbox 2449 4255 2498 4301; x_wconf 69' lang='lat' dir='ltr'>n,</span> <span class='ocrx_word' id='word_1_236' title='bbox 2526 4240 2591 4292; x_wconf 79' lang='grc'>23</span> <span class='ocrx_word' id='word_1_237' title='bbox 2617 4242 2765 4300; x_wconf 85' lang='lat' dir='ltr'>sept.</span> <span class='ocrx_word' id='word_1_238' title='bbox 2796 4239 2949 4298; x_wconf 77' lang='grc'><strong>1724,</strong></span> <span class='ocrx_word' id='word_1_239' title='bbox 2982 4239 3008 4299; x_wconf 85' lang='grc'>1</span> <span class='ocrx_word' id='word_1_240' title='bbox 3041 4240 3124 4299; x_wconf 81' lang='lat'>14,</span> <span class='ocrx_word' id='word_1_241' title='bbox 3157 4238 3240 4300; x_wconf 71' lang='lat'>283</span> 
     </span>
     <span class='ocr_line' id='line_1_31' title="bbox 238 4329 3235 4396; baseline -0.004 -4"><span class='ocrx_word' id='word_1_242' title='bbox 238 4343 430 4391; x_wconf 84' lang='lat' dir='ltr'>const.</span> <span class='ocrx_word' id='word_1_243' title='bbox 470 4353 502 4389; x_wconf 80' lang='grc' dir='ltr'>ι</span> <span class='ocrx_word' id='word_1_244' title='bbox 539 4336 869 4388; x_wconf 66' lang='lat' dir='ltr'>Panion-aiis</span> <span class='ocrx_word' id='word_1_245' title='bbox 904 4335 1079 4396; x_wconf 76' lang='lat' dir='ltr'>officii</span> <span class='ocrx_word' id='word_1_246' title='bbox 1113 4350 1162 4396; x_wconf 69' lang='grc' dir='ltr'>ι,</span> <span class='ocrx_word' id='word_1_247' title='bbox 1201 4335 1266 4387; x_wconf 82' lang='grc'>27</span> <span class='ocrx_word' id='word_1_248' title='bbox 1299 4339 1477 4388; x_wconf 88' lang='lat' dir='ltr'>mart.</span> <span class='ocrx_word' id='word_1_249' title='bbox 1511 4334 1661 4395; x_wconf 76' lang='grc'><strong>1720,</strong></span> <span class='ocrx_word' id='word_1_250' title='bbox 1710 4334 1737 4395; x_wconf 96' lang='grc'>1</span> <span class='ocrx_word' id='word_1_251' title='bbox 1771 4334 1822 4395; x_wconf 71' lang='grc' dir='ltr'>ὃς</span> <span class='ocrx_word' id='word_1_252' title='bbox 1856 4329 2215 4385; x_wconf 81' lang='lat' dir='ltr'>Benedictus</span> <span class='ocrx_word' id='word_1_253' title='bbox 2250 4333 2401 4393; x_wconf 83' lang='lat' dir='ltr'>x1v,</span> <span class='ocrx_word' id='word_1_254' title='bbox 2447 4342 2539 4392; x_wconf 85' lang='lat' dir='ltr'>ep.</span> <span class='ocrx_word' id='word_1_255' title='bbox 2579 4348 2611 4382; x_wconf 69' lang='grc' dir='ltr'><strong>α</strong></span> <span class='ocrx_word' id='word_1_256' title='bbox 2647 4331 2736 4381; x_wconf 79' lang='lat' dir='ltr'>Aa</span> <span class='ocrx_word' id='word_1_257' title='bbox 2772 4329 3139 4380; x_wconf 72' lang='lat' dir='ltr'>audientiam</span> <span class='ocrx_word' id='word_1_258' title='bbox 3186 4345 3235 4391; x_wconf 70' lang='grc' dir='ltr'>ιι,</span> 
     </span>
     <span class='ocr_line' id='line_1_32' title="bbox 237 4422 3235 4491; baseline -0.003 -8"><span class='ocrx_word' id='word_1_259' title='bbox 237 4433 309 4483; x_wconf 81' lang='grc'>15</span> <span class='ocrx_word' id='word_1_260' title='bbox 339 4432 489 4484; x_wconf 73' lang='lat' dir='ltr'>febr.</span> <span class='ocrx_word' id='word_1_261' title='bbox 527 4429 676 4490; x_wconf 78' lang='lat'>1753,</span> <span class='ocrx_word' id='word_1_262' title='bbox 710 4430 737 4491; x_wconf 98' lang='lat'><strong>5</strong></span> <span class='ocrx_word' id='word_1_263' title='bbox 765 4429 849 4490; x_wconf 83' lang='grc'>17,</span> <span class='ocrx_word' id='word_1_264' title='bbox 885 4429 967 4491; x_wconf 83' lang='grc'>18;</span> <span class='ocrx_word' id='word_1_265' title='bbox 997 4427 1055 4481; x_wconf 84' lang='lat' dir='ltr'>S.</span> <span class='ocrx_word' id='word_1_266' title='bbox 1088 4427 1154 4480; x_wconf 86' lang='grc' dir='ltr'>Ο.</span> <span class='ocrx_word' id='word_1_267' title='bbox 1185 4427 1275 4489; x_wconf 80' lang='grc'>0.,</span> <span class='ocrx_word' id='word_1_268' title='bbox 1314 4426 1660 4487; x_wconf 73' lang='lat' dir='ltr'>Scanntina.</span> <span class='ocrx_word' id='word_1_269' title='bbox 1691 4437 1891 4477; x_wconf 86' lang='lat' dir='ltr'>mense</span> <span class='ocrx_word' id='word_1_270' title='bbox 1921 4427 2043 4477; x_wconf 84' lang='lat' dir='ltr'>iun.</span> <span class='ocrx_word' id='word_1_271' title='bbox 2075 4424 2222 4485; x_wconf 63' lang='lat'>158&amp;</span> <span class='ocrx_word' id='word_1_272' title='bbox 2261 4423 2616 4482; x_wconf 62' lang='lat' dir='ltr'>Ger-undem,</span> <span class='ocrx_word' id='word_1_273' title='bbox 2645 4434 2845 4474; x_wconf 89' lang='lat' dir='ltr'>mense</span> <span class='ocrx_word' id='word_1_274' title='bbox 2875 4428 3050 4474; x_wconf 84' lang='lat' dir='ltr'>mart.</span> <span class='ocrx_word' id='word_1_275' title='bbox 3086 4422 3235 4481; x_wconf 83' lang='grc'><strong>1588,</strong></span> 
     </span>
    </p>
   </div>
   <div class='ocr_carea' id='block_1_12' title="bbox 237 4514 3235 4586">
    <p class='ocr_par' dir='ltr' id='par_1_15' title="bbox 237 4514 3235 4586">
     <span class='ocr_line' id='line_1_33' title="bbox 237 4514 3235 4586; baseline -0.004 -10"><span class='ocrx_word' id='word_1_276' title='bbox 237 4525 322 4576; x_wconf 87' lang='lat' dir='ltr'>ad</span> <span class='ocrx_word' id='word_1_277' title='bbox 344 4524 427 4586; x_wconf 73' lang='lat'>17:</span> <span class='ocrx_word' id='word_1_278' title='bbox 453 4522 759 4580; x_wconf 65' lang='lat' dir='ltr'>omnen..</span> <span class='ocrx_word' id='word_1_279' title='bbox 787 4524 853 4574; x_wconf 85' lang='grc'>11</span> <span class='ocrx_word' id='word_1_280' title='bbox 874 4526 938 4575; x_wconf 86' lang='lat' dir='ltr'>et</span> <span class='ocrx_word' id='word_1_281' title='bbox 961 4522 1026 4574; x_wconf 78' lang='lat'>25</span> <span class='ocrx_word' id='word_1_282' title='bbox 1050 4522 1193 4581; x_wconf 80' lang='lat' dir='ltr'>ian..</span> <span class='ocrx_word' id='word_1_283' title='bbox 1219 4520 1252 4572; x_wconf 85' lang='grc'><strong>7</strong></span> <span class='ocrx_word' id='word_1_284' title='bbox 1284 4521 1428 4580; x_wconf 67' lang='lat' dir='ltr'>iun„</span> <span class='ocrx_word' id='word_1_285' title='bbox 1452 4519 1488 4571; x_wconf 74' lang='lat'>5</span> <span class='ocrx_word' id='word_1_286' title='bbox 1513 4520 1638 4580; x_wconf 83' lang='lat' dir='ltr'>iul..</span> <span class='ocrx_word' id='word_1_287' title='bbox 1667 4519 1700 4569; x_wconf 88' lang='grc'><strong>2</strong></span> <span class='ocrx_word' id='word_1_288' title='bbox 1731 4530 1864 4580; x_wconf 83' lang='lat' dir='ltr'>aug.</span> <span class='ocrx_word' id='word_1_289' title='bbox 1894 4518 2043 4577; x_wconf 88' lang='grc'><strong>1727,</strong></span> <span class='ocrx_word' id='word_1_290' title='bbox 2072 4519 2138 4570; x_wconf 78' lang='grc'>19</span> <span class='ocrx_word' id='word_1_291' title='bbox 2164 4517 2285 4568; x_wconf 86' lang='lat' dir='ltr'>lun.</span> <span class='ocrx_word' id='word_1_292' title='bbox 2322 4515 2469 4578; x_wconf 72' lang='lat'>1728:</span> <span class='ocrx_word' id='word_1_293' title='bbox 2498 4514 2795 4571; x_wconf 75' lang='lat' dir='ltr'>Alatrina,</span> <span class='ocrx_word' id='word_1_294' title='bbox 2827 4516 2892 4567; x_wconf 86' lang='grc'>20</span> <span class='ocrx_word' id='word_1_295' title='bbox 2919 4527 3053 4576; x_wconf 83' lang='lat' dir='ltr'>aug.</span> <span class='ocrx_word' id='word_1_296' title='bbox 3087 4515 3235 4574; x_wconf 76' lang='grc'><strong>1785,</strong></span> 
     </span>
    </p>
   </div>
   <div class='ocr_carea' id='block_1_13' title="bbox 237 4609 3235 4768">
    <p class='ocr_par' dir='ltr' id='par_1_16' title="bbox 237 4609 3235 4768">
     <span class='ocr_line' id='line_1_34' title="bbox 237 4609 2022 4677; baseline -0.005 -8"><span class='ocrx_word' id='word_1_297' title='bbox 237 4617 320 4669; x_wconf 87' lang='lat' dir='ltr'>ad</span> <span class='ocrx_word' id='word_1_298' title='bbox 352 4618 403 4677; x_wconf 80' lang='lat' dir='ltr'>l:</span> <span class='ocrx_word' id='word_1_299' title='bbox 442 4614 788 4668; x_wconf 75' lang='lat' dir='ltr'>Pontificale</span> <span class='ocrx_word' id='word_1_300' title='bbox 816 4614 1005 4675; x_wconf 81' lang='lat' dir='ltr'>Rom..</span> <span class='ocrx_word' id='word_1_301' title='bbox 1038 4614 1134 4667; x_wconf 88' lang='lat' dir='ltr'>tit.</span> <span class='ocrx_word' id='word_1_302' title='bbox 1168 4610 1256 4663; x_wconf 80' lang='lat' dir='ltr'>De</span> <span class='ocrx_word' id='word_1_303' title='bbox 1295 4611 1600 4664; x_wconf 68' lang='lat' dir='ltr'>ordinibus</span> <span class='ocrx_word' id='word_1_304' title='bbox 1631 4609 2022 4671; x_wconf 72' lang='lat' dir='ltr'>conterendis.</span> 
     </span>
     <span class='ocr_line' id='line_1_35' title="bbox 424 4697 3235 4768; baseline -0.004 -10"><span class='ocrx_word' id='word_1_305' title='bbox 424 4711 451 4746; x_wconf 86' lang='lat'><em>2</em></span> <span class='ocrx_word' id='word_1_306' title='bbox 485 4706 839 4759; x_wconf 85' lang='lat' dir='ltr'>Benedictus</span> <span class='ocrx_word' id='word_1_307' title='bbox 865 4708 1017 4766; x_wconf 83' lang='lat' dir='ltr'>xlv,</span> <span class='ocrx_word' id='word_1_308' title='bbox 1047 4717 1137 4768; x_wconf 90' lang='lat' dir='ltr'>ep.</span> <span class='ocrx_word' id='word_1_309' title='bbox 1169 4721 1200 4756; x_wconf 74' lang='grc' dir='ltr'>ι</span> <span class='ocrx_word' id='word_1_310' title='bbox 1231 4707 1321 4756; x_wconf 76' lang='lat' dir='ltr'>Aa</span> <span class='ocrx_word' id='word_1_311' title='bbox 1350 4702 1716 4754; x_wconf 72' lang='lat' dir='ltr'>audientiam</span> <span class='ocrx_word' id='word_1_312' title='bbox 1744 4718 1793 4762; x_wconf 69' lang='lat' dir='ltr'>n.</span> <span class='ocrx_word' id='word_1_313' title='bbox 1822 4703 1889 4754; x_wconf 84' lang='lat'>15</span> <span class='ocrx_word' id='word_1_314' title='bbox 1925 4704 2073 4755; x_wconf 73' lang='lat' dir='ltr'>febr.</span> <span class='ocrx_word' id='word_1_315' title='bbox 2103 4701 2251 4761; x_wconf 77' lang='lat'><strong>1753,</strong></span> <span class='ocrx_word' id='word_1_316' title='bbox 2285 4702 2312 4763; x_wconf 98' lang='lat'><strong>5</strong></span> <span class='ocrx_word' id='word_1_317' title='bbox 2342 4701 2426 4761; x_wconf 87' lang='grc'>18,</span> <span class='ocrx_word' id='word_1_318' title='bbox 2456 4702 2538 4762; x_wconf 84' lang='grc'>19;</span> <span class='ocrx_word' id='word_1_319' title='bbox 2576 4700 2635 4753; x_wconf 78' lang='grc' dir='ltr'>Β.</span> <span class='ocrx_word' id='word_1_320' title='bbox 2667 4699 2733 4752; x_wconf 86' lang='grc' dir='ltr'>Ο.</span> <span class='ocrx_word' id='word_1_321' title='bbox 2765 4700 2853 4758; x_wconf 80' lang='lat' dir='ltr'>C..</span> <span class='ocrx_word' id='word_1_322' title='bbox 2887 4697 3235 4759; x_wconf 75' lang='lat' dir='ltr'>Seoanuno,</span> 
     </span>
    </p>
   </div>
   <div class='ocr_carea' id='block_1_14' title="bbox 238 4795 2911 4951">
    <p class='ocr_par' dir='ltr' id='par_1_17' title="bbox 238 4795 2911 4951">
     <span class='ocr_line' id='line_1_36' title="bbox 238 4795 1730 4860; baseline -0.003 -10"><span class='ocrx_word' id='word_1_323' title='bbox 238 4812 441 4852; x_wconf 87' lang='lat' dir='ltr'>mense</span> <span class='ocrx_word' id='word_1_324' title='bbox 472 4799 596 4850; x_wconf 87' lang='lat' dir='ltr'>iun.</span> <span class='ocrx_word' id='word_1_325' title='bbox 626 4799 773 4860; x_wconf 60' lang='lat'>158&amp;</span> <span class='ocrx_word' id='word_1_326' title='bbox 809 4798 1095 4856; x_wconf 68' lang='lat' dir='ltr'>Meliten„</span> <span class='ocrx_word' id='word_1_327' title='bbox 1127 4798 1193 4850; x_wconf 84' lang='grc'>20</span> <span class='ocrx_word' id='word_1_328' title='bbox 1220 4808 1352 4847; x_wconf 80' lang='lat' dir='ltr'>nov.</span> <span class='ocrx_word' id='word_1_329' title='bbox 1392 4795 1541 4855; x_wconf 81' lang='grc'><strong>1592,</strong></span> <span class='ocrx_word' id='word_1_330' title='bbox 1573 4795 1651 4847; x_wconf 86' lang='lat' dir='ltr'>ad</span> <span class='ocrx_word' id='word_1_331' title='bbox 1678 4795 1730 4848; x_wconf 77' lang='lat'>3.</span> 
     </span>
     <span class='ocr_line' id='line_1_37' title="bbox 424 4882 2911 4951; baseline -0.004 -9"><span class='ocrx_word' id='word_1_332' title='bbox 424 4896 449 4930; x_wconf 80' lang='lat'>³</span> <span class='ocrx_word' id='word_1_333' title='bbox 488 4892 832 4944; x_wconf 74' lang='lat' dir='ltr'>pontificale</span> <span class='ocrx_word' id='word_1_334' title='bbox 864 4892 1053 4951; x_wconf 79' lang='lat' dir='ltr'>Rom..</span> <span class='ocrx_word' id='word_1_335' title='bbox 1092 4892 1187 4943; x_wconf 87' lang='lat' dir='ltr'>tit.</span> <span class='ocrx_word' id='word_1_336' title='bbox 1225 4890 1313 4939; x_wconf 79' lang='lat' dir='ltr'>De</span> <span class='ocrx_word' id='word_1_337' title='bbox 1348 4888 1653 4939; x_wconf 67' lang='lat' dir='ltr'>ordinibus</span> <span class='ocrx_word' id='word_1_338' title='bbox 1687 4886 2079 4948; x_wconf 65' lang='lat' dir='ltr'>conserendis:</span> <span class='ocrx_word' id='word_1_339' title='bbox 2110 4888 2206 4940; x_wconf 82' lang='lat' dir='ltr'>tit.</span> <span class='ocrx_word' id='word_1_340' title='bbox 2244 4886 2332 4935; x_wconf 76' lang='lat' dir='ltr'>De</span> <span class='ocrx_word' id='word_1_341' title='bbox 2376 4885 2586 4935; x_wconf 78' lang='lat' dir='ltr'>clerico</span> <span class='ocrx_word' id='word_1_342' title='bbox 2616 4882 2911 4944; x_wconf 71' lang='lat' dir='ltr'>faciendo.</span> 
     </span>
    </p>
   </div>
   <div class='ocr_carea' id='block_1_15' title="bbox 416 4978 2430 5043">
    <p class='ocr_par' dir='ltr' id='par_1_18' title="bbox 416 4978 2430 5043">
     <span class='ocr_line' id='line_1_38' title="bbox 416 4978 2430 5043; baseline -0.003 -8"><span class='ocrx_word' id='word_1_343' title='bbox 416 4991 445 5023; x_wconf 74' lang='lat'><em>⁴</em></span> <span class='ocrx_word' id='word_1_344' title='bbox 487 4984 868 5037; x_wconf 88' lang='lat' dir='ltr'>Innocentius</span> <span class='ocrx_word' id='word_1_345' title='bbox 898 4983 1032 5043; x_wconf 85' lang='lat' dir='ltr'>xn,</span> <span class='ocrx_word' id='word_1_346' title='bbox 1072 4986 1257 5034; x_wconf 85' lang='lat' dir='ltr'>const.</span> <span class='ocrx_word' id='word_1_347' title='bbox 1294 4997 1326 5033; x_wconf 81' lang='grc' dir='ltr'>ι</span> <span class='ocrx_word' id='word_1_348' title='bbox 1360 4980 1770 5041; x_wconf 67' lang='lat' dir='ltr'>speculatores</span> <span class='ocrx_word' id='word_1_349' title='bbox 1811 4996 1861 5042; x_wconf 67' lang='lat' dir='ltr'>n,</span> <span class='ocrx_word' id='word_1_350' title='bbox 1895 4981 1928 5030; x_wconf 82' lang='lat'>4</span> <span class='ocrx_word' id='word_1_351' title='bbox 1959 4993 2090 5031; x_wconf 83' lang='lat' dir='ltr'>nov.</span> <span class='ocrx_word' id='word_1_352' title='bbox 2126 4978 2274 5038; x_wconf 75' lang='lat'><strong>1694.</strong></span> <span class='ocrx_word' id='word_1_353' title='bbox 2312 4979 2339 5040; x_wconf 95' lang='lat'><strong>5</strong></span> <span class='ocrx_word' id='word_1_354' title='bbox 2379 4979 2430 5030; x_wconf 87' lang='grc'>3.</span> 
     </span>
    </p>
   </div>
   <div class='ocr_carea' id='block_1_16' title="bbox 368 5650 3109 5715">
    <p class='ocr_par' dir='ltr' id='par_1_19' title="bbox 368 5650 3109 5715">
     <span class='ocr_line' id='line_1_39' title="bbox 368 5650 3109 5715; baseline -0.008 0"><span class='ocrx_word' id='word_1_355' title='bbox 368 5664 574 5715; x_wconf 60' lang='lat' dir='ltr'>codes</span> <span class='ocrx_word' id='word_1_356' title='bbox 606 5663 767 5713; x_wconf 71' lang='lat' dir='ltr'>lum</span> <span class='ocrx_word' id='word_1_357' title='bbox 803 5661 1102 5711; x_wconf 80' lang='lat' dir='ltr'>canonici.</span> <span class='ocrx_word' id='word_1_358' title='bbox 3056 5650 3109 5693; x_wconf 77' lang='grc' dir='ltr'>ιο</span> 
     </span>
    </p>
   </div>
  </div>
 </body>
</html>
