3753 5871
504 0 614 46 ‘114
1639 0 1835 38 Um
1882 0 2043 36 lm
2081 0 2363 37 υσποπιοι

1679 440 2022 521 Doctm.
2079 436 2318 521 VIII.

659 633 1147 705 Constitutio
1196 632 1561 723 Gregorii
1610 632 1765 702 ΡΡ.
1812 630 1973 700 xm
2026 658 2056 694 ι
2093 631 2434 719 Popuns
2470 658 2530 712 ι,
2577 646 2676 715 25
2727 632 3067 701 Ianuarii
3124 631 3355 715 1585.

688 895 975 974 Populis
1025 911 1107 957 ac
1148 893 1548 957 nationibus
1590 909 1811 972 nuper
1850 910 1936 956 ex
1973 892 2398 972 gentilitatis
2434 909 2669 957 errore
2706 893 2800 956 ad
2845 893 3045 958 fldem
3085 892 3502 957 catholicam

500 1002 850 1066 conversis
875 1001 1155 1081 expedit
1176 999 1533 1081 indulgere
1564 999 1750 1063 circa
1778 1000 2172 1064 libertatem
2195 1000 2647 1064 contrahendi
2674 990 3142 1080 matrimonia,
3170 1019 3262 1065 ne
3288 1002 3499 1064 homi·

502 1126 648 1188 nes,
684 1109 1151 1172 continentiae
1194 1109 1568 1171 servandae
1608 1108 1889 1173 minime
1921 1107 2210 1187 assueti,
2256 1111 2624 1188 propterea
2654 1108 2886 1171 minus
2921 1107 3219 1173 libenter
3254 1109 3335 1170 in
3369 1109 3499 1172 fide

504 1215 907 1296 persistant,
942 1220 1014 1280 et
1046 1215 1224 1279 alios
1255 1214 1534 1279 illorum
1568 1214 1878 1295 exemplo
1918 1217 2006 1279 ab
2040 1215 2192 1280 eius
2228 1215 2662 1295 perceptione
2695 1215 3112 1279 deterreant.
3154 1215 3498 1290 Quoniam

501 1324 722 1404 igitur
760 1340 962 1402 saepe
994 1323 1340 1403 contingit
1381 1323 1638 1386 multos
1673 1323 2037 1402 utriusque
2083 1324 2202 1387 sed
2249 1323 2616 1403 praecipue
2653 1320 2879 1387 vix-ssis
2917 1341 3122 1387 sexus
3156 1323 3496 1398 infideles,

502 1435 662 1511 post
684 1434 1045 1494 contracta
1066 1431 1312 1510 gentili
1337 1431 1482 1494 ritu
1512 1431 1979 1510 matrimonia,
2009 1449 2093 1495 ex
2122 1429 2417 1511 Angola,
2444 1430 2840 1510 Aethiopia,
2870 1431 3204 1510 Brasilia,
3238 1434 3320 1494 et
3340 1430 3501 1495 aliis

504 1537 767 1601 Indicis
796 1538 1212 1617 regionibus,
1245 1540 1332 1601 ab
1360 1537 1677 1601 hostibus
1706 1541 1972 1617 captos,
2007 1555 2052 1601 a
2084 1537 2338 1617 patriis
2365 1537 2623 1601 finibus
2648 1541 2722 1601 et
2749 1538 3053 1617 propriis
3086 1538 3499 1618 coniugibus

501 1646 577 1707 in
625 1646 1120 1710 remotissimas
1164 1646 1476 1725 regiones
1523 1645 1994 1724 exterminari,
2056 1646 2230 1710 adeo
2273 1649 2358 1708 ut
2405 1650 2550 1708 tam
2598 1646 2760 1725 ipsi,
2807 1646 3204 1725 captivique
3255 1648 3380 1725 qui
3427 1647 3494 1707 in

502 1754 736 1832 patria
764 1757 1142 1832 remanent,
1169 1754 1230 1816 si
1262 1756 1501 1832 postea
1526 1754 1616 1817 ad
1651 1753 1851 1817 fldem
1883 1756 2402 1832 convertantur,
2429 1752 2754 1833 coniuges
2779 1752 3094 1817 infideles
3116 1757 3270 1816 tam
3299 1755 3495 1833 longo

502 1859 805 1924 locorum
839 1859 1208 1923 intervallo
1240 1860 1648 1940 disiunctos,
1691 1878 1784 1924 an
1819 1862 1972 1926 sine
2000 1861 2416 1924 contumelia
2448 1860 2803 1925 Creatoris
2836 1877 3064 1924 secum
3094 1860 3496 1924 cohabitare

502 1967 740 2047 velint,
771 1971 854 2031 ut
886 1984 1015 2046 par
1047 1971 1178 2046 est,
1209 1984 1481 2031 monere
1508 1973 1874 2046 nequeant,
1913 1967 2019 2032 vel
2054 1969 2218 2047 quia
2243 1968 2593 2033 interdum
2620 1969 2711 2031 ad
2739 1967 3026 2031 hostiles
3056 1971 3132 2031 et
3161 1968 3495 2031 barbaras

502 2075 892 2155 provincias
935 2092 1021 2139 ne
1072 2076 1343 2138 nuntiis
1382 2075 1654 2153 quidem
1699 2092 2017 2139 accessus
2058 2079 2322 2154 pateat,
2369 2074 2475 2139 vel
2518 2076 2681 2154 quia
2723 2075 3045 2154 ignorent
3089 2092 3389 2154 prorsus
3425 2077 3493 2137 in

500 2198 675 2261 quas
718 2182 1029 2261 regiones
1065 2181 1332 2245 fuerint
1375 2183 1777 2262 transvecti,
1827 2183 1932 2247 vel
1972 2182 2136 2261 quia
2172 2183 2450 2246 itineris
2484 2169 2846 2261 longitudo
2886 2199 3211 2261 magnam
3247 2182 3494 2246 afferat

500 2288 1011 2353 difficultatem.
1045 2289 1304 2352 idcirco
1330 2289 1497 2367 Nos,
1525 2291 1965 2354 attendentes
1993 2289 2385 2353 huiusmodi
2411 2290 2754 2353 connubia
2785 2290 2971 2353 inter
2996 2288 3325 2354 infideles
3345 2306 3492 2353 con·

501 2399 755 2476 tracta,
803 2414 963 2460 vera
1004 2396 1301 2475 quidem,
1346 2413 1483 2459 non
1528 2401 1758 2460 tamen
1811 2398 1982 2461 adeo
2037 2400 2196 2461 rat‘a
2236 2396 2523 2472 censeri,
2579 2399 2664 2459 ut
2702 2396 3115 2460 necessitate
3160 2396 3496 2459 suadente

499 2502 783 2567 dissolvi
833 2521 971 2566 non
1013 2504 1307 2582 possint,
1353 2502 1602 2567 talium
1641 2504 1952 2584 gentium
1992 2504 2468 2568 infirmitatem
2513 2506 2807 2582 paterna
2848 2499 3111 2582 pietate
3152 2504 3490 2567 miserati

501 2611 842 2675 universis
875 2615 949 2674 et
983 2610 1277 2690 singulis
1314 2611 1655 2674 dictorum
1694 2609 1999 2675 locorum
2039 2610 2434 2674 Ordinariis
2472 2613 2546 2674 et
2581 2610 2923 2689 parochis,
2961 2614 3036 2674 et
3070 2611 3494 2690 presbyteris

502 2717 872 2781 Societatis
906 2718 1065 2781 Iesu
1098 2719 1187 2782 ad
1221 2718 1685 2782 confessiones
1715 2719 2097 2782 audiendas
2131 2719 2219 2782 ab
2252 2718 2554 2782 eiusdem
2600 2717 2969 2781 Societatis
3004 2716 3495 2796 Superioribus

499 2825 904 2904 approbatis
942 2831 1016 2889 et
1052 2826 1142 2889 ad
1183 2826 1407 2889 dictas
1470 2826 1780 2904 regiones
1841 2843 1969 2905 pro
2033 2829 2338 2905 tempore
2407 2825 2639 2889 missis
2681 2826 2785 2889 vel
2826 2826 2902 2887 in
2946 2824 3093 2888 illis
3140 2826 3489 2898 admisit,

499 2934 769 3013 plenam
821 2933 1241 2997 auctoritate
1271 2932 1697 3012 Apostolica,
1749 2938 1989 2998 tenore
2039 2933 2530 3013 praesentium,
2591 2933 3026 2998 concedimus
3082 2932 3491 2997 facultatem

497 3041 942 3120 dispensandi
973 3059 1127 3104 cum
1160 3041 1693 3120 quibuscumque
1734 3043 2096 3120 utriusque
2128 3059 2328 3104 sexus
2364 3040 2948 3105 christifidelibus
2987 3042 3237 3104 incolis
3280 3042 3490 3105 dicta„

497 3165 650 3210 rum
691 3148 1041 3228 regionum
1080 3153 1151 3213 et
1189 3149 1409 3213 serius
1477 3149 1567 3212 ad
1628 3148 1827 3212 fldem
1886 3149 2233 3212 conversis
2292 3150 2409 3227 qui
2469 3153 2632 3213 ante
2689 3148 3034 3228 baptisma
3096 3154 3488 3228 susceptum

497 3255 1010 3318 matrimonium
1044 3259 1565 3331 contraxerunt,
1603 3260 1686 3320 ut
1719 3273 1953 3319 eorum
1988 3256 2301 3335 quilibet,
2341 3257 2716 3335 superstite
2754 3257 3040 3336 coniuge
3078 3256 3378 3334 infideli,
3423 3262 3488 3320 et

495 3362 646 3425 eius
673 3380 1006 3426 consensu
1043 3364 1321 3427 minime
1352 3364 1707 3441 requisito,
1747 3367 1872 3426 aut
1912 3380 2237 3442 responso
2267 3382 2404 3425 non
2435 3366 2819 3442 expectato,
2852 3364 3294 3426 matrimonia
3338 3381 3486 3426 cum

498 3470 735 3547 quovis
775 3469 960 3533 fideli
991 3471 1282 3534 alterius
1312 3472 1520 3533 etiam
1563 3472 1742 3533 ritus
1781 3471 2185 3534 contrahere
2215 3472 2287 3534 et
2316 3472 2391 3533 in
2427 3472 2606 3535 facie
2637 3471 2987 3534 Ecclesiae
3018 3471 3487 3547 solemnizare,

496 3580 569 3640 et
607 3578 679 3637 in
729 3578 828 3639 eis
878 3581 1118 3659 postea
1156 3578 1421 3640 carnali
1472 3579 1717 3656 copula
1757 3578 2251 3640 consummatis
2291 3579 2514 3656 quoad
2557 3578 2858 3641 vixerint
2907 3594 3254 3641 remanere
3296 3577 3488 3640 licite

498 3683 811 3745 valeant:
852 3683 1214 3745 dummodo
1254 3688 1522 3747 constet
1557 3686 1762 3747 etiam
1800 3686 2166 3749 summarie
2197 3689 2270 3749 et
2301 3684 2949 3762 extraiudicialiter,
2984 3684 3369 3763 coniugem,
3413 3692 3488 3745 ut

498 3790 913 3868 praefertur,
954 3792 1299 3854 absentem
1339 3792 1597 3854 moneri
1646 3792 1950 3870 legitime
1986 3810 2122 3853 non
2172 3810 2393 3871 posse,
2443 3795 2569 3854 aut
2604 3793 2941 3854 monitum
2979 3793 3167 3853 intra
3215 3797 3489 3869 tempus

495 3897 569 3959 in
597 3897 831 3960 eadem
864 3899 1238 3960 monitione
1272 3899 1645 3976 praefixum
1680 3916 1871 3960 suam
1905 3898 2328 3962 voluntatem
2360 3916 2496 3961 non
2529 3898 2972 3976 significasse3
3009 3914 3182 3976 quae
3212 3898 3481 3975 quidem

495 4004 960 4083 matrimonia,
997 4007 1267 4067 etiamsi
1314 4008 1550 4083 postea
1594 4006 1978 4069 innotuerit
2012 4007 2334 4085 coniuges
2377 4006 2642 4084 priores
2672 4005 2986 4068 infideles
3021 3989 3215 4067 suam
3252 4006 3480 4067 volun·

496 4114 711 4174 tatem
768 4112 948 4175 iuste
1005 4113 1373 4191 impeditos
1429 4112 1779 4178 decla-rare
1841 4132 1978 4177 non
2046 4115 2374 4192 potuisse,
2412 4118 2483 4177 et
2519 4114 2608 4176 ad
2645 4114 2843 4176 fidem
2910 4112 3120 4176 etiam
3181 4116 3484 4190 tempore

495 4220 833 4281 transacti
876 4220 1154 4282 secundi
1188 4221 1611 4282 matrimonii
1642 4238 2004 4285 conversos
2039 4223 2278 4299 fuisse,
2317 4220 2763 4284 nihilominus
2805 4220 3104 4284 rescindi
3138 4236 3479 4298 nunquam

504 4326 768 4403 debere,
820 4327 941 4390 sed
992 4328 1225 4390 valida
1273 4331 1345 4391 et
1401 4330 1619 4407 firma,
1679 4328 2069 4408 prolemque
2122 4330 2282 4393 inde
2337 4328 2843 4408 suscipiendam
2894 4326 3277 4406 legitimam
3332 4327 3477 4389 fore

494 4433 939 4497 decernimus.
985 4435 1139 4498 Non
1172 4435 1608 4499 obstantibus
1641 4438 1769 4499 etc.
