<?xml version="1.0" encoding="UTF-8"?>
<!DOCTYPE html PUBLIC "-//W3C//DTD XHTML 1.0 Transitional//EN"
    "http://www.w3.org/TR/xhtml1/DTD/xhtml1-transitional.dtd">
<html xmlns="http://www.w3.org/1999/xhtml" xml:lang="en" lang="en">
 <head>
  <title>
</title>
<meta http-equiv="Content-Type" content="text/html;charset=utf-8" />
  <meta name='ocr-system' content='tesseract 3.04.00' />
  <meta name='ocr-capabilities' content='ocr_page ocr_carea ocr_par ocr_line ocrx_word'/>
</head>
<body>
  <div class='ocr_page' id='page_1' title='image "./codexiuriscanon00xgoog_0542.png"; bbox 0 0 3753 5871; ppageno 0'>
   <div class='ocr_carea' id='block_1_1' title="bbox 546 262 2415 323">
    <p class='ocr_par' dir='ltr' id='par_1_1' title="bbox 546 262 2415 323">
     <span class='ocr_line' id='line_1_1' title="bbox 546 262 2415 323; baseline 0.003 -10"><span class='ocrx_word' id='word_1_1' title='bbox 546 262 660 323; x_wconf 57' lang='lat' dir='ltr'><strong>{m</strong></span> <span class='ocrx_word' id='word_1_2' title='bbox 1689 267 1885 319; x_wconf 65' lang='grc'><strong>004180</strong></span> <span class='ocrx_word' id='word_1_3' title='bbox 1924 268 1955 318; x_wconf 93' lang='grc' dir='ltr'><strong><em>Ι</em></strong></span> <span class='ocrx_word' id='word_1_4' title='bbox 1957 270 2085 321; x_wconf 64' lang='lat' dir='ltr'><strong>uris</strong></span> <span class='ocrx_word' id='word_1_5' title='bbox 2134 268 2415 320; x_wconf 58' lang='lat' dir='ltr'><strong>Gamla&amp;</strong></span> 
     </span>
    </p>
   </div>
   <div class='ocr_carea' id='block_1_2' title="bbox 555 450 3532 643">
    <p class='ocr_par' dir='ltr' id='par_1_2' title="bbox 555 450 3532 643">
     <span class='ocr_line' id='line_1_2' title="bbox 556 450 3532 535; baseline 0.003 -20"><span class='ocrx_word' id='word_1_6' title='bbox 556 450 1098 534; x_wconf 81' lang='lat' dir='ltr'><strong>quamprimum</strong></span> <span class='ocrx_word' id='word_1_7' title='bbox 1133 450 1474 517; x_wconf 83' lang='lat' dir='ltr'><strong>schedam</strong></span> <span class='ocrx_word' id='word_1_8' title='bbox 1519 456 1896 535; x_wconf 82' lang='lat' dir='ltr'><strong>acceptam</strong></span> <span class='ocrx_word' id='word_1_9' title='bbox 1939 452 2418 535; x_wconf 89' lang='lat' dir='ltr'><strong>traditurum;</strong></span> <span class='ocrx_word' id='word_1_10' title='bbox 2464 453 2582 519; x_wconf 91' lang='lat' dir='ltr'><strong>sin</strong></span> <span class='ocrx_word' id='word_1_11' title='bbox 2615 454 2862 519; x_wconf 91' lang='lat' dir='ltr'><strong>minus</strong></span> <span class='ocrx_word' id='word_1_12' title='bbox 2896 473 3056 522; x_wconf 91' lang='lat' dir='ltr'><strong>eam</strong></span> <span class='ocrx_word' id='word_1_13' title='bbox 3096 455 3196 522; x_wconf 88' lang='lat' dir='ltr'><strong>ad</strong></span> <span class='ocrx_word' id='word_1_14' title='bbox 3234 456 3532 523; x_wconf 84' lang='lat' dir='ltr'><strong>iudicem</strong></span> 
     </span>
     <span class='ocr_line' id='line_1_3' title="bbox 555 557 2837 643; baseline 0.002 -20"><span class='ocrx_word' id='word_1_15' title='bbox 555 557 858 640; x_wconf 75' lang='lat' dir='ltr'><strong>referat,</strong></span> <span class='ocrx_word' id='word_1_16' title='bbox 896 563 984 625; x_wconf 90' lang='lat' dir='ltr'><strong>ut</strong></span> <span class='ocrx_word' id='word_1_17' title='bbox 1017 558 1579 625; x_wconf 81' lang='lat' dir='ltr'><strong>transmittatur</strong></span> <span class='ocrx_word' id='word_1_18' title='bbox 1621 559 1716 627; x_wconf 90' lang='lat' dir='ltr'><strong>ad</strong></span> <span class='ocrx_word' id='word_1_19' title='bbox 1753 578 2085 626; x_wconf 87' lang='lat' dir='ltr'><strong>normam</strong></span> <span class='ocrx_word' id='word_1_20' title='bbox 2119 578 2283 627; x_wconf 90' lang='lat' dir='ltr'><strong>can.</strong></span> <span class='ocrx_word' id='word_1_21' title='bbox 2326 561 2522 643; x_wconf 83' lang='lat'><strong>1719,</strong></span> <span class='ocrx_word' id='word_1_22' title='bbox 2570 561 2741 628; x_wconf 85' lang='grc'><strong>1720</strong></span> <span class='ocrx_word' id='word_1_23' title='bbox 2785 558 2837 628; x_wconf 83' lang='lat'><strong>¹.</strong></span> 
     </span>
    </p>
   </div>
   <div class='ocr_carea' id='block_1_3' title="bbox 1843 753 2267 822">
    <p class='ocr_par' dir='ltr' id='par_1_3' title="bbox 1843 753 2267 822">
     <span class='ocr_line' id='line_1_4' title="bbox 1843 753 2267 822; baseline -0.005 0"><span class='ocrx_word' id='word_1_24' title='bbox 1843 754 2021 822; x_wconf 77' lang='lat' dir='ltr'>CAN.</span> <span class='ocrx_word' id='word_1_25' title='bbox 2072 753 2267 820; x_wconf 86' lang='grc'><strong>1718.</strong></span> 
     </span>
    </p>
   </div>
   <div class='ocr_carea' id='block_1_4' title="bbox 554 894 3530 1069">
    <p class='ocr_par' dir='ltr' id='par_1_4' title="bbox 554 894 3530 1069">
     <span class='ocr_line' id='line_1_5' title="bbox 734 894 3530 981; baseline 0 -21"><span class='ocrx_word' id='word_1_26' title='bbox 734 894 933 962; x_wconf 87' lang='lat' dir='ltr'><strong>Reus</strong></span> <span class='ocrx_word' id='word_1_27' title='bbox 977 897 1103 980; x_wconf 90' lang='lat' dir='ltr'><strong>qui</strong></span> <span class='ocrx_word' id='word_1_28' title='bbox 1142 896 1564 965; x_wconf 89' lang='lat' dir='ltr'><strong>citatoriam</strong></span> <span class='ocrx_word' id='word_1_29' title='bbox 1609 896 1949 963; x_wconf 82' lang='lat' dir='ltr'><strong>schedam</strong></span> <span class='ocrx_word' id='word_1_30' title='bbox 1994 898 2317 980; x_wconf 89' lang='lat' dir='ltr'><strong>recipere</strong></span> <span class='ocrx_word' id='word_1_31' title='bbox 2360 899 2670 978; x_wconf 86' lang='lat' dir='ltr'><strong>recuset,</strong></span> <span class='ocrx_word' id='word_1_32' title='bbox 2718 896 3044 981; x_wconf 87' lang='lat' dir='ltr'><strong>legitime</strong></span> <span class='ocrx_word' id='word_1_33' title='bbox 3087 897 3383 963; x_wconf 87' lang='lat' dir='ltr'><strong>citatus</strong></span> <span class='ocrx_word' id='word_1_34' title='bbox 3433 895 3530 961; x_wconf 80' lang='lat' dir='ltr'><strong>ha-</strong></span> 
     </span>
     <span class='ocr_line' id='line_1_6' title="bbox 554 1001 905 1069; baseline -0.009 0"><span class='ocrx_word' id='word_1_35' title='bbox 554 1001 817 1069; x_wconf 79' lang='lat' dir='ltr'><strong>beatur</strong></span> <span class='ocrx_word' id='word_1_36' title='bbox 855 1003 905 1066; x_wconf 85' lang='lat'><strong>².</strong></span> 
     </span>
    </p>
   </div>
   <div class='ocr_carea' id='block_1_5' title="bbox 1810 1126 2234 1194">
    <p class='ocr_par' dir='ltr' id='par_1_5' title="bbox 1810 1126 2234 1194">
     <span class='ocr_line' id='line_1_7' title="bbox 1810 1126 2234 1194; baseline 0 0"><span class='ocrx_word' id='word_1_37' title='bbox 1810 1128 1989 1194; x_wconf 72' lang='lat' dir='ltr'>CAN.</span> <span class='ocrx_word' id='word_1_38' title='bbox 2039 1126 2234 1193; x_wconf 82' lang='lat'><strong>1719.</strong></span> 
     </span>
    </p>
   </div>
   <div class='ocr_carea' id='block_1_6' title="bbox 549 1266 3544 1677">
    <p class='ocr_par' dir='ltr' id='par_1_6' title="bbox 549 1266 3544 1677">
     <span class='ocr_line' id='line_1_8' title="bbox 734 1266 3540 1352; baseline -0.002 -14"><span class='ocrx_word' id='word_1_39' title='bbox 734 1270 816 1338; x_wconf 89' lang='lat' dir='ltr'><strong>Si</strong></span> <span class='ocrx_word' id='word_1_40' title='bbox 849 1271 941 1338; x_wconf 90' lang='lat' dir='ltr'><strong>ob</strong></span> <span class='ocrx_word' id='word_1_41' title='bbox 969 1269 1407 1337; x_wconf 81' lang='lat' dir='ltr'><strong>distantiam</strong></span> <span class='ocrx_word' id='word_1_42' title='bbox 1436 1270 1552 1336; x_wconf 87' lang='lat' dir='ltr'><strong>vel</strong></span> <span class='ocrx_word' id='word_1_43' title='bbox 1576 1270 1801 1336; x_wconf 87' lang='lat' dir='ltr'><strong>aliam</strong></span> <span class='ocrx_word' id='word_1_44' title='bbox 1828 1286 2129 1336; x_wconf 89' lang='lat' dir='ltr'><strong>causam</strong></span> <span class='ocrx_word' id='word_1_45' title='bbox 2156 1267 2550 1335; x_wconf 86' lang='lat' dir='ltr'><strong>difficulter</strong></span> <span class='ocrx_word' id='word_1_46' title='bbox 2578 1286 2711 1352; x_wconf 91' lang='lat' dir='ltr'><strong>per</strong></span> <span class='ocrx_word' id='word_1_47' title='bbox 2734 1286 3107 1335; x_wconf 86' lang='lat' dir='ltr'><strong>cursorem</strong></span> <span class='ocrx_word' id='word_1_48' title='bbox 3143 1266 3360 1334; x_wconf 88' lang='lat' dir='ltr'><strong>tradi</strong></span> <span class='ocrx_word' id='word_1_49' title='bbox 3397 1284 3540 1350; x_wconf 81' lang='lat' dir='ltr'><strong>pos·</strong></span> 
     </span>
     <span class='ocr_line' id='line_1_9' title="bbox 549 1373 3541 1461; baseline -0.001 -17"><span class='ocrx_word' id='word_1_50' title='bbox 549 1375 651 1444; x_wconf 89' lang='lat' dir='ltr'><strong>sit</strong></span> <span class='ocrx_word' id='word_1_51' title='bbox 680 1395 803 1443; x_wconf 87' lang='lat' dir='ltr'><strong>reo</strong></span> <span class='ocrx_word' id='word_1_52' title='bbox 825 1380 1188 1444; x_wconf 87' lang='lat' dir='ltr'><strong>convento</strong></span> <span class='ocrx_word' id='word_1_53' title='bbox 1207 1376 1472 1444; x_wconf 87' lang='lat' dir='ltr'><strong>scheda</strong></span> <span class='ocrx_word' id='word_1_54' title='bbox 1494 1376 1870 1458; x_wconf 88' lang='lat' dir='ltr'><strong>citatoria,</strong></span> <span class='ocrx_word' id='word_1_55' title='bbox 1896 1378 2173 1461; x_wconf 88' lang='lat' dir='ltr'><strong>poterit</strong></span> <span class='ocrx_word' id='word_1_56' title='bbox 2200 1378 2407 1445; x_wconf 89' lang='lat' dir='ltr'><strong>iussu</strong></span> <span class='ocrx_word' id='word_1_57' title='bbox 2439 1375 2707 1443; x_wconf 88' lang='lat' dir='ltr'><strong>iudicis</strong></span> <span class='ocrx_word' id='word_1_58' title='bbox 2725 1376 3141 1443; x_wconf 88' lang='lat' dir='ltr'><strong>transmitti</strong></span> <span class='ocrx_word' id='word_1_59' title='bbox 3168 1394 3308 1460; x_wconf 89' lang='lat' dir='ltr'><strong>per</strong></span> <span class='ocrx_word' id='word_1_60' title='bbox 3330 1373 3541 1443; x_wconf 85' lang='lat' dir='ltr'><strong>tabel-</strong></span> 
     </span>
     <span class='ocr_line' id='line_1_10' title="bbox 556 1483 3544 1570; baseline -0.001 -20"><span class='ocrx_word' id='word_1_61' title='bbox 556 1484 787 1551; x_wconf 88' lang='lat' dir='ltr'><strong>larios</strong></span> <span class='ocrx_word' id='word_1_62' title='bbox 816 1485 1174 1569; x_wconf 88' lang='lat' dir='ltr'><strong>publicos,</strong></span> <span class='ocrx_word' id='word_1_63' title='bbox 1204 1486 1598 1552; x_wconf 89' lang='lat' dir='ltr'><strong>dummodo</strong></span> <span class='ocrx_word' id='word_1_64' title='bbox 1625 1486 2136 1553; x_wconf 89' lang='lat' dir='ltr'><strong>commendata</strong></span> <span class='ocrx_word' id='word_1_65' title='bbox 2169 1489 2243 1552; x_wconf 89' lang='lat' dir='ltr'><strong>et</strong></span> <span class='ocrx_word' id='word_1_66' title='bbox 2278 1503 2446 1551; x_wconf 91' lang='lat' dir='ltr'><strong>cum</strong></span> <span class='ocrx_word' id='word_1_67' title='bbox 2477 1484 2900 1570; x_wconf 84' lang='lat' dir='ltr'><strong>syngrapha</strong></span> <span class='ocrx_word' id='word_1_68' title='bbox 2932 1485 3414 1567; x_wconf 83' lang='lat' dir='ltr'><strong>receptionis,</strong></span> <span class='ocrx_word' id='word_1_69' title='bbox 3444 1483 3544 1549; x_wconf 80' lang='lat' dir='ltr'><strong>vel</strong></span> 
     </span>
     <span class='ocr_line' id='line_1_11' title="bbox 550 1590 3464 1677; baseline -0 -20"><span class='ocrx_word' id='word_1_70' title='bbox 550 1592 709 1659; x_wconf 85' lang='lat' dir='ltr'><strong>alio</strong></span> <span class='ocrx_word' id='word_1_71' title='bbox 747 1593 961 1660; x_wconf 92' lang='lat' dir='ltr'><strong>modo</strong></span> <span class='ocrx_word' id='word_1_72' title='bbox 1004 1593 1129 1677; x_wconf 90' lang='lat' dir='ltr'><strong>qui</strong></span> <span class='ocrx_word' id='word_1_73' title='bbox 1162 1593 1561 1660; x_wconf 91' lang='lat' dir='ltr'><strong>secundum</strong></span> <span class='ocrx_word' id='word_1_74' title='bbox 1595 1594 1923 1659; x_wconf 92' lang='lat' dir='ltr'><strong>locorum</strong></span> <span class='ocrx_word' id='word_1_75' title='bbox 1959 1594 2154 1677; x_wconf 84' lang='lat' dir='ltr'><strong>leges</strong></span> <span class='ocrx_word' id='word_1_76' title='bbox 2188 1597 2263 1660; x_wconf 88' lang='lat' dir='ltr'><strong>et</strong></span> <span class='ocrx_word' id='word_1_77' title='bbox 2304 1593 2764 1661; x_wconf 89' lang='lat' dir='ltr'><strong>conditiones</strong></span> <span class='ocrx_word' id='word_1_78' title='bbox 2796 1592 3220 1660; x_wconf 88' lang='lat' dir='ltr'><strong>tutissimus</strong></span> <span class='ocrx_word' id='word_1_79' title='bbox 3255 1593 3386 1659; x_wconf 68' lang='lat' dir='ltr'><strong>sit·</strong></span> <span class='ocrx_word' id='word_1_80' title='bbox 3413 1590 3464 1654; x_wconf 82' lang='lat'><strong>⁸.</strong></span> 
     </span>
    </p>
   </div>
   <div class='ocr_carea' id='block_1_7' title="bbox 1839 1783 2261 1852">
    <p class='ocr_par' dir='ltr' id='par_1_7' title="bbox 1839 1783 2261 1852">
     <span class='ocr_line' id='line_1_12' title="bbox 1839 1783 2261 1852; baseline -0.005 0"><span class='ocrx_word' id='word_1_81' title='bbox 1839 1785 2017 1852; x_wconf 73' lang='lat' dir='ltr'><strong>CAN·</strong></span> <span class='ocrx_word' id='word_1_82' title='bbox 2066 1783 2261 1850; x_wconf 82' lang='grc'><strong>1720.</strong></span> 
     </span>
    </p>
   </div>
   <div class='ocr_carea' id='block_1_8' title="bbox 552 1906 3544 2531">
    <p class='ocr_par' dir='ltr' id='par_1_8' title="bbox 553 1906 3541 2100">
     <span class='ocr_line' id='line_1_13' title="bbox 735 1906 3541 1994; baseline -0.001 -19"><span class='ocrx_word' id='word_1_83' title='bbox 735 1910 768 1991; x_wconf 70' lang='grc' dir='ltr'>ξ</span> <span class='ocrx_word' id='word_1_84' title='bbox 816 1912 882 1975; x_wconf 92' lang='grc'><strong>1.</strong></span> <span class='ocrx_word' id='word_1_85' title='bbox 933 1909 1263 1992; x_wconf 88' lang='lat' dir='ltr'><strong>Quoties,</strong></span> <span class='ocrx_word' id='word_1_86' title='bbox 1285 1909 1631 1994; x_wconf 83' lang='lat' dir='ltr'><strong>diligenti</strong></span> <span class='ocrx_word' id='word_1_87' title='bbox 1660 1907 2143 1993; x_wconf 88' lang='lat' dir='ltr'><strong>inquisitione</strong></span> <span class='ocrx_word' id='word_1_88' title='bbox 2167 1912 2493 1991; x_wconf 84' lang='lat' dir='ltr'><strong>peracta,</strong></span> <span class='ocrx_word' id='word_1_89' title='bbox 2520 1907 2762 1974; x_wconf 90' lang='lat' dir='ltr'><strong>adhuc</strong></span> <span class='ocrx_word' id='word_1_90' title='bbox 2785 1907 3176 1992; x_wconf 85' lang='lat' dir='ltr'><strong>ignoratur</strong></span> <span class='ocrx_word' id='word_1_91' title='bbox 3200 1906 3336 1972; x_wconf 90' lang='lat' dir='ltr'><strong>ubi</strong></span> <span class='ocrx_word' id='word_1_92' title='bbox 3366 1921 3541 1972; x_wconf 90' lang='lat' dir='ltr'><strong>com·</strong></span> 
     </span>
     <span class='ocr_line' id='line_1_14' title="bbox 553 2013 2472 2100; baseline -0.002 -18"><span class='ocrx_word' id='word_1_93' title='bbox 553 2020 883 2083; x_wconf 87' lang='lat' dir='ltr'><strong>moretur</strong></span> <span class='ocrx_word' id='word_1_94' title='bbox 922 2035 1115 2098; x_wconf 88' lang='lat' dir='ltr'><strong>reus,</strong></span> <span class='ocrx_word' id='word_1_95' title='bbox 1150 2017 1355 2083; x_wconf 91' lang='lat' dir='ltr'><strong>locus</strong></span> <span class='ocrx_word' id='word_1_96' title='bbox 1381 2021 1496 2084; x_wconf 90' lang='lat' dir='ltr'><strong>est</strong></span> <span class='ocrx_word' id='word_1_97' title='bbox 1524 2016 1868 2084; x_wconf 84' lang='lat' dir='ltr'><strong>citationi</strong></span> <span class='ocrx_word' id='word_1_98' title='bbox 1898 2035 2029 2100; x_wconf 87' lang='lat' dir='ltr'><strong>per</strong></span> <span class='ocrx_word' id='word_1_99' title='bbox 2058 2016 2380 2083; x_wconf 92' lang='lat' dir='ltr'><strong>edictum</strong></span> <span class='ocrx_word' id='word_1_100' title='bbox 2419 2013 2472 2078; x_wconf 79' lang='lat'><strong>⁴.</strong></span> 
     </span>
    </p>

    <p class='ocr_par' dir='ltr' id='par_1_9' title="bbox 552 2120 3544 2531">
     <span class='ocr_line' id='line_1_15' title="bbox 732 2120 3543 2209; baseline -0.002 -20"><span class='ocrx_word' id='word_1_101' title='bbox 732 2123 767 2205; x_wconf 68' lang='grc' dir='ltr'>ξ</span> <span class='ocrx_word' id='word_1_102' title='bbox 814 2122 880 2189; x_wconf 94' lang='grc'><strong>2.</strong></span> <span class='ocrx_word' id='word_1_103' title='bbox 931 2124 1094 2191; x_wconf 91' lang='lat' dir='ltr'><strong>Hoc</strong></span> <span class='ocrx_word' id='word_1_104' title='bbox 1136 2129 1384 2192; x_wconf 88' lang='lat' dir='ltr'><strong>autem</strong></span> <span class='ocrx_word' id='word_1_105' title='bbox 1421 2124 1506 2191; x_wconf 86' lang='lat' dir='ltr'><strong>fit</strong></span> <span class='ocrx_word' id='word_1_106' title='bbox 1542 2123 1903 2209; x_wconf 82' lang='lat' dir='ltr'><strong>affigendo</strong></span> <span class='ocrx_word' id='word_1_107' title='bbox 1936 2142 2067 2207; x_wconf 90' lang='lat' dir='ltr'><strong>per</strong></span> <span class='ocrx_word' id='word_1_108' title='bbox 2099 2141 2473 2191; x_wconf 88' lang='lat' dir='ltr'><strong>cursorem</strong></span> <span class='ocrx_word' id='word_1_109' title='bbox 2509 2122 2603 2190; x_wconf 90' lang='lat' dir='ltr'><strong>ad</strong></span> <span class='ocrx_word' id='word_1_110' title='bbox 2649 2122 2848 2189; x_wconf 73' lang='lat' dir='ltr'><strong>tores</strong></span> <span class='ocrx_word' id='word_1_111' title='bbox 2891 2122 3164 2189; x_wconf 86' lang='lat' dir='ltr'><strong>Curiae</strong></span> <span class='ocrx_word' id='word_1_112' title='bbox 3204 2120 3543 2187; x_wconf 88' lang='lat' dir='ltr'><strong>schedam</strong></span> 
     </span>
     <span class='ocr_line' id='line_1_16' title="bbox 552 2227 3541 2316; baseline -0.001 -19"><span class='ocrx_word' id='word_1_113' title='bbox 552 2230 939 2298; x_wconf 86' lang='lat' dir='ltr'><strong>citationis</strong></span> <span class='ocrx_word' id='word_1_114' title='bbox 968 2232 1066 2298; x_wconf 88' lang='lat' dir='ltr'><strong>ad</strong></span> <span class='ocrx_word' id='word_1_115' title='bbox 1096 2233 1392 2300; x_wconf 92' lang='lat' dir='ltr'><strong>modum</strong></span> <span class='ocrx_word' id='word_1_116' title='bbox 1424 2232 1647 2299; x_wconf 90' lang='lat' dir='ltr'><strong>edicti</strong></span> <span class='ocrx_word' id='word_1_117' title='bbox 1684 2251 1814 2316; x_wconf 90' lang='lat' dir='ltr'><strong>per</strong></span> <span class='ocrx_word' id='word_1_118' title='bbox 1854 2238 2147 2316; x_wconf 90' lang='lat' dir='ltr'><strong>tempus</strong></span> <span class='ocrx_word' id='word_1_119' title='bbox 2178 2230 2526 2315; x_wconf 91' lang='lat' dir='ltr'><strong>prudenti</strong></span> <span class='ocrx_word' id='word_1_120' title='bbox 2562 2231 2829 2297; x_wconf 88' lang='lat' dir='ltr'><strong>iudicis</strong></span> <span class='ocrx_word' id='word_1_121' title='bbox 2860 2229 3178 2296; x_wconf 88' lang='lat' dir='ltr'><strong>arbitrio</strong></span> <span class='ocrx_word' id='word_1_122' title='bbox 3208 2227 3541 2296; x_wconf 88' lang='lat' dir='ltr'><strong>determi-</strong></span> 
     </span>
     <span class='ocr_line' id='line_1_17' title="bbox 553 2337 3544 2423; baseline -0.001 -20"><span class='ocrx_word' id='word_1_123' title='bbox 553 2339 879 2405; x_wconf 87' lang='lat' dir='ltr'><strong>nandum</strong></span> <span class='ocrx_word' id='word_1_124' title='bbox 909 2340 1091 2406; x_wconf 89' lang='lat' dir='ltr'><strong>etin</strong></span> <span class='ocrx_word' id='word_1_125' title='bbox 1120 2340 1373 2423; x_wconf 88' lang='lat' dir='ltr'><strong>aliqua</strong></span> <span class='ocrx_word' id='word_1_126' title='bbox 1409 2340 1705 2423; x_wconf 88' lang='lat' dir='ltr'><strong>publica</strong></span> <span class='ocrx_word' id='word_1_127' title='bbox 1733 2339 2193 2423; x_wconf 87' lang='lat' dir='ltr'><strong>ephemeride</strong></span> <span class='ocrx_word' id='word_1_128' title='bbox 2221 2358 2380 2407; x_wconf 85' lang='lat' dir='ltr'><strong>eam</strong></span> <span class='ocrx_word' id='word_1_129' title='bbox 2410 2338 2819 2421; x_wconf 89' lang='lat' dir='ltr'><strong>inserendo;</strong></span> <span class='ocrx_word' id='word_1_130' title='bbox 2856 2337 2919 2403; x_wconf 90' lang='lat' dir='ltr'><strong>si</strong></span> <span class='ocrx_word' id='word_1_131' title='bbox 2946 2356 3123 2404; x_wconf 87' lang='lat' dir='ltr'><strong>vero</strong></span> <span class='ocrx_word' id='word_1_132' title='bbox 3153 2344 3544 2419; x_wconf 88' lang='lat' dir='ltr'><strong>utrumque</strong></span> 
     </span>
     <span class='ocr_line' id='line_1_18' title="bbox 552 2444 2005 2531; baseline 0.002 -21"><span class='ocrx_word' id='word_1_133' title='bbox 552 2444 714 2513; x_wconf 84' lang='lat' dir='ltr'><strong>fieri</strong></span> <span class='ocrx_word' id='word_1_134' title='bbox 751 2451 1090 2531; x_wconf 84' lang='lat' dir='ltr'><strong>nequeat,</strong></span> <span class='ocrx_word' id='word_1_135' title='bbox 1125 2447 1573 2516; x_wconf 88' lang='lat' dir='ltr'><strong>alterutrum</strong></span> <span class='ocrx_word' id='word_1_136' title='bbox 1608 2448 1919 2515; x_wconf 88' lang='lat' dir='ltr'><strong>sufficiet</strong></span> <span class='ocrx_word' id='word_1_137' title='bbox 1954 2447 2005 2513; x_wconf 83' lang='lat'><strong>⁵.</strong></span> 
     </span>
    </p>
   </div>
   <div class='ocr_carea' id='block_1_9' title="bbox 1809 2623 2241 2692">
    <p class='ocr_par' dir='ltr' id='par_1_10' title="bbox 1809 2623 2241 2692">
     <span class='ocr_line' id='line_1_19' title="bbox 1809 2623 2241 2692; baseline -0.009 0"><span class='ocrx_word' id='word_1_138' title='bbox 1809 2624 1987 2692; x_wconf 72' lang='lat' dir='ltr'>CAN.</span> <span class='ocrx_word' id='word_1_139' title='bbox 2047 2623 2241 2690; x_wconf 83' lang='lat'><strong>1721.</strong></span> 
     </span>
    </p>
   </div>
   <div class='ocr_carea' id='block_1_10' title="bbox 550 2758 3541 3588">
    <p class='ocr_par' dir='ltr' id='par_1_11' title="bbox 552 2758 3538 2959">
     <span class='ocr_line' id='line_1_20' title="bbox 734 2758 3538 2848; baseline -0.003 -16"><span class='ocrx_word' id='word_1_140' title='bbox 734 2764 767 2848; x_wconf 70' lang='grc' dir='ltr'>ἓ</span> <span class='ocrx_word' id='word_1_141' title='bbox 815 2768 880 2832; x_wconf 92' lang='grc'><strong>1.</strong></span> <span class='ocrx_word' id='word_1_142' title='bbox 929 2765 1235 2848; x_wconf 86' lang='lat' dir='ltr'><strong>Cursor,</strong></span> <span class='ocrx_word' id='word_1_143' title='bbox 1273 2784 1440 2832; x_wconf 89' lang='lat' dir='ltr'><strong>cum</strong></span> <span class='ocrx_word' id='word_1_144' title='bbox 1481 2766 1559 2831; x_wconf 92' lang='lat' dir='ltr'><strong>iu</strong></span> <span class='ocrx_word' id='word_1_145' title='bbox 1601 2783 1824 2831; x_wconf 90' lang='lat' dir='ltr'><strong>manu</strong></span> <span class='ocrx_word' id='word_1_146' title='bbox 1859 2766 1966 2832; x_wconf 88' lang='lat' dir='ltr'><strong>rei</strong></span> <span class='ocrx_word' id='word_1_147' title='bbox 1997 2766 2339 2832; x_wconf 82' lang='lat' dir='ltr'><strong>conventi</strong></span> <span class='ocrx_word' id='word_1_148' title='bbox 2370 2764 2755 2831; x_wconf 86' lang='lat' dir='ltr'><strong>citationis</strong></span> <span class='ocrx_word' id='word_1_149' title='bbox 2787 2762 3124 2829; x_wconf 88' lang='lat' dir='ltr'><strong>schedam</strong></span> <span class='ocrx_word' id='word_1_150' title='bbox 3162 2758 3538 2843; x_wconf 86' lang='lat' dir='ltr'><strong>relinquit,</strong></span> 
     </span>
     <span class='ocr_line' id='line_1_21' title="bbox 552 2866 3250 2959; baseline -0.004 -17"><span class='ocrx_word' id='word_1_151' title='bbox 552 2873 769 2943; x_wconf 89' lang='lat' dir='ltr'><strong>debet</strong></span> <span class='ocrx_word' id='word_1_152' title='bbox 802 2893 962 2943; x_wconf 91' lang='lat' dir='ltr'><strong>eam</strong></span> <span class='ocrx_word' id='word_1_153' title='bbox 1003 2874 1461 2959; x_wconf 86' lang='lat' dir='ltr'><strong>subsigna-re,</strong></span> <span class='ocrx_word' id='word_1_154' title='bbox 1497 2874 1879 2942; x_wconf 86' lang='lat' dir='ltr'><strong>adnotatis</strong></span> <span class='ocrx_word' id='word_1_155' title='bbox 1909 2873 2031 2942; x_wconf 87' lang='lat' dir='ltr'><strong>die</strong></span> <span class='ocrx_word' id='word_1_156' title='bbox 2059 2879 2133 2941; x_wconf 89' lang='lat' dir='ltr'><strong>et</strong></span> <span class='ocrx_word' id='word_1_157' title='bbox 2168 2873 2349 2940; x_wconf 87' lang='lat' dir='ltr'><strong>hora</strong></span> <span class='ocrx_word' id='word_1_158' title='bbox 2383 2890 2528 2956; x_wconf 85' lang='lat' dir='ltr'><strong>qua-</strong></span> <span class='ocrx_word' id='word_1_159' title='bbox 2564 2891 2685 2940; x_wconf 89' lang='lat' dir='ltr'><strong>reo</strong></span> <span class='ocrx_word' id='word_1_160' title='bbox 2719 2870 3001 2939; x_wconf 83' lang='lat' dir='ltr'><strong>tradita</strong></span> <span class='ocrx_word' id='word_1_161' title='bbox 3036 2874 3149 2938; x_wconf 86' lang='lat' dir='ltr'><strong>est</strong></span> <span class='ocrx_word' id='word_1_162' title='bbox 3199 2866 3250 2932; x_wconf 78' lang='lat'><strong>⁸.</strong></span> 
     </span>
    </p>

    <p class='ocr_par' dir='ltr' id='par_1_12' title="bbox 556 2974 3540 3265">
     <span class='ocr_line' id='line_1_22' title="bbox 732 2974 3540 3067; baseline -0.002 -20"><span class='ocrx_word' id='word_1_163' title='bbox 732 2982 767 3064; x_wconf 72' lang='grc' dir='ltr'><strong>ξ</strong></span> <span class='ocrx_word' id='word_1_164' title='bbox 814 2982 879 3047; x_wconf 87' lang='grc'><strong>2.</strong></span> <span class='ocrx_word' id='word_1_165' title='bbox 932 2983 1136 3049; x_wconf 88' lang='lat' dir='ltr'><strong>Idem</strong></span> <span class='ocrx_word' id='word_1_166' title='bbox 1187 2985 1496 3067; x_wconf 85' lang='lat' dir='ltr'><strong>peragat</strong></span> <span class='ocrx_word' id='word_1_167' title='bbox 1542 2983 1607 3050; x_wconf 90' lang='lat' dir='ltr'><strong>si</strong></span> <span class='ocrx_word' id='word_1_168' title='bbox 1654 3000 1813 3049; x_wconf 85' lang='lat' dir='ltr'><strong>eam</strong></span> <span class='ocrx_word' id='word_1_169' title='bbox 1856 2981 2229 3066; x_wconf 90' lang='lat' dir='ltr'><strong>relinquat</strong></span> <span class='ocrx_word' id='word_1_170' title='bbox 2272 2983 2347 3047; x_wconf 91' lang='lat' dir='ltr'><strong>in</strong></span> <span class='ocrx_word' id='word_1_171' title='bbox 2391 2980 2731 3047; x_wconf 88' lang='lat' dir='ltr'><strong>manibus</strong></span> <span class='ocrx_word' id='word_1_172' title='bbox 2768 2978 3088 3046; x_wconf 88' lang='lat' dir='ltr'><strong>alicuius</strong></span> <span class='ocrx_word' id='word_1_173' title='bbox 3126 2976 3220 3045; x_wconf 89' lang='lat' dir='ltr'><strong>de</strong></span> <span class='ocrx_word' id='word_1_174' title='bbox 3255 2974 3540 3042; x_wconf 82' lang='lat' dir='ltr'><strong>familia</strong></span> 
     </span>
     <span class='ocr_line' id='line_1_23' title="bbox 557 3083 3538 3173; baseline -0.002 -17"><span class='ocrx_word' id='word_1_175' title='bbox 557 3097 689 3159; x_wconf 91' lang='lat' dir='ltr'><strong>aut</strong></span> <span class='ocrx_word' id='word_1_176' title='bbox 723 3090 1094 3157; x_wconf 85' lang='lat' dir='ltr'><strong>famulatu</strong></span> <span class='ocrx_word' id='word_1_177' title='bbox 1132 3091 1237 3158; x_wconf 89' lang='lat' dir='ltr'><strong>rei</strong></span> <span class='ocrx_word' id='word_1_178' title='bbox 1272 3091 1639 3172; x_wconf 88' lang='lat' dir='ltr'><strong>conventi,</strong></span> <span class='ocrx_word' id='word_1_179' title='bbox 1680 3090 1939 3157; x_wconf 90' lang='lat' dir='ltr'><strong>addito</strong></span> <span class='ocrx_word' id='word_1_180' title='bbox 1981 3090 2285 3173; x_wconf 85' lang='lat' dir='ltr'><strong>insuper</strong></span> <span class='ocrx_word' id='word_1_181' title='bbox 2326 3090 2617 3156; x_wconf 88' lang='lat' dir='ltr'><strong>nomine</strong></span> <span class='ocrx_word' id='word_1_182' title='bbox 2653 3105 3008 3171; x_wconf 88' lang='lat' dir='ltr'><strong>personae</strong></span> <span class='ocrx_word' id='word_1_183' title='bbox 3043 3086 3166 3152; x_wconf 91' lang='lat' dir='ltr'><strong>cui</strong></span> <span class='ocrx_word' id='word_1_184' title='bbox 3204 3083 3538 3152; x_wconf 87' lang='lat' dir='ltr'><strong>schedam</strong></span> 
     </span>
     <span class='ocr_line' id='line_1_24' title="bbox 556 3197 975 3265; baseline 0.005 -2"><span class='ocrx_word' id='word_1_185' title='bbox 556 3197 873 3264; x_wconf 83' lang='lat' dir='ltr'><strong>tradidit</strong></span> <span class='ocrx_word' id='word_1_186' title='bbox 924 3198 975 3265; x_wconf 81' lang='lat'><strong>⁷.</strong></span> 
     </span>
    </p>

    <p class='ocr_par' dir='ltr' id='par_1_13' title="bbox 550 3296 3541 3588">
     <span class='ocr_line' id='line_1_25' title="bbox 735 3296 3541 3389; baseline -0.004 -16"><span class='ocrx_word' id='word_1_187' title='bbox 735 3305 766 3387; x_wconf 83' lang='lat'><strong>§</strong></span> <span class='ocrx_word' id='word_1_188' title='bbox 814 3306 880 3373; x_wconf 88' lang='grc'><strong>3.</strong></span> <span class='ocrx_word' id='word_1_189' title='bbox 933 3306 1015 3373; x_wconf 88' lang='lat' dir='ltr'><strong>Si</strong></span> <span class='ocrx_word' id='word_1_190' title='bbox 1048 3305 1310 3372; x_wconf 85' lang='lat' dir='ltr'><strong>citatio</strong></span> <span class='ocrx_word' id='word_1_191' title='bbox 1344 3305 1476 3370; x_wconf 84' lang='lat' dir='ltr'><strong>fiat</strong></span> <span class='ocrx_word' id='word_1_192' title='bbox 1506 3324 1637 3389; x_wconf 89' lang='lat' dir='ltr'><strong>per</strong></span> <span class='ocrx_word' id='word_1_193' title='bbox 1667 3305 2017 3386; x_wconf 86' lang='lat' dir='ltr'><strong>edictum,</strong></span> <span class='ocrx_word' id='word_1_194' title='bbox 2060 3323 2319 3371; x_wconf 87' lang='lat' dir='ltr'><strong>cursor</strong></span> <span class='ocrx_word' id='word_1_195' title='bbox 2355 3305 2432 3370; x_wconf 92' lang='lat' dir='ltr'><strong>in</strong></span> <span class='ocrx_word' id='word_1_196' title='bbox 2465 3302 2688 3371; x_wconf 87' lang='lat' dir='ltr'><strong>edicti</strong></span> <span class='ocrx_word' id='word_1_197' title='bbox 2722 3303 2923 3369; x_wconf 88' lang='lat' dir='ltr'><strong>calce</strong></span> <span class='ocrx_word' id='word_1_198' title='bbox 2956 3301 3197 3385; x_wconf 89' lang='lat' dir='ltr'><strong>signet</strong></span> <span class='ocrx_word' id='word_1_199' title='bbox 3241 3317 3399 3383; x_wconf 82' lang='lat' dir='ltr'><strong>qua</strong></span> <span class='ocrx_word' id='word_1_200' title='bbox 3434 3296 3541 3364; x_wconf 83' lang='lat' dir='ltr'><strong>die</strong></span> 
     </span>
     <span class='ocr_line' id='line_1_26' title="bbox 550 3406 3538 3494; baseline -0.003 -14"><span class='ocrx_word' id='word_1_201' title='bbox 550 3419 629 3481; x_wconf 87' lang='lat' dir='ltr'><strong>et</strong></span> <span class='ocrx_word' id='word_1_202' title='bbox 662 3414 845 3479; x_wconf 86' lang='lat' dir='ltr'><strong>hora</strong></span> <span class='ocrx_word' id='word_1_203' title='bbox 885 3413 1206 3480; x_wconf 87' lang='lat' dir='ltr'><strong>edictum</strong></span> <span class='ocrx_word' id='word_1_204' title='bbox 1243 3412 1536 3479; x_wconf 86' lang='lat' dir='ltr'><strong>affixum</strong></span> <span class='ocrx_word' id='word_1_205' title='bbox 1574 3412 1668 3479; x_wconf 90' lang='lat' dir='ltr'><strong>ad</strong></span> <span class='ocrx_word' id='word_1_206' title='bbox 1705 3413 1904 3479; x_wconf 84' lang='lat' dir='ltr'><strong>fores</strong></span> <span class='ocrx_word' id='word_1_207' title='bbox 1948 3412 2218 3490; x_wconf 85' lang='lat' dir='ltr'><strong>Curiae</strong></span> <span class='ocrx_word' id='word_1_208' title='bbox 2256 3412 2487 3478; x_wconf 80' lang='lat' dir='ltr'><strong>fuerit</strong></span> <span class='ocrx_word' id='word_1_209' title='bbox 2522 3415 2597 3478; x_wconf 90' lang='lat' dir='ltr'><strong>et</strong></span> <span class='ocrx_word' id='word_1_210' title='bbox 2637 3409 2963 3494; x_wconf 86' lang='lat' dir='ltr'><strong>quandiu</strong></span> <span class='ocrx_word' id='word_1_211' title='bbox 3002 3406 3303 3475; x_wconf 82' lang='lat' dir='ltr'><strong>affixum</strong></span> <span class='ocrx_word' id='word_1_212' title='bbox 3350 3423 3538 3472; x_wconf 89' lang='lat' dir='ltr'><strong>man·</strong></span> 
     </span>
     <span class='ocr_line' id='line_1_27' title="bbox 560 3520 2938 3588; baseline -0.003 -3"><span class='ocrx_word' id='word_1_213' title='bbox 560 3520 764 3588; x_wconf 89' lang='lat' dir='ltr'><strong>serit.</strong></span> <span class='ocrx_word' id='word_1_214' title='bbox 2935 3522 2938 3537; x_wconf 79' lang='lat'>&#39;</span> 
     </span>
    </p>
   </div>
   <div class='ocr_carea' id='block_1_11' title="bbox 555 3627 3538 3822">
    <p class='ocr_par' dir='ltr' id='par_1_14' title="bbox 555 3627 3538 3822">
     <span class='ocr_line' id='line_1_28' title="bbox 735 3627 3538 3711; baseline 0 -19"><span class='ocrx_word' id='word_1_215' title='bbox 735 3627 767 3709; x_wconf 71' lang='grc' dir='ltr'>ξ</span> <span class='ocrx_word' id='word_1_216' title='bbox 816 3628 880 3692; x_wconf 81' lang='lat'><strong>4.</strong></span> <span class='ocrx_word' id='word_1_217' title='bbox 935 3627 1015 3694; x_wconf 86' lang='lat' dir='ltr'><strong>Si</strong></span> <span class='ocrx_word' id='word_1_218' title='bbox 1046 3646 1214 3694; x_wconf 90' lang='lat' dir='ltr'><strong>reus</strong></span> <span class='ocrx_word' id='word_1_219' title='bbox 1244 3629 1731 3711; x_wconf 85' lang='lat' dir='ltr'><strong>receptionem</strong></span> <span class='ocrx_word' id='word_1_220' title='bbox 1761 3628 2068 3695; x_wconf 85' lang='lat' dir='ltr'><strong>schedae</strong></span> <span class='ocrx_word' id='word_1_221' title='bbox 2104 3631 2415 3705; x_wconf 89' lang='lat' dir='ltr'><strong>recuset,</strong></span> <span class='ocrx_word' id='word_1_222' title='bbox 2451 3646 2712 3694; x_wconf 89' lang='lat' dir='ltr'><strong>cursor</strong></span> <span class='ocrx_word' id='word_1_223' title='bbox 2746 3627 3085 3694; x_wconf 87' lang='lat' dir='ltr'><strong>schedam</strong></span> <span class='ocrx_word' id='word_1_224' title='bbox 3114 3628 3360 3711; x_wconf 87' lang='lat' dir='ltr'><strong>ipsam</strong></span> <span class='ocrx_word' id='word_1_225' title='bbox 3392 3627 3538 3695; x_wconf 67' lang='lat' dir='ltr'><strong>suh</strong></span> 
     </span>
     <span class='ocr_line' id='line_1_29' title="bbox 555 3735 2920 3822; baseline 0 -21"><span class='ocrx_word' id='word_1_226' title='bbox 555 3736 949 3822; x_wconf 84' lang='lat' dir='ltr'><strong>signatam,</strong></span> <span class='ocrx_word' id='word_1_227' title='bbox 983 3735 1243 3802; x_wconf 87' lang='lat' dir='ltr'><strong>addita</strong></span> <span class='ocrx_word' id='word_1_228' title='bbox 1275 3736 1394 3803; x_wconf 88' lang='lat' dir='ltr'><strong>die</strong></span> <span class='ocrx_word' id='word_1_229' title='bbox 1431 3741 1506 3803; x_wconf 91' lang='lat' dir='ltr'><strong>et</strong></span> <span class='ocrx_word' id='word_1_230' title='bbox 1537 3737 1720 3803; x_wconf 85' lang='lat' dir='ltr'><strong>hora</strong></span> <span class='ocrx_word' id='word_1_231' title='bbox 1754 3735 2264 3817; x_wconf 79' lang='lat' dir='ltr'><strong>recusationiS,</strong></span> <span class='ocrx_word' id='word_1_232' title='bbox 2298 3735 2527 3802; x_wconf 88' lang='lat' dir='ltr'><strong>iudici</strong></span> <span class='ocrx_word' id='word_1_233' title='bbox 2563 3735 2920 3803; x_wconf 84' lang='lat' dir='ltr'><strong>remittat.</strong></span> 
     </span>
    </p>
   </div>
   <div class='ocr_carea' id='block_1_12' title="bbox 557 3988 3540 4590">
    <p class='ocr_par' dir='ltr' id='par_1_15' title="bbox 736 3988 2032 4048">
     <span class='ocr_line' id='line_1_30' title="bbox 736 3988 2032 4048; baseline -0.001 -9"><span class='ocrx_word' id='word_1_234' title='bbox 736 3988 757 4023; x_wconf 81' lang='lat'>¹</span> <span class='ocrx_word' id='word_1_235' title='bbox 794 3988 858 4039; x_wconf 84' lang='lat' dir='ltr'><strong>C.</strong></span> <span class='ocrx_word' id='word_1_236' title='bbox 890 3989 941 4047; x_wconf 84' lang='lat'><strong>3,</strong></span> <span class='ocrx_word' id='word_1_237' title='bbox 970 3989 1036 4047; x_wconf 82' lang='lat' dir='ltr'><strong>X,</strong></span> <span class='ocrx_word' id='word_1_238' title='bbox 1072 3989 1143 4038; x_wconf 82' lang='lat' dir='ltr'><strong>de</strong></span> <span class='ocrx_word' id='word_1_239' title='bbox 1173 3988 1303 4039; x_wconf 78' lang='lat' dir='ltr'><strong>dolo</strong></span> <span class='ocrx_word' id='word_1_240' title='bbox 1330 3992 1387 4040; x_wconf 75' lang='lat' dir='ltr'><strong>et</strong></span> <span class='ocrx_word' id='word_1_241' title='bbox 1421 3988 1808 4044; x_wconf 66' lang='lat' dir='ltr'><strong>contumacia,</strong></span> <span class='ocrx_word' id='word_1_242' title='bbox 1837 3989 1921 4048; x_wconf 90' lang='lat'><strong>11,</strong></span> <span class='ocrx_word' id='word_1_243' title='bbox 1951 3989 2032 4038; x_wconf 78' lang='lat'><strong>14.</strong></span> 
     </span>
    </p>

    <p class='ocr_par' dir='ltr' id='par_1_16' title="bbox 562 4079 3540 4233">
     <span class='ocr_line' id='line_1_31' title="bbox 730 4079 3540 4140; baseline 0.001 -10"><span class='ocrx_word' id='word_1_244' title='bbox 730 4086 754 4118; x_wconf 82' lang='lat'><em>²</em></span> <span class='ocrx_word' id='word_1_245' title='bbox 802 4080 867 4130; x_wconf 83' lang='lat' dir='ltr'><strong>C.</strong></span> <span class='ocrx_word' id='word_1_246' title='bbox 908 4081 958 4138; x_wconf 88' lang='lat'><strong>5,</strong></span> <span class='ocrx_word' id='word_1_247' title='bbox 992 4080 1056 4138; x_wconf 81' lang='lat' dir='ltr'><strong>X,</strong></span> <span class='ocrx_word' id='word_1_248' title='bbox 1099 4084 1164 4130; x_wconf 75' lang='lat' dir='ltr'><strong>ut</strong></span> <span class='ocrx_word' id='word_1_249' title='bbox 1199 4079 1304 4130; x_wconf 77' lang='lat' dir='ltr'><strong>lite</strong></span> <span class='ocrx_word' id='word_1_250' title='bbox 1336 4091 1449 4128; x_wconf 74' lang='lat' dir='ltr'><strong>non</strong></span> <span class='ocrx_word' id='word_1_251' title='bbox 1483 4082 1814 4129; x_wconf 76' lang='lat' dir='ltr'><strong>contestata</strong></span> <span class='ocrx_word' id='word_1_252' title='bbox 1844 4091 1961 4129; x_wconf 82' lang='lat' dir='ltr'><strong>mm</strong></span> <span class='ocrx_word' id='word_1_253' title='bbox 1993 4081 2347 4139; x_wconf 60' lang='lat' dir='ltr'><strong>procedatur</strong></span> <span class='ocrx_word' id='word_1_254' title='bbox 2376 4081 2453 4130; x_wconf 82' lang='lat' dir='ltr'><strong>ad</strong></span> <span class='ocrx_word' id='word_1_255' title='bbox 2489 4080 2729 4132; x_wconf 69' lang='lat' dir='ltr'><strong>testium</strong></span> <span class='ocrx_word' id='word_1_256' title='bbox 2759 4082 3150 4140; x_wconf 71' lang='lat' dir='ltr'><strong>receptionem</strong></span> <span class='ocrx_word' id='word_1_257' title='bbox 3187 4085 3282 4134; x_wconf 77' lang='lat' dir='ltr'><strong>vel</strong></span> <span class='ocrx_word' id='word_1_258' title='bbox 3315 4087 3397 4136; x_wconf 77' lang='lat' dir='ltr'><strong>ad</strong></span> <span class='ocrx_word' id='word_1_259' title='bbox 3431 4094 3540 4133; x_wconf 69' lang='lat' dir='ltr'><strong>sen·</strong></span> 
     </span>
     <span class='ocr_line' id='line_1_32' title="bbox 562 4169 3235 4233; baseline 0.001 -15"><span class='ocrx_word' id='word_1_260' title='bbox 562 4171 807 4220; x_wconf 73' lang='lat' dir='ltr'><strong>tentiam</strong></span> <span class='ocrx_word' id='word_1_261' title='bbox 843 4169 1227 4228; x_wconf 72' lang='lat' dir='ltr'><strong>definitivam,</strong></span> <span class='ocrx_word' id='word_1_262' title='bbox 1259 4170 1341 4229; x_wconf 93' lang='lat'><strong>11,</strong></span> <span class='ocrx_word' id='word_1_263' title='bbox 1373 4170 1423 4230; x_wconf 68' lang='lat' dir='ltr'><strong>a,</strong></span> <span class='ocrx_word' id='word_1_264' title='bbox 1447 4182 1498 4220; x_wconf 85' lang='lat' dir='ltr'><strong>c.</strong></span> <span class='ocrx_word' id='word_1_265' title='bbox 1527 4181 1648 4228; x_wconf 80' lang='lat' dir='ltr'><strong>un..</strong></span> <span class='ocrx_word' id='word_1_266' title='bbox 1684 4171 1755 4220; x_wconf 83' lang='lat' dir='ltr'><strong>de</strong></span> <span class='ocrx_word' id='word_1_267' title='bbox 1783 4170 1915 4220; x_wconf 74' lang='lat' dir='ltr'><strong>dolo</strong></span> <span class='ocrx_word' id='word_1_268' title='bbox 1943 4173 2002 4220; x_wconf 75' lang='lat' dir='ltr'><strong>et</strong></span> <span class='ocrx_word' id='word_1_269' title='bbox 2031 4169 2419 4227; x_wconf 70' lang='lat' dir='ltr'><strong>contumacia,</strong></span> <span class='ocrx_word' id='word_1_270' title='bbox 2449 4170 2531 4228; x_wconf 85' lang='grc' dir='ltr'><strong>ΙΙ,</strong></span> <span class='ocrx_word' id='word_1_271' title='bbox 2562 4171 2614 4229; x_wconf 89' lang='grc'><strong>3,</strong></span> <span class='ocrx_word' id='word_1_272' title='bbox 2645 4171 2706 4221; x_wconf 82' lang='lat' dir='ltr'><strong>in</strong></span> <span class='ocrx_word' id='word_1_273' title='bbox 2737 4171 3059 4233; x_wconf 75' lang='lat' dir='ltr'><strong>Extravag.</strong></span> <span class='ocrx_word' id='word_1_274' title='bbox 3090 4183 3235 4223; x_wconf 85' lang='lat' dir='ltr'><strong>com.</strong></span> 
     </span>
    </p>

    <p class='ocr_par' dir='ltr' id='par_1_17' title="bbox 557 4259 3537 4502">
     <span class='ocr_line' id='line_1_33' title="bbox 731 4259 3537 4321; baseline 0.002 -10"><span class='ocrx_word' id='word_1_275' title='bbox 731 4264 757 4301; x_wconf 75' lang='lat'>³</span> <span class='ocrx_word' id='word_1_276' title='bbox 804 4260 862 4311; x_wconf 91' lang='lat' dir='ltr'><strong>S.</strong></span> <span class='ocrx_word' id='word_1_277' title='bbox 912 4260 974 4311; x_wconf 87' lang='lat' dir='ltr'><strong>C.</strong></span> <span class='ocrx_word' id='word_1_278' title='bbox 1017 4260 1121 4318; x_wconf 79' lang='lat' dir='ltr'><strong>Ep.</strong></span> <span class='ocrx_word' id='word_1_279' title='bbox 1171 4263 1232 4311; x_wconf 85' lang='lat' dir='ltr'><strong>et</strong></span> <span class='ocrx_word' id='word_1_280' title='bbox 1270 4259 1432 4321; x_wconf 74' lang='lat' dir='ltr'><strong>neg..</strong></span> <span class='ocrx_word' id='word_1_281' title='bbox 1477 4262 1645 4311; x_wconf 76' lang='lat' dir='ltr'><strong>instr.</strong></span> <span class='ocrx_word' id='word_1_282' title='bbox 1685 4262 1748 4311; x_wconf 91' lang='lat'><strong>11</strong></span> <span class='ocrx_word' id='word_1_283' title='bbox 1788 4260 1908 4310; x_wconf 80' lang='lat' dir='ltr'><strong>iun.</strong></span> <span class='ocrx_word' id='word_1_284' title='bbox 1949 4260 2096 4318; x_wconf 81' lang='lat'><strong>1880,</strong></span> <span class='ocrx_word' id='word_1_285' title='bbox 2137 4272 2195 4310; x_wconf 90' lang='lat' dir='ltr'><strong>n.</strong></span> <span class='ocrx_word' id='word_1_286' title='bbox 2228 4261 2309 4321; x_wconf 74' lang='lat'><strong>143</strong></span> <span class='ocrx_word' id='word_1_287' title='bbox 2350 4259 2406 4312; x_wconf 98' lang='lat' dir='ltr'><strong>S.</strong></span> <span class='ocrx_word' id='word_1_288' title='bbox 2439 4260 2504 4311; x_wconf 85' lang='lat' dir='ltr'><strong>O.</strong></span> <span class='ocrx_word' id='word_1_289' title='bbox 2544 4260 2620 4312; x_wconf 89' lang='lat' dir='ltr'><strong>de</strong></span> <span class='ocrx_word' id='word_1_290' title='bbox 2662 4260 2831 4321; x_wconf 87' lang='lat' dir='ltr'><strong>Prop.</strong></span> <span class='ocrx_word' id='word_1_291' title='bbox 2875 4261 3038 4321; x_wconf 80' lang='lat' dir='ltr'><strong>Fide,</strong></span> <span class='ocrx_word' id='word_1_292' title='bbox 3083 4262 3255 4314; x_wconf 81' lang='lat' dir='ltr'><strong>lustr.</strong></span> <span class='ocrx_word' id='word_1_293' title='bbox 3299 4275 3360 4313; x_wconf 87' lang='lat' dir='ltr'><strong>a.</strong></span> <span class='ocrx_word' id='word_1_294' title='bbox 3406 4262 3537 4317; x_wconf 75' lang='lat'>1883.</span> 
     </span>
     <span class='ocr_line' id='line_1_34' title="bbox 557 4348 3536 4413; baseline 0.002 -12"><span class='ocrx_word' id='word_1_295' title='bbox 557 4363 615 4401; x_wconf 92' lang='lat' dir='ltr'><strong>n.</strong></span> <span class='ocrx_word' id='word_1_296' title='bbox 656 4350 805 4411; x_wconf 76' lang='lat' dir='ltr'>X1V3</span> <span class='ocrx_word' id='word_1_297' title='bbox 836 4351 1094 4411; x_wconf 79' lang='lat' dir='ltr'><strong>Regulae</strong></span> <span class='ocrx_word' id='word_1_298' title='bbox 1127 4350 1452 4401; x_wconf 80' lang='lat' dir='ltr'><strong>servandae</strong></span> <span class='ocrx_word' id='word_1_299' title='bbox 1484 4348 1545 4401; x_wconf 81' lang='lat' dir='ltr'><strong>in</strong></span> <span class='ocrx_word' id='word_1_300' title='bbox 1578 4350 1815 4401; x_wconf 85' lang='lat' dir='ltr'><strong>iudiciis</strong></span> <span class='ocrx_word' id='word_1_301' title='bbox 1848 4350 2007 4409; x_wconf 82' lang='lat' dir='ltr'><strong>apud</strong></span> <span class='ocrx_word' id='word_1_302' title='bbox 2039 4352 2096 4401; x_wconf 84' lang='lat' dir='ltr'><strong>S.</strong></span> <span class='ocrx_word' id='word_1_303' title='bbox 2134 4350 2203 4399; x_wconf 85' lang='lat' dir='ltr'><strong>R.</strong></span> <span class='ocrx_word' id='word_1_304' title='bbox 2240 4350 2428 4402; x_wconf 85' lang='lat' dir='ltr'><strong>Rotae</strong></span> <span class='ocrx_word' id='word_1_305' title='bbox 2457 4351 2827 4409; x_wconf 77' lang='lat' dir='ltr'><strong>Tribunal,.4</strong></span> <span class='ocrx_word' id='word_1_306' title='bbox 2855 4364 2990 4412; x_wconf 79' lang='lat' dir='ltr'><strong>aug.</strong></span> <span class='ocrx_word' id='word_1_307' title='bbox 3027 4352 3175 4411; x_wconf 80' lang='lat'><strong>1910,</strong></span> <span class='ocrx_word' id='word_1_308' title='bbox 3211 4352 3238 4413; x_wconf 66' lang='grc' dir='ltr'>ξ</span> <span class='ocrx_word' id='word_1_309' title='bbox 3281 4352 3370 4410; x_wconf 74' lang='lat'><strong>24.</strong></span> <span class='ocrx_word' id='word_1_310' title='bbox 3404 4366 3459 4403; x_wconf 87' lang='lat' dir='ltr'><strong>n.</strong></span> <span class='ocrx_word' id='word_1_311' title='bbox 3495 4351 3536 4408; x_wconf 59' lang='grc' dir='ltr'>ἃ</span> 
     </span>
     <span class='ocr_line' id='line_1_35' title="bbox 559 4439 3533 4502; baseline -0.001 -10"><span class='ocrx_word' id='word_1_312' title='bbox 559 4442 820 4502; x_wconf 83' lang='lat' dir='ltr'><strong>Regulae</strong></span> <span class='ocrx_word' id='word_1_313' title='bbox 850 4441 1175 4491; x_wconf 82' lang='lat' dir='ltr'><strong>servandae</strong></span> <span class='ocrx_word' id='word_1_314' title='bbox 1200 4441 1259 4490; x_wconf 86' lang='lat' dir='ltr'><strong>in</strong></span> <span class='ocrx_word' id='word_1_315' title='bbox 1292 4440 1529 4492; x_wconf 77' lang='lat' dir='ltr'><strong>iudiciis</strong></span> <span class='ocrx_word' id='word_1_316' title='bbox 1553 4439 1712 4500; x_wconf 80' lang='lat' dir='ltr'><strong>apud</strong></span> <span class='ocrx_word' id='word_1_317' title='bbox 1739 4439 2002 4500; x_wconf 88' lang='lat' dir='ltr'><strong>Suprem.</strong></span> <span class='ocrx_word' id='word_1_318' title='bbox 2034 4439 2388 4501; x_wconf 83' lang='lat' dir='ltr'><strong>Signaturae</strong></span> <span class='ocrx_word' id='word_1_319' title='bbox 2412 4442 2518 4499; x_wconf 80' lang='lat' dir='ltr'><strong>Ap.</strong></span> <span class='ocrx_word' id='word_1_320' title='bbox 2545 4441 2850 4499; x_wconf 82' lang='lat' dir='ltr'><strong>Tribunal,</strong></span> <span class='ocrx_word' id='word_1_321' title='bbox 2877 4441 2911 4491; x_wconf 80' lang='lat'>6</span> <span class='ocrx_word' id='word_1_322' title='bbox 2936 4444 3110 4494; x_wconf 85' lang='lat' dir='ltr'><strong>mart.</strong></span> <span class='ocrx_word' id='word_1_323' title='bbox 3138 4442 3287 4499; x_wconf 77' lang='lat'><strong>1912,</strong></span> <span class='ocrx_word' id='word_1_324' title='bbox 3318 4446 3440 4495; x_wconf 85' lang='lat' dir='ltr'><strong>art.</strong></span> <span class='ocrx_word' id='word_1_325' title='bbox 3465 4440 3533 4493; x_wconf 81' lang='lat'><strong>16.</strong></span> 
     </span>
    </p>

    <p class='ocr_par' dir='ltr' id='par_1_18' title="bbox 730 4529 3535 4590">
     <span class='ocr_line' id='line_1_36' title="bbox 730 4529 3535 4590; baseline -0.001 -8"><span class='ocrx_word' id='word_1_326' title='bbox 730 4537 757 4573; x_wconf 78' lang='lat'><strong>⁴</strong></span> <span class='ocrx_word' id='word_1_327' title='bbox 799 4531 863 4583; x_wconf 88' lang='lat' dir='ltr'><strong>O.</strong></span> <span class='ocrx_word' id='word_1_328' title='bbox 898 4532 980 4589; x_wconf 86' lang='lat'><strong>10,</strong></span> <span class='ocrx_word' id='word_1_329' title='bbox 1012 4530 1077 4588; x_wconf 84' lang='lat' dir='ltr'><strong>X,</strong></span> <span class='ocrx_word' id='word_1_330' title='bbox 1115 4530 1185 4579; x_wconf 74' lang='grc' dir='ltr'><strong>(ιε</strong></span> <span class='ocrx_word' id='word_1_331' title='bbox 1219 4530 1348 4579; x_wconf 79' lang='grc' dir='ltr'><strong>ιΙοιο</strong></span> <span class='ocrx_word' id='word_1_332' title='bbox 1387 4534 1446 4580; x_wconf 78' lang='lat' dir='ltr'><strong>et</strong></span> <span class='ocrx_word' id='word_1_333' title='bbox 1477 4529 1865 4588; x_wconf 61' lang='lat' dir='ltr'><strong>contremo-ia,</strong></span> <span class='ocrx_word' id='word_1_334' title='bbox 1905 4531 1985 4589; x_wconf 82' lang='grc' dir='ltr'><strong>ΙΙ,</strong></span> <span class='ocrx_word' id='word_1_335' title='bbox 2020 4533 2100 4590; x_wconf 76' lang='grc' dir='ltr'><strong>14ς</strong></span> <span class='ocrx_word' id='word_1_336' title='bbox 2130 4542 2178 4581; x_wconf 86' lang='lat' dir='ltr'><strong>c.</strong></span> <span class='ocrx_word' id='word_1_337' title='bbox 2212 4531 2294 4589; x_wconf 90' lang='lat'><strong>11,</strong></span> <span class='ocrx_word' id='word_1_338' title='bbox 2327 4531 2393 4590; x_wconf 86' lang='lat' dir='ltr'><strong>X,</strong></span> <span class='ocrx_word' id='word_1_339' title='bbox 2428 4531 2499 4580; x_wconf 80' lang='lat' dir='ltr'><strong>de</strong></span> <span class='ocrx_word' id='word_1_340' title='bbox 2531 4530 2759 4581; x_wconf 69' lang='lat' dir='ltr'><strong>clericis</strong></span> <span class='ocrx_word' id='word_1_341' title='bbox 2789 4543 2906 4580; x_wconf 76' lang='lat' dir='ltr'><strong>non</strong></span> <span class='ocrx_word' id='word_1_342' title='bbox 2937 4530 3333 4582; x_wconf 71' lang='lat' dir='ltr'><strong>residentibus</strong></span> <span class='ocrx_word' id='word_1_343' title='bbox 3373 4536 3435 4582; x_wconf 71' lang='lat' dir='ltr'><strong>in</strong></span> <span class='ocrx_word' id='word_1_344' title='bbox 3464 4540 3535 4579; x_wconf 75' lang='lat' dir='ltr'><strong>ec-</strong></span> 
     </span>
    </p>
   </div>
   <div class='ocr_carea' id='block_1_13' title="bbox 559 4618 3533 4682">
    <p class='ocr_par' dir='ltr' id='par_1_19' title="bbox 559 4618 3533 4682">
     <span class='ocr_line' id='line_1_37' title="bbox 559 4618 3533 4682; baseline -0.001 -9"><span class='ocrx_word' id='word_1_345' title='bbox 559 4622 740 4673; x_wconf 69' lang='lat' dir='ltr'><strong>elesia</strong></span> <span class='ocrx_word' id='word_1_346' title='bbox 769 4621 860 4671; x_wconf 78' lang='lat' dir='ltr'><strong>vel</strong></span> <span class='ocrx_word' id='word_1_347' title='bbox 883 4622 1234 4680; x_wconf 77' lang='lat' dir='ltr'><strong>praebenda,</strong></span> <span class='ocrx_word' id='word_1_348' title='bbox 1266 4621 1380 4681; x_wconf 93' lang='lat'><strong>111,</strong></span> <span class='ocrx_word' id='word_1_349' title='bbox 1403 4618 1735 4682; x_wconf 81' lang='lat' dir='ltr'><strong>4;Regu1ae</strong></span> <span class='ocrx_word' id='word_1_350' title='bbox 1755 4621 2081 4671; x_wconf 81' lang='lat' dir='ltr'><strong>servandae</strong></span> <span class='ocrx_word' id='word_1_351' title='bbox 2104 4621 2163 4671; x_wconf 85' lang='lat' dir='ltr'><strong>ln</strong></span> <span class='ocrx_word' id='word_1_352' title='bbox 2189 4620 2424 4672; x_wconf 82' lang='lat' dir='ltr'><strong>iudiciis</strong></span> <span class='ocrx_word' id='word_1_353' title='bbox 2445 4621 2603 4681; x_wconf 89' lang='lat' dir='ltr'><strong>apud</strong></span> <span class='ocrx_word' id='word_1_354' title='bbox 2629 4621 2685 4673; x_wconf 89' lang='lat' dir='ltr'><strong>S.</strong></span> <span class='ocrx_word' id='word_1_355' title='bbox 2714 4622 2782 4672; x_wconf 86' lang='lat' dir='ltr'><strong>R.</strong></span> <span class='ocrx_word' id='word_1_356' title='bbox 2813 4621 3000 4673; x_wconf 81' lang='lat' dir='ltr'><strong>Rotae</strong></span> <span class='ocrx_word' id='word_1_357' title='bbox 3020 4622 3326 4680; x_wconf 79' lang='lat' dir='ltr'><strong>Tribunal.</strong></span> <span class='ocrx_word' id='word_1_358' title='bbox 3357 4626 3395 4673; x_wconf 76' lang='lat'>4</span> <span class='ocrx_word' id='word_1_359' title='bbox 3416 4632 3533 4681; x_wconf 75' lang='lat' dir='ltr'><strong>aug.</strong></span> 
     </span>
    </p>
   </div>
   <div class='ocr_carea' id='block_1_14' title="bbox 557 4710 3531 4859">
    <p class='ocr_par' dir='ltr' id='par_1_20' title="bbox 557 4710 3531 4859">
     <span class='ocr_line' id='line_1_38' title="bbox 560 4710 3531 4772; baseline 0 -10"><span class='ocrx_word' id='word_1_360' title='bbox 560 4713 707 4771; x_wconf 81' lang='lat'><strong>1910,</strong></span> <span class='ocrx_word' id='word_1_361' title='bbox 754 4712 779 4771; x_wconf 68' lang='lat' dir='ltr'>fi</span> <span class='ocrx_word' id='word_1_362' title='bbox 820 4712 902 4769; x_wconf 80' lang='grc'><strong>24,</strong></span> <span class='ocrx_word' id='word_1_363' title='bbox 944 4723 1000 4761; x_wconf 92' lang='lat' dir='ltr'><strong>n.</strong></span> <span class='ocrx_word' id='word_1_364' title='bbox 1051 4713 1101 4771; x_wconf 78' lang='lat'><strong>4;</strong></span> <span class='ocrx_word' id='word_1_365' title='bbox 1138 4711 1399 4771; x_wconf 79' lang='lat' dir='ltr'><strong>Regulae</strong></span> <span class='ocrx_word' id='word_1_366' title='bbox 1441 4710 1767 4763; x_wconf 83' lang='lat' dir='ltr'><strong>servandae</strong></span> <span class='ocrx_word' id='word_1_367' title='bbox 1806 4711 1866 4760; x_wconf 83' lang='lat' dir='ltr'><strong>in</strong></span> <span class='ocrx_word' id='word_1_368' title='bbox 1911 4710 2146 4762; x_wconf 81' lang='lat' dir='ltr'><strong>iudiciis</strong></span> <span class='ocrx_word' id='word_1_369' title='bbox 2185 4710 2342 4769; x_wconf 81' lang='lat' dir='ltr'><strong>apud</strong></span> <span class='ocrx_word' id='word_1_370' title='bbox 2384 4710 2647 4771; x_wconf 87' lang='lat' dir='ltr'><strong>Suprem.</strong></span> <span class='ocrx_word' id='word_1_371' title='bbox 2694 4711 3048 4772; x_wconf 77' lang='lat' dir='ltr'><strong>signaturae</strong></span> <span class='ocrx_word' id='word_1_372' title='bbox 3088 4713 3194 4771; x_wconf 75' lang='lat' dir='ltr'><strong>Ap.</strong></span> <span class='ocrx_word' id='word_1_373' title='bbox 3237 4710 3531 4764; x_wconf 75' lang='lat' dir='ltr'><strong>Tribunal.</strong></span> 
     </span>
     <span class='ocr_line' id='line_1_39' title="bbox 557 4801 1244 4859; baseline -0.003 -6"><span class='ocrx_word' id='word_1_374' title='bbox 557 4802 590 4853; x_wconf 83' lang='grc'><strong>6</strong></span> <span class='ocrx_word' id='word_1_375' title='bbox 618 4806 792 4853; x_wconf 87' lang='lat' dir='ltr'><strong>mart.</strong></span> <span class='ocrx_word' id='word_1_376' title='bbox 832 4801 976 4859; x_wconf 80' lang='grc'><strong>1912,</strong></span> <span class='ocrx_word' id='word_1_377' title='bbox 1007 4803 1123 4852; x_wconf 86' lang='lat' dir='ltr'><strong>art.</strong></span> <span class='ocrx_word' id='word_1_378' title='bbox 1162 4801 1244 4851; x_wconf 78' lang='lat'><strong>16.</strong></span> 
     </span>
    </p>
   </div>
   <div class='ocr_carea' id='block_1_15' title="bbox 560 4889 3531 5042">
    <p class='ocr_par' dir='ltr' id='par_1_21' title="bbox 560 4889 3531 5042">
     <span class='ocr_line' id='line_1_40' title="bbox 729 4889 3531 4952; baseline -0.002 -9"><span class='ocrx_word' id='word_1_379' title='bbox 729 4898 753 4931; x_wconf 77' lang='lat'><strong>⁸</strong></span> <span class='ocrx_word' id='word_1_380' title='bbox 797 4890 861 4943; x_wconf 92' lang='lat' dir='ltr'><strong>C.</strong></span> <span class='ocrx_word' id='word_1_381' title='bbox 897 4893 978 4952; x_wconf 91' lang='lat'><strong>10,</strong></span> <span class='ocrx_word' id='word_1_382' title='bbox 1012 4892 1076 4948; x_wconf 84' lang='lat' dir='ltr'><strong>X.</strong></span> <span class='ocrx_word' id='word_1_383' title='bbox 1115 4893 1183 4941; x_wconf 81' lang='lat' dir='ltr'><strong>de</strong></span> <span class='ocrx_word' id='word_1_384' title='bbox 1218 4890 1347 4940; x_wconf 80' lang='lat' dir='ltr'><strong>dolo</strong></span> <span class='ocrx_word' id='word_1_385' title='bbox 1387 4897 1443 4941; x_wconf 85' lang='lat' dir='ltr'><strong>et</strong></span> <span class='ocrx_word' id='word_1_386' title='bbox 1477 4892 1864 4945; x_wconf 64' lang='lat' dir='ltr'><strong>contumacia.</strong></span> <span class='ocrx_word' id='word_1_387' title='bbox 1905 4892 1984 4951; x_wconf 87' lang='lat'><strong>11,</strong></span> <span class='ocrx_word' id='word_1_388' title='bbox 2018 4892 2098 4952; x_wconf 78' lang='lat'><strong>14;</strong></span> <span class='ocrx_word' id='word_1_389' title='bbox 2128 4903 2177 4942; x_wconf 86' lang='lat' dir='ltr'><strong>c.</strong></span> <span class='ocrx_word' id='word_1_390' title='bbox 2210 4893 2293 4950; x_wconf 91' lang='lat'><strong>11,</strong></span> <span class='ocrx_word' id='word_1_391' title='bbox 2325 4892 2390 4951; x_wconf 81' lang='lat' dir='ltr'><strong>X,</strong></span> <span class='ocrx_word' id='word_1_392' title='bbox 2427 4892 2498 4941; x_wconf 78' lang='lat' dir='ltr'><strong>de</strong></span> <span class='ocrx_word' id='word_1_393' title='bbox 2530 4889 2757 4941; x_wconf 72' lang='lat' dir='ltr'><strong>clericis</strong></span> <span class='ocrx_word' id='word_1_394' title='bbox 2789 4903 2904 4941; x_wconf 71' lang='lat' dir='ltr'><strong>non</strong></span> <span class='ocrx_word' id='word_1_395' title='bbox 2936 4891 3332 4941; x_wconf 64' lang='lat' dir='ltr'><strong>residentibus</strong></span> <span class='ocrx_word' id='word_1_396' title='bbox 3369 4894 3430 4940; x_wconf 68' lang='lat' dir='ltr'><strong>in</strong></span> <span class='ocrx_word' id='word_1_397' title='bbox 3461 4899 3531 4938; x_wconf 71' lang='lat' dir='ltr'><strong>eo-</strong></span> 
     </span>
     <span class='ocr_line' id='line_1_41' title="bbox 560 4978 3529 5042; baseline -0 -9"><span class='ocrx_word' id='word_1_398' title='bbox 560 4978 738 5035; x_wconf 72' lang='lat' dir='ltr'><strong>elesia</strong></span> <span class='ocrx_word' id='word_1_399' title='bbox 779 4984 867 5033; x_wconf 84' lang='lat' dir='ltr'><strong>vel</strong></span> <span class='ocrx_word' id='word_1_400' title='bbox 904 4982 1255 5042; x_wconf 80' lang='lat' dir='ltr'><strong>praebenda,</strong></span> <span class='ocrx_word' id='word_1_401' title='bbox 1302 4981 1417 5042; x_wconf 91' lang='lat'><strong>111,</strong></span> <span class='ocrx_word' id='word_1_402' title='bbox 1453 4984 1502 5042; x_wconf 74' lang='lat'><strong>43</strong></span> <span class='ocrx_word' id='word_1_403' title='bbox 1535 4993 1584 5033; x_wconf 87' lang='lat' dir='ltr'><strong>c.</strong></span> <span class='ocrx_word' id='word_1_404' title='bbox 1617 4983 1668 5039; x_wconf 88' lang='lat'><strong>1,</strong></span> <span class='ocrx_word' id='word_1_405' title='bbox 1708 4984 1778 5032; x_wconf 80' lang='lat' dir='ltr'><strong>dc</strong></span> <span class='ocrx_word' id='word_1_406' title='bbox 1811 4982 2070 5038; x_wconf 68' lang='lat' dir='ltr'><strong>indiciis,</strong></span> <span class='ocrx_word' id='word_1_407' title='bbox 2111 4982 2191 5039; x_wconf 88' lang='lat'><strong>11,</strong></span> <span class='ocrx_word' id='word_1_408' title='bbox 2229 4984 2279 5042; x_wconf 91' lang='lat'><strong>1,</strong></span> <span class='ocrx_word' id='word_1_409' title='bbox 2318 4983 2378 5032; x_wconf 84' lang='lat' dir='ltr'><strong>in</strong></span> <span class='ocrx_word' id='word_1_410' title='bbox 2412 4982 2613 5041; x_wconf 87' lang='lat' dir='ltr'><strong>Clem.;</strong></span> <span class='ocrx_word' id='word_1_411' title='bbox 2645 4994 2695 5032; x_wconf 85' lang='lat' dir='ltr'><strong>c.</strong></span> <span class='ocrx_word' id='word_1_412' title='bbox 2729 4994 2850 5036; x_wconf 86' lang='lat' dir='ltr'><strong>un..</strong></span> <span class='ocrx_word' id='word_1_413' title='bbox 2890 4981 2962 5030; x_wconf 80' lang='lat' dir='ltr'><strong>de</strong></span> <span class='ocrx_word' id='word_1_414' title='bbox 3003 4980 3137 5039; x_wconf 77' lang='lat' dir='ltr'><strong>foro</strong></span> <span class='ocrx_word' id='word_1_415' title='bbox 3173 4978 3529 5039; x_wconf 63' lang='lat' dir='ltr'><strong>competenti,</strong></span> 
     </span>
    </p>
   </div>
   <div class='ocr_carea' id='block_1_16' title="bbox 560 5069 3526 5223">
    <p class='ocr_par' dir='ltr' id='par_1_22' title="bbox 560 5069 3526 5223">
     <span class='ocr_line' id='line_1_42' title="bbox 560 5069 3526 5133; baseline -0 -8"><span class='ocrx_word' id='word_1_416' title='bbox 560 5074 641 5132; x_wconf 90' lang='lat'><strong>11,</strong></span> <span class='ocrx_word' id='word_1_417' title='bbox 689 5076 738 5132; x_wconf 88' lang='lat'><strong>2,</strong></span> <span class='ocrx_word' id='word_1_418' title='bbox 781 5076 839 5123; x_wconf 78' lang='lat' dir='ltr'><strong>in</strong></span> <span class='ocrx_word' id='word_1_419' title='bbox 876 5074 1078 5133; x_wconf 86' lang='lat' dir='ltr'><strong>Clem.;</strong></span> <span class='ocrx_word' id='word_1_420' title='bbox 1123 5072 1381 5133; x_wconf 81' lang='lat' dir='ltr'><strong>Regulae</strong></span> <span class='ocrx_word' id='word_1_421' title='bbox 1420 5071 1745 5123; x_wconf 83' lang='lat' dir='ltr'><strong>servandae</strong></span> <span class='ocrx_word' id='word_1_422' title='bbox 1781 5072 1842 5122; x_wconf 84' lang='lat' dir='ltr'><strong>in</strong></span> <span class='ocrx_word' id='word_1_423' title='bbox 1883 5072 2119 5124; x_wconf 81' lang='lat' dir='ltr'><strong>iudiciis</strong></span> <span class='ocrx_word' id='word_1_424' title='bbox 2155 5072 2314 5132; x_wconf 88' lang='lat' dir='ltr'><strong>apud</strong></span> <span class='ocrx_word' id='word_1_425' title='bbox 2354 5071 2411 5124; x_wconf 90' lang='lat' dir='ltr'><strong>S.</strong></span> <span class='ocrx_word' id='word_1_426' title='bbox 2455 5073 2524 5123; x_wconf 87' lang='lat' dir='ltr'><strong>R.</strong></span> <span class='ocrx_word' id='word_1_427' title='bbox 2575 5072 2764 5123; x_wconf 85' lang='lat' dir='ltr'><strong>Rotae</strong></span> <span class='ocrx_word' id='word_1_428' title='bbox 2800 5072 3106 5130; x_wconf 78' lang='lat' dir='ltr'><strong>Tribunal,</strong></span> <span class='ocrx_word' id='word_1_429' title='bbox 3145 5072 3178 5121; x_wconf 75' lang='lat'>4</span> <span class='ocrx_word' id='word_1_430' title='bbox 3217 5083 3353 5133; x_wconf 77' lang='grc' dir='ltr'><strong>ειυς.</strong></span> <span class='ocrx_word' id='word_1_431' title='bbox 3399 5069 3526 5124; x_wconf 74' lang='grc'><strong>1910.</strong></span> 
     </span>
     <span class='ocr_line' id='line_1_43' title="bbox 561 5164 875 5223; baseline 0 -10"><span class='ocrx_word' id='word_1_432' title='bbox 561 5165 587 5223; x_wconf 67' lang='grc' dir='ltr'><strong>ς</strong></span> <span class='ocrx_word' id='word_1_433' title='bbox 618 5164 700 5221; x_wconf 69' lang='lat'><strong>24,</strong></span> <span class='ocrx_word' id='word_1_434' title='bbox 735 5176 792 5213; x_wconf 89' lang='lat' dir='ltr'><strong>n.</strong></span> <span class='ocrx_word' id='word_1_435' title='bbox 828 5167 875 5213; x_wconf 69' lang='lat'><strong>4.</strong></span> 
     </span>
    </p>
   </div>
   <div class='ocr_carea' id='block_1_17' title="bbox 560 5250 3528 5497">
    <p class='ocr_par' dir='ltr' id='par_1_23' title="bbox 560 5250 3528 5497">
     <span class='ocr_line' id='line_1_44' title="bbox 741 5250 3528 5315; baseline -0.001 -10"><span class='ocrx_word' id='word_1_436' title='bbox 741 5257 765 5291; x_wconf 65' lang='grc' dir='ltr'><strong>ὅ</strong></span> <span class='ocrx_word' id='word_1_437' title='bbox 801 5255 1056 5315; x_wconf 83' lang='lat' dir='ltr'><strong>Regulae</strong></span> <span class='ocrx_word' id='word_1_438' title='bbox 1084 5254 1408 5306; x_wconf 79' lang='lat' dir='ltr'><strong>servandae</strong></span> <span class='ocrx_word' id='word_1_439' title='bbox 1442 5255 1501 5304; x_wconf 84' lang='lat' dir='ltr'><strong>in</strong></span> <span class='ocrx_word' id='word_1_440' title='bbox 1528 5253 1765 5304; x_wconf 82' lang='lat' dir='ltr'><strong>iudiciis</strong></span> <span class='ocrx_word' id='word_1_441' title='bbox 1789 5253 1946 5313; x_wconf 82' lang='lat' dir='ltr'><strong>apud</strong></span> <span class='ocrx_word' id='word_1_442' title='bbox 1982 5252 2038 5304; x_wconf 91' lang='lat' dir='ltr'><strong>S.</strong></span> <span class='ocrx_word' id='word_1_443' title='bbox 2076 5253 2144 5303; x_wconf 86' lang='lat' dir='ltr'><strong>R.</strong></span> <span class='ocrx_word' id='word_1_444' title='bbox 2180 5254 2367 5304; x_wconf 85' lang='lat' dir='ltr'><strong>Rotae</strong></span> <span class='ocrx_word' id='word_1_445' title='bbox 2389 5252 2694 5311; x_wconf 82' lang='lat' dir='ltr'><strong>Tribunal,</strong></span> <span class='ocrx_word' id='word_1_446' title='bbox 2720 5252 2754 5302; x_wconf 82' lang='lat'>4</span> <span class='ocrx_word' id='word_1_447' title='bbox 2777 5264 2912 5312; x_wconf 82' lang='lat' dir='ltr'><strong>aug.</strong></span> <span class='ocrx_word' id='word_1_448' title='bbox 2941 5252 3088 5309; x_wconf 86' lang='lat'><strong>1910,</strong></span> <span class='ocrx_word' id='word_1_449' title='bbox 3121 5252 3146 5312; x_wconf 68' lang='lat' dir='ltr'>fi</span> <span class='ocrx_word' id='word_1_450' title='bbox 3181 5252 3263 5309; x_wconf 53' lang='lat' dir='ltr'><strong>m:</strong></span> <span class='ocrx_word' id='word_1_451' title='bbox 3289 5250 3528 5313; x_wconf 67' lang='lat' dir='ltr'><strong>Regum</strong></span> 
     </span>
     <span class='ocr_line' id='line_1_45' title="bbox 560 5340 3283 5405; baseline -0.003 -7"><span class='ocrx_word' id='word_1_452' title='bbox 560 5345 886 5398; x_wconf 80' lang='lat' dir='ltr'><strong>servandae</strong></span> <span class='ocrx_word' id='word_1_453' title='bbox 914 5348 973 5395; x_wconf 90' lang='lat' dir='ltr'><strong>in</strong></span> <span class='ocrx_word' id='word_1_454' title='bbox 1004 5345 1239 5396; x_wconf 76' lang='lat' dir='ltr'><strong>iudiciis</strong></span> <span class='ocrx_word' id='word_1_455' title='bbox 1266 5344 1424 5404; x_wconf 84' lang='lat' dir='ltr'><strong>apud</strong></span> <span class='ocrx_word' id='word_1_456' title='bbox 1456 5344 1719 5405; x_wconf 88' lang='lat' dir='ltr'><strong>Suprem.</strong></span> <span class='ocrx_word' id='word_1_457' title='bbox 1753 5342 2108 5403; x_wconf 78' lang='lat' dir='ltr'><strong>signaturae</strong></span> <span class='ocrx_word' id='word_1_458' title='bbox 2136 5345 2241 5404; x_wconf 83' lang='lat' dir='ltr'><strong>Ap.</strong></span> <span class='ocrx_word' id='word_1_459' title='bbox 2278 5343 2583 5399; x_wconf 75' lang='lat' dir='ltr'><strong>Tribuual,</strong></span> <span class='ocrx_word' id='word_1_460' title='bbox 2611 5343 2645 5393; x_wconf 85' lang='grc'>6</span> <span class='ocrx_word' id='word_1_461' title='bbox 2673 5346 2845 5393; x_wconf 86' lang='lat' dir='ltr'><strong>mart.</strong></span> <span class='ocrx_word' id='word_1_462' title='bbox 2877 5341 3024 5399; x_wconf 79' lang='lat'><strong>1912.</strong></span> <span class='ocrx_word' id='word_1_463' title='bbox 3054 5345 3169 5393; x_wconf 85' lang='lat' dir='ltr'><strong>art.</strong></span> <span class='ocrx_word' id='word_1_464' title='bbox 3199 5340 3283 5392; x_wconf 71' lang='lat'><strong>16.</strong></span> 
     </span>
     <span class='ocr_line' id='line_1_46' title="bbox 738 5431 3288 5497; baseline -0.001 -11"><span class='ocrx_word' id='word_1_465' title='bbox 738 5441 760 5474; x_wconf 77' lang='lat'><strong><em>⁷</em></strong></span> <span class='ocrx_word' id='word_1_466' title='bbox 799 5437 1058 5497; x_wconf 82' lang='lat' dir='ltr'><strong>Regulae</strong></span> <span class='ocrx_word' id='word_1_467' title='bbox 1092 5434 1417 5487; x_wconf 84' lang='lat' dir='ltr'><strong>servandae</strong></span> <span class='ocrx_word' id='word_1_468' title='bbox 1448 5438 1505 5485; x_wconf 90' lang='lat' dir='ltr'><strong>in</strong></span> <span class='ocrx_word' id='word_1_469' title='bbox 1537 5435 1772 5487; x_wconf 80' lang='lat' dir='ltr'><strong>iudiciis</strong></span> <span class='ocrx_word' id='word_1_470' title='bbox 1806 5435 1963 5493; x_wconf 87' lang='lat' dir='ltr'><strong>apud</strong></span> <span class='ocrx_word' id='word_1_471' title='bbox 1996 5434 2053 5486; x_wconf 92' lang='lat' dir='ltr'><strong>S.</strong></span> <span class='ocrx_word' id='word_1_472' title='bbox 2085 5433 2154 5485; x_wconf 85' lang='lat' dir='ltr'><strong>R.</strong></span> <span class='ocrx_word' id='word_1_473' title='bbox 2187 5435 2374 5486; x_wconf 85' lang='lat' dir='ltr'><strong>Rotae</strong></span> <span class='ocrx_word' id='word_1_474' title='bbox 2398 5433 2704 5493; x_wconf 65' lang='lat' dir='ltr'><strong>OE&#39;ribunal,</strong></span> <span class='ocrx_word' id='word_1_475' title='bbox 2733 5434 2766 5483; x_wconf 80' lang='lat'>4</span> <span class='ocrx_word' id='word_1_476' title='bbox 2793 5444 2910 5494; x_wconf 80' lang='lat' dir='ltr'><strong>aug</strong></span> <span class='ocrx_word' id='word_1_477' title='bbox 2965 5433 3112 5491; x_wconf 85' lang='grc'><strong>1910,</strong></span> <span class='ocrx_word' id='word_1_478' title='bbox 3145 5432 3173 5491; x_wconf 67' lang='grc'><strong><em>5</em></strong></span> <span class='ocrx_word' id='word_1_479' title='bbox 3201 5431 3288 5483; x_wconf 83' lang='grc'><strong>25.</strong></span> 
     </span>
    </p>
   </div>
  </div>
 </body>
</html>
