3753 5871
1188 393 1364 446 Liber
1408 395 1669 456 Quartus
1703 419 1724 431 ·
1756 394 1847 445 Do
1891 394 2269 446 processibus
3127 392 3239 452 δῶ

464 741 633 805 Am.
680 741 761 805 V.
808 774 885 787 —
928 742 1026 803 De
1066 742 1606 804 testimoniorum
1647 739 2072 819 svulqatione
2111 757 2475 819 eorumque
2516 739 3002 820 reprobatione.

1501 943 1678 1011 CAN.
1728 942 1925 1009 1782.

418 1087 453 1170 5
500 1088 566 1154 1.
614 1088 802 1155 Cum
837 1091 1092 1172 partes
1125 1089 1262 1153 aut
1303 1103 1558 1153 earum
1596 1090 2117 1169 procuratores
2155 1083 2479 1152 examini
2515 1094 2661 1151 non
2700 1084 3235 1165 interfuerunt,

246 1195 671 1263 testimonia
720 1195 977 1262 statim
1032 1198 1203 1278 post
1249 1194 1674 1261 absolutum
1739 1193 2067 1260 omnium
2131 1193 2436 1261 testium
2490 1210 2794 1260 examen
2847 1195 3229 1277 poterunt,-

240 1300 536 1371 decreto
584 1302 878 1383 iudicis,
920 1300 1255 1385 evulgari
1302 1299 1352 1364 ¹.

419 1410 453 1492 ξ
499 1408 565 1475 2.
620 1410 762 1477 Sed
799 1410 1075 1495 poterit
1112 1410 1333 1477 iudex
1368 1409 1671 1478 differre
1715 1409 2309 1478 testimoniorum
2354 1407 2896 1494 evulgationem
2933 1407 3014 1474 in
3062 1410 3236 1475 tem·

243 1535 390 1602 pus
410 1536 554 1602 quo
576 1522 822 1585 cetera
853 1517 1373 1602 probationum
1397 1516 1734 1601 capitula
1760 1518 2047 1640 fuerint
2070 1516 2438 1599 absoluta,
2467 1517 2533 1583 si
2556 1516 2634 1584 id
2660 1535 2700 1584 e
2734 1535 2813 1584 re
2837 1514 3236 1584 existimet.

1521 1711 1698 1779 CAN.
1749 1711 1944 1778 1783.

416 1850 598 1920 Post
636 1850 1243 1919 testificationum
1279 1869 1364 1918 ev
1373 1851 1819 1935 ulgationem
1848 1868 1865 1913 ε

508 1961 607 2024 1.⁰
648 1958 911 2027 Cessat
957 1959 1284 2027 facultas
1334 1957 1779 2043 reprobandi
1838 1957 2056 2025 testis
2101 1974 2517 2041 personam,
2568 1962 2872 2041 excepto
2921 1974 3100 2023 casu
3148 1955 3243 2024 de

246 2081 390 2149 quo
431 2066 512 2132 in
552 2082 717 2132 can.
765 2061 962 2147 1764,
1006 2067 1040 2149 ξ
1079 2067 1144 2149 4;

503 2171 601 2238 2.⁰
648 2173 790 2241 Sed
825 2179 940 2241 est
972 2174 1091 2240 ius
1135 2173 1579 2257 reprobandi
1615 2175 1843 2241 testes
1879 2173 2032 2240 sive
2070 2173 2264 2257 quod
2299 2174 2576 2242 attinet
2610 2173 2707 2240 ad
2743 2173 3037 2241 modum
3073 2189 3236 2240 exa·

244 2281 492 2364 minis,
531 2298 700 2349 cum
744 2281 1029 2350 scilicet
1069 2281 1524 2349 obiiciantur
1575 2281 1874 2366 regulae
1924 2281 2114 2347 iuris
2163 2282 2243 2347 in
2286 2282 2621 2348 examine
2661 2281 3077 2365 peragendo
3121 2299 3236 2348 ne·

242 2388 550 2472 glectae,
587 2389 739 2456 sive
777 2388 968 2473 quod
1004 2388 1277 2456 attinet
1313 2389 1410 2456 ad
1453 2388 2019 2458 testificationes
2050 2390 2279 2474 ipsas,
2315 2407 2483 2456 cum
2522 2406 2780 2472 nempe
2814 2389 3242 2455 testimonia

243 2496 779 2580 impugnantur
810 2496 902 2563 de
935 2496 1131 2563 falso
1161 2500 1296 2564 aut
1330 2496 1422 2564 de
1457 2497 1899 2580 variatione,
1944 2497 2557 2579 contradictione,
2595 2496 3074 2579 obscuritate,
3121 2497 3237 2564 de·

241 2602 446 2670 fectu
486 2602 838 2670 scientiae
875 2605 951 2670 et
988 2604 1356 2671 similibus
1399 2602 1449 2666 ².

1502 2746 1681 2815 CAN.
1730 2747 1926 2813 1784.

373 2859 383 2866 ’
420 2883 1039 2970 Reproba-tionem
1083 2887 1303 2957 iudex
1344 2888 1644 2958 decreto
1686 2907 1820 2956 suo
1866 2888 2181 2971 reiiciat,
2230 2888 2293 2955 si
2348 2905 2508 2955 eam
2551 2887 2761 2955 futili
2804 2885 3029 2956 inniti
3074 2886 3237 2954 fun-

240 2992 593 3061 damento
636 2999 768 3062 aut
814 2996 910 3063 ad
960 2997 1489 3065 retardandum
1529 2997 1888 3065 iudicium
1930 2997 2204 3064 factam
2247 2995 2796 3064 animadvertat
2838 2992 2890 3058 ³.

1522 3183 1699 3250 CAN.
1752 3182 1948 3250 1785.

423 3321 506 3418 Si
538 3322 896 3390 iudicium
932 3323 1474 3407 reprobationis
1504 3326 1980 3408 admittatur,
2016 3325 2236 3394 iudex
2273 3326 2563 3395 brevem
2599 3327 2998 3393 terminum
3044 3327 3244 3410 parti

242 3430 661 3514 postulanti
695 3430 1146 3515 praestituat
1188 3433 1284 3500 ad
1328 3431 1782 3518 probandam
1821 3434 2439 3518 reprobationem,
2478 3438 2554 3503 et
2585 3434 2850 3503 deinde
2895 3435 3247 3520 procedat

246 3536 361 3603 uti
400 3537 478 3603 in
519 3536 692 3605 aliis
741 3539 1241 3607 incidentibus
1281 3541 1527 3609 causis
1579 3539 1632 3604 ⁴.

1523 3700 1699 3767 CAN·
1749 3700 1946 3767 1786.

421 3839 603 3908 Post
647 3842 1033 3926 evulgatas
1070 3840 1656 3924 testificationes,
1697 3845 1925 3909 testes
1962 3842 2111 3908 iam
2152 3842 2395 3910 auditi
2434 3843 2677 3910 denuo
2724 3861 2948 3926 super
2986 3843 3243 3910 iisdem

246 3946 593 4015 articulis
631 3967 722 4016 ne
768 3949 1348 4035 interrogentur,
1392 3967 1625 4033 neque
1667 3950 1838 4016 novi
1879 3954 2106 4018 testes
2147 3949 2674 4033 admittantur,
2729 3951 2875 4018 nisi
2913 3954 3133 4019 caute
3170 3954 3248 4018 et

245 4072 336 4122 ex
377 4056 588 4138 gravi
643 4056 932 4124 ratione
973 4057 1052 4124 in
1093 4057 1342 4124 causis
1397 4075 1583 4141 quae
1627 4075 2006 4141 nunquam
2050 4057 2447 4127 transeunt
2492 4058 2572 4125 in
2620 4078 2771 4127 rem
2816 4059 3247 4141 iudicatam;

247 4179 339 4229 ex
388 4164 823 4247 gravissima
879 4165 1167 4232 ratione
1217 4165 1297 4230 in
1343 4165 1633 4248 ceteris;
1694 4169 1769 4232 et
1817 4166 1900 4231 in
1962 4166 2290 4249 quolibet
2338 4185 2517 4233 casu
2567 4168 2768 4234 omni
2829 4167 3122 4235 fraudis
3172 4169 3249 4235 et

250 4270 808 4337 subornationis
856 4271 1187 4355 periculo
1239 4276 1544 4355 remoto,
1601 4273 1846 4341 altera»
1898 4279 2113 4357 parte
2175 4274 2462 4354 audita,
2519 4279 2594 4343 et
2658 4275 3017 4359 requisito
3067 4280 3240 4342 voto

246 4378 694 4460 promotoris
738 4378 1074 4447 iustitiae
1113 4379 1230 4446 vel
1271 4379 1684 4448 defensoris
1733 4382 2041 4465 vinculi,
2088 4383 2153 4450 si
2205 4384 2283 4450 hi
2324 4381 2604 4451 iudicio
2641 4383 3017 4467 intersint3
3061 4401 3249 4467 quae

247 4484 500 4551 omnia
540 4485 760 4553 iudex
795 4485 1092 4553 decreto
1135 4505 1269 4554 suo
1303 4486 1612 4555 definiat
1665 4488 1691 4524 ⁸

433 4820 456 4855 ¹
492 4818 557 4871 G.
599 4820 681 4881 24,
715 4820 796 4880 26,
828 4820 894 4879 Χ,
933 4822 1004 4871 de
1035 4819 1530 4878 commotionibus,
1572 4819 2057 4878 inquisitionibus
2088 4825 2148 4872 et
2182 4819 2752 4880 denunciationibus,
2787 4821 2855 4879 V,
2890 4823 2940 4881 1;
2972 4832 3023 4872 c.
3058 4821 3142 4880 31,
3180 4823 3245 4882 Χ,

252 4911 326 4961 ae
360 4909 633 4969 simonio,
672 4913 732 4962 et
766 4922 839 4961 ne
883 4909 1111 4969 aliquia
1155 4921 1262 4969 pro
1296 4909 1711 4970 spiritualibus
1747 4911 2026 4969 emautur
2058 4913 2154 4962 vel
2190 4910 2593 4969 promittatur,
2635 4911 2703 4969 V,
2743 4911 2794 4970 3;
2830 4910 3092 4971 Regulae
3132 4924 3246 4963 ser·

251 4999 485 5051 vandae
512 5000 575 5050 in
609 5000 848 5054 iudiciis
872 5000 1031 5060 apud
1059 5000 1117 5053 S.
1150 5001 1219 5052 R.
1251 5001 1442 5053 Rotae
1467 5001 1775 5061 Tribunal,
1807 5003 1839 5051 4
1867 5014 2001 5063 aug.
2032 5002 2180 5060 1910,
2213 5002 2239 5061 fi
2267 5000 2382 5060 115,
2420 5000 2535 5051 116.

427 5096 454 5129 ²
495 5089 560 5142 Ο.
593 5091 646 5150 9,
673 5090 740 5150 Χ,
770 5092 841 5142 de
876 5090 1339 5150 probationibus,
1379 5092 1461 5151 11,
1492 5093 1574 5153 193
1599 5104 1649 5143 c.
1679 5092 1763 5152 31,
1794 5092 1861 5152 Χ,
1897 5093 1968 5142 de
2000 5091 2250 5142 testibus
2279 5095 2340 5141 et
2369 5089 2876 5150 attestationibus,
2908 5083 2991 5151 11,
3023 5092 3106 5153 203
3143 5093 3252 5144 Re·

248 5181 427 5242 gulae
455 5180 783 5232 servandae
823 5180 884 5231 ln
914 5179 1153 5232 iudlcsss
1180 5181 1339 5242 apud
1374 5181 1432 5234 S.
1468 5182 1538 5233 R.
1574 5182 1765 5234 Rotae
1796 5182 2102 5240 Tribunal,
2136 5182 2170 5231 4
2199 5193 2332 5242 aug.
2367 5181 2516 5240 1910,
2551 5181 2578 5241 ἦ
2619 5181 2735 5232 115.

428 5275 453 5310 ³
494 5269 559 5322 Ο.
591 5270 672 5330 49,
703 5270 769 5330 Χ,
804 5273 875 5320 de
914 5270 1163 5321 testibus
1198 5276 1258 5324 et
1285 5271 1792 5330 attestationibus,
1825 5272 1909 5331 11,
1939 5272 2020 5322 m.

428 5364 454 5400 ⁴
494 5359 560 5412 ο,
592 5361 644 5420 9,
674 5360 740 5420 Χ,
775 5361 845 5410 de
883 5360 1347 5419 probationibus.
1381 5363 1464 5422 11,
1497 5365 1580 5416 19.

429 5457 454 5491 ⁵
493 5452 557 5504 0.
593 5450 644 5511 6,
688 5452 754 5511 Χ,
802 5452 873 5502 de
912 5451 1375 5511 probationibus,
1414 5454 1496 5514 11,
1533 5455 1616 5515 19;
1648 5465 1699 5504 c.
1737 5454 1820 5512 19,
1852 5453 1935 5512 25,
1968 5452 2050 5513 29,
2081 5452 2165 5513 35,
2196 5451 2280 5512 38,
2311 5452 2395 5512 42,
2427 5453 2510 5513 44,
2542 5452 2625 5512 48,
2657 5453 2740 5513 53,
2779 5454 2846 5513 Χ,
2890 5457 2961 5506 de
3001 5454 3253 5504 testibus

251 5543 316 5592 et
337 5542 843 5602 attestationibus,
868 5543 951 5603 11,
982 5543 1062 5604 20;
1081 5555 1130 5594 c.
1155 5543 1205 5605 2,
1234 5545 1304 5594 de
1330 5544 1600 5603 testibus,
1629 5544 1711 5604 11,
1735 5543 1787 5605 8,
1810 5544 1874 5594 in
1897 5543 2099 5606 clem:
2123 5542 2181 5596 8.
2214 5542 2278 5595 O.
2312 5542 2401 5603 G.,
2429 5542 2827 5605 Venetici-um,
2854 5545 2921 5596 27
2950 5545 3070 5595 ian.
3102 5544 3251 5596 1866.
