3753 5871
1050 857 2216 1030 DOCUMENTA

1400 1386 1739 1471 Docma.
1799 1386 1864 1468 Ι.

488 1579 975 1651 constitutio
1027 1578 1148 1648 Pii
1197 1578 1351 1649 ΡΡ.
1399 1579 1467 1648 Χ
1521 1579 1909 1651 «Vacante
1949 1577 2158 1650 Sede
2210 1575 2668 1664 Apostolica
2706 1598 2765 1652 ι,

1180 1721 1278 1789 25
1332 1703 1793 1773 Decembris
1854 1717 2079 1788 1904.

322 1931 632 1993 Vacante
679 1929 851 1993 Sede
887 1929 1313 2008 Apostolica,
1352 1928 1527 1991 illud
1561 1929 2043 2009 gravissimum
2092 1930 2732 2011 sanctissimumque
2769 1935 2901 2012 est,
2946 1949 3118 1994 sum·

134 2055 319 2102 mum
367 2036 691 2100 dominici
736 2036 964 2117 gregis
1009 2041 1353 2116 pastorem
1401 2041 1475 2101 et
1529 2042 1764 2119 caput,
1811 2038 1903 2101 ad
1948 2037 2357 2102 catholicam
2417 2038 2793 2103 Ecclesiam
2845 2039 3124 2119 provide

132 2144 556 2223 solerterque
601 2144 988 2224 regendam,
1046 2143 1320 2225 eligere,
1367 2145 1485 2224 qui
1528 2145 1603 2207 in
1651 2146 1837 2208 beati
1895 2146 2088 2209 Petri
2138 2147 2360 2209 locum
2420 2148 2809 2226 succedens,
2860 2147 3123 2211 Christi

130 2252 293 2315 Iesu
322 2251 399 2314 in
436 2252 648 2315 terris
681 2269 1040 2332 personam
1070 2256 1290 2332 gerat.
1327 2252 1525 2328 Quod
1557 2270 1711 2315 cum
1742 2251 2214 2333 intelligerent
2252 2254 2544 2317 Romani
2579 2254 2952 2318 Pontifices
2993 2254 3121 2318 De·

126 2376 435 2423 cessores
463 2359 728 2440 Nostri,
766 2378 846 2423 eo
871 2361 1117 2439 quavis
1143 2364 1374 2425 aetate
1401 2360 1675 2441 vigilem
1703 2378 1941 2425 curam
1972 2360 2412 2441 sedulamque
2448 2363 2935 2442 cogitationem
2965 2380 3119 2426 con·

133 2467 455 2530 tulerunt
482 2472 566 2530 ut
589 2467 710 2531 ille
736 2468 978 2530 modus
1001 2473 1072 2531 et
1099 2468 1266 2530 ordo
1300 2468 1374 2530 in
1402 2468 1715 2547 eligendo
1741 2468 2208 2544 adhiberetur,
2240 2470 2358 2547 qui
2395 2470 2494 2532 rei
2526 2468 2859 2549 gravitati
2890 2470 3126 2548 aptius

128 2575 760 2654 congruentiusque
803 2576 1266 2653 responderet.
1315 2573 1464 2649 Qua
1520 2575 1605 2638 de
1647 2592 1856 2637 causa
1905 2576 2139 2653 plures
2182 2593 2262 2638 ex
2312 2593 2386 2638 re
2440 2580 2513 2638 et
2553 2580 2857 2654 tempore
2900 2578 2987 2638 ab
3032 2577 3120 2638 iis

128 2681 684 2761 sapientissimae
717 2681 946 2745 editae
974 2686 1138 2743 sunt
1171 2681 1352 2761 leges
1383 2686 1467 2745 ut
1502 2680 1852 2760 negotium
1882 2681 2109 2761 ipsum
2143 2681 2302 2761 rite,
2344 2682 2647 2761 legitime
2680 2683 3126 2761 expediteque

128 2788 642 2852 absolveretur:
695 2806 869 2868 quas
902 2788 1088 2852 inter
1129 2788 1506 2868 principem
1544 2788 1861 2852 obtinent
1895 2787 2115 2852 locum
2153 2787 2706 2853 Constitutiones
2741 2807 2786 2853 a
2830 2789 2958 2853 Pio
2996 2790 3121 2869 IV,

129 2897 470 2978 Gregorio
501 2897 616 2960 XV
655 2900 728 2962 et
760 2897 1106 2962 Clemente
1140 2897 1272 2960 XII
1308 2900 1691 2977 opportune
1728 2897 2058 2961 sancitae.
3196 2970 3235 2986 μ

318 3005 598 3084 Verum,
638 3005 929 3068 decursu
971 3008 1305 3084 aetatum,
1343 3005 1606 3069 tactum
1650 3008 1759 3069 est
1790 3010 1874 3067 ut
1906 3006 2034 3069 hae
2070 3006 2153 3069 de
2198 3005 2506 3069 Roma-no
2539 3004 2852 3086 eligendo
2890 3007 3123 3070 Ponti·
3227 3004 3249 3047 '>

130 3114 255 3177 fice
297 3112 605 3176 indictae
644 3130 724 3176 ac
768 3112 1241 3193 promulgatae
1292 3114 1474 3191 leges
1516 3112 1764 3176 sensim
1809 3111 2181 3191 multiplici
2227 3112 2546 3192 varioque
2599 3131 2883 3177 numero
2924 3131 3122 3194 auge·

128 3226 417 3285 rentur:
455 3220 828 3285 nonnullae
856 3221 1091 3302 etiam,
1123 3224 1506 3301 temporum
1537 3221 1927 3284 rationibus
1957 3222 2439 3300 hominumque
2466 3222 2773 3285 moribus
2811 3223 3126 3302 mutatis,

128 3328 480 3392 obsoletae
515 3328 918 3392 evaderent:
958 3328 1062 3391 ita
1096 3334 1179 3391 ut
1205 3329 1390 3391 haud
1428 3328 1657 3408 exigui
1689 3330 1952 3392 laboris
1980 3347 2127 3392 esse
2158 3329 2476 3392 videatur
2507 3328 3121 3409 discernere-quae·

129 3453 290 3498 nam
333 3436 410 3497 in
447 3435 726 3498 Summo
766 3437 1054 3499 Pastore
1086 3435 1400 3516 eligendo
1432 3436 1766 3500 servanda
1803 3438 1968 3499 sint.

315 3543 462 3607 Nos
489 3543 731 3623 igitur,
768 3543 893 3606 hoc
923 3543 1420 3606 incommodum
1460 3547 1891 3622 praevertere
1928 3542 2256 3623 volentes,
2291 3559 2465 3623 quae
2496 3545 2578 3609 de
2610 3545 2918 3607 Romano
2950 3545 3122 3607 Pon·

127 3652 320 3715 tifice
352 3650 669 3730 eligendo
695 3668 740 3714 a
772 3650 1260 3714 Decessoribus
1299 3650 1579 3714 Nostris
1610 3651 1884 3714 decreta
1929 3656 2117 3730 sunt,
2157 3652 2387 3715 omnia
2417 3653 2493 3713 in
2529 3670 2735 3714 unam
2772 3652 3122 3717 Constitu·

125 3759 391 3822 tionem
429 3757 736 3838 digerere
772 3762 1235 3837 opportunum
1265 3759 1609 3838 duximus,
1644 3760 1961 3839 integris,
1995 3763 2328 3837 quantum
2362 3760 2508 3823 fieri
2544 3761 2799 3839 potuit,
2834 3761 3128 3825 servatis

124 3865 308 3945 ipsis
341 3865 648 3944 priorum
685 3866 1279 3929 constitutionum
1311 3866 1783 3948 praescriptiS,
1824 3867 1989 3946 quin
2020 3867 2230 3930 etiam
2262 3867 2487 3930 verbis
2524 3866 2714 3946 (licet
2742 3868 2927 3931 haud
2960 3885 3125 3932 sem·

129 3991 255 4051 per
302 3973 634 4036 uniformi
681 3972 847 4037 stilo
893 3973 1517 4053 respondentibus),
1566 3992 1741 4054 quae
1794 3974 2183 4038 veneranda
2237 3978 2549 4039 vetustas
2596 3976 2913 4055 sancivit,
2961 3992 3124 4039 non·

125 4081 353 4144 nullis
379 4083 610 4145 tamen
638 4081 953 4160 mutatis,
985 4082 1215 4160 prouti
1257 4082 1715 4160 opportunius
1745 4082 1962 4145 Nobis
1996 4082 2217 4144 visum
2250 4086 2378 4146 est.

323 4189 596 4268 Itaque,
648 4204 721 4252 re
761 4188 882 4250 diu
927 4206 1007 4251 ac
1046 4194 1318 4252 mature
1358 4206 1716 4269 perpensa,
1768 4193 1961 4253 certa
2003 4190 2296 4253 scientia
2333 4194 2405 4254 et
2448 4192 2732 4268 proprio
2780 4192 2995 4269 motu,
3041 4189 3127 4253 de

126 4296 576 4375 Apostolicae
621 4296 918 4360 Nostrae
960 4297 1329 4376 potestatis
1375 4297 1827 4378 plenitudine,
1878 4299 2054 4361 hanc
2098 4298 2705 4377 constitutionem,
2752 4315 2926 4377 quae
2981 4314 3127 4377 per-

128 4409 346 4482 petuo
387 4404 464 4465 in
505 4404 822 4467 futurum
876 4405 1126 4484 vigeat,
1173 4404 1372 4468 edere
1416 4406 1812 4482 statuimus,
1863 4422 2000 4484 qua
2046 4404 2331 4467 Sacrum
2385 4404 2862 4468 cardinalium
2909 4403 3124 4467 Colle·

125 4513 347 4591 gium,
390 4501 701 4575 Romana
731 4512 923 4575 Petri
961 4512 1132 4576 Sede
1163 4516 1473 4584 vacante,
1507 4516 1713 4591 atque
1753 4514 1829 4574 in
1865 4512 2171 4575 Romano
2213 4512 2548 4576 Pontifice
2581 4510 2893 4592 eligendo
2928 4511 3127 4575 unice

128 4622 406 4699 utatur,
434 4637 714 4699 eamque
741 4621 875 4682 vim
911 4620 1083 4700 legis
1108 4620 1357 4684 habere
1381 4620 1595 4683 sola-m
1628 4620 2078 4698 decernimus,
2108 4619 2461 4700 abrogatis
2494 4620 3129 4683 constitutionibus

125 4746 210 4792 ac
241 4728 563 4790 Decretis
596 4727 913 4790 omnibus
936 4731 1007 4791 et
1033 4726 1328 4806 singulis
1355 4746 1397 4790 a
1424 4728 1757 4790 Romanis
1789 4727 2243 4791 Pontificibus
2278 4728 2405 4790 hac
2434 4728 2518 4791 de
2551 4744 2625 4791 re
2651 4726 2884 4805 editis,
2916 4726 3126 4789 etiam

125 4836 203 4897 in
259 4833 597 4898 conciliis
639 4834 1072 4914 generalibus
1115 4834 1571 4914 promulgatis
1613 4839 1684 4898 et
1723 4836 1798 4897 in
1846 4851 2131 4913 corpore
2173 4834 2351 4897 iur‘is
2402 4833 2782 4897 conclusis:
2845 4837 3131 4912 excepta

124 4947 370 5007 tamen
407 4943 665 5006 Nostra
701 4942 1218 5007 Constitutione
1256 4963 1290 5002 «
1327 4922 1778 5014 Commissum
1823 4941 2040 5005 Nobis
2081 4963 2142 5022 »‚
2192 4941 2330 5005 diei
2378 4958 2479 5002 xx
2517 4942 2773 5005 mensis
2812 4940 3129 5003 Ianuarii

129 5049 441 5114 labentis
486 5051 679 5130 anni,
722 5051 805 5113 de
845 5050 1032 5112 civili
1072 5047 1247 5112 Veto
1300 5069 1419 5113 seu
1471 5047 1866 5124 Excluaiva,
1913 5051 2019 5112 uti
2061 5052 2330 5126 vocant,
2373 5049 2448 5111 in
2491 5048 2820 5112 electione
2866 5047 3129 5110 Summi

127 5157 523 5237 Pontificis,
551 5163 626 5221 et
649 5157 1162 5222 Constitutione
1193 5178 1228 5217 «
1257 5157 1821 5219 Praedecessores
1855 5157 2099 5219 Nostri
2131 5179 2164 5218 »
2204 5175 2357 5220 cum
2395 5156 2865 5219 Instructione
2902 5155 3132 5235 (vulgo

127 5264 649 5344 Reyolammto)
681 5266 975 5344 adiecta,
1005 5283 1052 5329 a
1074 5266 1191 5350 fel.
1220 5283 1352 5329 rec.
1381 5265 1602 5330 Leone
1623 5267 1796 5327 XIII
1821 5266 1937 5329 die
1964 5282 2136 5327 xxlv
2165 5265 2419 5327 mensis
2445 5265 2614 5327 Maii
2647 5279 3129 5325 Mocccnxxxn

128 5376 306 5439 data
347 5391 475 5452 pro
509 5373 1085 5437 extraordinariis
1122 5373 1679 5452 perturbatisque
1716 5377 2100 5452 temporum
2150 5371 2523 5451 adiunctis,
2569 5389 2768 5449 quam
2820 5373 2895 5433 in
2946 5371 3129 5432 futu·

127 5499 287 5544 rum
316 5497 609 5560 quoque,
637 5482 754 5544 ubi
779 5481 856 5544 in
882 5481 1122 5545 iisdem
1155 5480 1365 5545 Sedes
1396 5481 1800 5560 Apostolica
1829 5480 2343 5545 conditionibus
2374 5482 2708 5559 versetur,
2747 5482 3024 5558 praeter
3049 5494 3132 5541 ea

127 5590 389 5669 quibus
424 5591 552 5651 hac
581 5588 1097 5655 constitutione
1124 5590 1523 5668 derogatum
1556 5593 1687 5665 est,
1720 5590 1948 5669 vigere
1977 5590 2318 5669 integram
2358 5588 2691 5652 volumus.
