3753 5871
1577 316 1885 379 Ρωθΐᾶὶίῦ
3026 345 3229 392 mul

232 514 459 585 etiam
504 514 822 604 aliquem
873 536 915 586 e
959 536 1100 586 sua
1144 515 1445 588 natione
1492 516 1898 601 nominare,
1945 516 2095 607 qui,
2125 516 2297 589 licet
2342 524 2550 589 extra
2593 518 2869 591 Urbem
2917 537 3228 592 commo·

230 675 430 741 rans,
477 676 610 745 per
655 657 1007 746 epistolas
1054 657 1622 730 Consultoribus
1659 658 2090 730 adiutricem
2141 680 2443 749 operam
2475 660 2967 750 praestiturus
3011 670 3233 735 esset.

234 797 431 885 Quid
478 820 656 870 vero
702 819 794 870 ea
839 799 932 870 de
978 820 1056 871 re
1102 800 1448 871 concordi
1494 800 1743 870 animo
1797 799 2085 871 consilii
2138 800 2528 891 cepissent,
2574 801 2920 892 Episcopi
2982 802 3230 894 singu-

234 940 469 1012 larum
520 940 908 1013 nationum
956 963 1088 1031 per
1132 942 1539 1032 digniorem
1588 943 1703 1012 vel
1750 942 2241 1033 antiquiorem
2290 964 2381 1015 ex
2426 944 2519 1015 iis
2566 946 2914 1016 Sanctam
2962 944 3223 1017 Sedem

231 1080 618 1153 certiorem
665 1083 1073 1155 redderent.

409 1223 598 1294 Tum
646 1245 820 1298 vero
874 1226 1210 1298 Pontifex
1259 1226 1661 1299 Consilium
1713 1248 1847 1299 seu
1892 1227 2485 1315 Οοσκηιίωίοηεηι,
2522 1229 2614 1300 de
2659 1250 2809 1320 qua
2848 1229 2923 1300 in
2969 1227 3231 1302 litteris

231 1368 568 1437 Arduum
611 1389 792 1438 same
832 1390 1128 1452 manu,
1175 1368 1578 1452 constituit,
1625 1368 1703 1439 in
1751 1389 2064 1459 eamque
2127 1367 2439 1440 adscivit
2487 1370 2745 1442 Patres
2798 1371 3228 1444 Cardinales

235 1506 735 1595 Seraphinum
810 1508 1263 1595 Vannutelli,
1335 1508 1739 1580 Antonium
1819 1508 2174 1600 Agliardi,
2237 1510 2703 1583 vincentium
2774 1512 3228 1599 Vannutelli,

236 1650 708 1723 Franciscum
789 1652 1078 1739 Satolli,
1144 1653 1549 1725 Marianum
1627 1653 2020 1743 Rampolla
2093 1653 2213 1725 del
2274 1653 2633 1741 Tindaro,
2700 1656 3222 1745 Hieronymum

235 1815 323 1884 Μ.
380 1812 608 1901 Gotti,
665 1814 1131 1886 Dominicum
1197 1814 1520 1895 Ferrata,
1574 1814 2047 1885 Franciscum
2114 1834 2160 1884 a
2219 1814 2453 1886 Paula
2517 1814 2878 1901 Cassetta,
2942 1815 3231 1889 Franci-

234 1977 442 2027 scum
508 1956 1024 2029 Desideratum
1082 1956 1430 2042 Mathieu,
1486 1956 1924 2028 Casimirum
1992 1957 2337 2043 Gennari‚
2394 1957 2913 2031 Beniaminum
2979 1958 3231 2031 Cavic-

233 2097 502 2183 chioni,
568 2098 936 2171 Andream
1009 2097 1475 2184 Steinhuber‚
1538 2097 2010 2170 Franciscum
2084 2097 2353 2190 Segna,
2409 2098 2811 2189 Iosephum
2881 2098 3231 2172 Calasan-

229 2241 459 2312 ctium
501 2240 722 2311 Vives
775 2262 821 2329 y
882 2240 1097 2326 Tuto,
1145 2241 1461 2313 Felicem
1526 2240 1891 2331 Cavagnis
1953 2246 2027 2312 et
2086 2241 2537 2332 Raphaelem
2601 2240 2837 2330 Merry
2899 2242 3016 2314 del
3072 2242 3227 2314 Val.

231 2384 453 2456 Haud
498 2384 604 2454 ita
659 2383 893 2455 multo
939 2390 1133 2473 post,
1163 2405 1313 2474 quo
1359 2404 1480 2456 res
1525 2382 1836 2456 celerius
1883 2390 1957 2455 et
2003 2384 2417 2474 expeditius
2470 2384 2919 2474 procederet,
2964 2384 3232 2457 delibe-

231 2527 425 2598 ravit
480 2524 821 2600 Pontifex
874 2526 1079 2598 aliud
1132 2526 1499 2617 peculiare
1545 2525 1954 2599 Consilium
2004 2526 2412 2613 instituere,
2458 2528 2682 2618 inque
2736 2528 2916 2599 illud
2972 2529 3230 2601 Patres

232 2667 663 2739 Cardinales
717 2667 1094 2759 cooptavit
1146 2667 1613 2740 Dominicum
1677 2667 2002 2754 Petram,
2048 2667 2362 2740 Felicem
2428 2667 2817 2760 Cavagnis,
2864 2669 3231 2741 Beniami-

230 2830 409 2880 num
461 2807 953 2895 Cavicchioni,
987 2807 1428 2881 Casimirum
1479 2808 1801 2882 Gennari
1847 2817 1922 2881 et
1975 2809 2364 2901 losephum
2414 2809 2962 2883 Calasanctium
3010 2811 3230 2884 Vives

226 2981 273 3047 y
308 2960 537 3045 Tuto;
570 2960 663 3032 iis
692 2981 890 3046 vero,
909 2938 1160 3031 ‚morte
1198 2959 1646 3050 interceptis,
1678 2958 1966 3032 suffecit
2008 2959 2358 3050 deinceps
2390 2959 2822 3032 Cardinales
2868 2959 3232 3032 Sebastia-

228 3124 408 3174 num
445 3103 859 3191 Martinelli,
893 3102 1331 3175 Caietanum
1362 3102 1471 3174 De
1503 3102 1656 3190 Lai,
1690 3102 2048 3175 Basilium
2082 3102 2423 3193 Pompili,
2463 3101 2895 3175 Caietanum
2948 3102 3228 3189 Bisleti,

229 3245 675 3318 Gulielmum
739 3267 887 3349 van
944 3246 1266 3317 Rossum
1288 3300 1306 3331 ,
1359 3243 1821 3317 vincentium
1888 3231 2335 3330 Vannutelli,
2398 3244 2823 3316 Michaelem
2896 3245 3091 3336 Lega
3156 3252 3231 3317 et

234 3389 656 3480 Philippum
705 3388 1047 3461 Giustini.

410 3530 695 3624 Delegit
739 3538 992 3604 autem
1037 3531 1380 3604 Pontifex
1427 3531 1892 3604 Cardinalem
1946 3531 2242 3603 Petrum
2297 3530 2666 3638 Gasparri,
2719 3535 2882 3602 tum
2935 3529 3231 3602 Archie·

232 3675 614 3765 piscopum
663 3673 881 3746 titulo
914 3673 1469 3747 Caesariensem
1518 3685 1593 3747 et
1639 3695 1686 3745 a
1715 3672 2037 3747 Secretis
2062 3673 2331 3746 Sacrae
2356 3672 2972 3765 Congregationis
3001 3679 3233 3746 extra-

224 3815 622 3887 ordinariis
654 3815 1022 3888 Ecclesiae
1068 3815 1386 3907 negotiis
1429 3817 1921 3907 praepositae,
1968 3817 2095 3906 qui
2142 3816 2211 3888 ei
2245 3814 2575 3886 Consilio
2622 3822 2820 3887 esset
2863 3816 2959 3887 ab
3005 3820 3227 3887 actis:

226 3966 469 4031 totum
527 3960 747 4032 simul
814 3980 1025 4050 opus,
1094 3960 1296 4051 quod
1362 3962 1848 4031 cancellariae
1915 3964 2209 4046 vocant,
2275 3959 2510 4030 eidem
2588 3958 2856 4029 Sacrae
2918 3956 3231 4049 Congre-

224 4103 540 4197 gationi;
595 4123 848 4174 curam
909 4123 1085 4174 vero
1145 4123 1632 4193 quaecunque
1678 4108 2147 4174 occurrerent
2207 4101 2472 4173 edendi
2520 4101 2854 4173 officinae
2900 4106 3229 4191 typogra-

227 4245 492 4335 phicae
537 4246 937 4319 Vaticanae
999 4246 1491 4318 demandavit.

409 4389 874 4463 Pontificium
895 4388 1303 4461 Consilium
1337 4389 1413 4460 id
1444 4388 1518 4459 in
1545 4389 1804 4479 primis
1828 4388 2137 4474 studuit,
2160 4393 2244 4460 ut
2267 4387 2574 4460 idoneos
2600 4386 3040 4459 adscisceret
3064 4385 3227 4473 sibi,

231 4534 572 4605 Romano
621 4532 975 4608 Pontiflce
1022 4533 1403 4622 probante,
1452 4531 1966 4618 Consultores3
2016 4530 2286 4622 delegit
2315 4552 2491 4603 vero
2537 4513 2696 4601 tum
2744 4550 2830 4600 ex
2881 4527 3228 4618 peritissi-

233 4676 375 4746 mis
423 4675 803 4747 Romanae
834 4675 1098 4746 Curiae
1145 4673 1524 4761 Praelatis,
1553 4679 1710 4745 tum
1749 4694 1836 4745 ex
1869 4673 2179 4764 egregiis
2226 4673 2400 4744 cleri
2432 4671 2789 4762 regularis
2821 4669 3223 4756 sodalibus,

227 4826 385 4889 tum
434 4839 525 4889 ex
574 4817 741 4889 aliis
786 4838 1161 4890 sacrarum
1209 4816 1763 4907 disciplinarum
1827 4814 2260 4898 cultoribus,
2309 4813 2413 4885 ita
2471 4813 2792 4904 quidem,
2839 4817 2923 4883 ut
2981 4832 3074 4882 ex
3135 4811 3225 4884 iis

229 4961 599 5045 omnibus,
645 4966 721 5034 et
779 4960 978 5032 italis
1037 4965 1112 5032 et
1168 4960 1510 5045 externis,
1563 4961 1913 5049 frequens
1978 4956 2184 5030 brevi
2247 4955 2934 5045 amplissimumque
2989 4954 3226 5027 Colle-

226 5105 430 5196 gium
477 5104 939 5188 coalesceret,
988 5103 1129 5189 cui,
1177 5104 1268 5175 de
1327 5104 1674 5174 mandato
1740 5100 2137 5186 Pontificis,
2184 5098 2500 5190 praefuit
2552 5098 2745 5169 idem
2810 5097 3225 5171 Cardinalis

232 5249 604 5339 Gasparri.
2757 5235 2762 5242 ⁸

410 5391 578 5478 Quo
603 5396 850 5463 autem
874 5390 1289 5481 expeditius
1323 5388 1697 5481 negotium
1729 5386 2236 5473 conficeretur,
2257 5384 2667 5476 peculiares
2696 5385 2855 5491 duo
2881 5405 2922 5455 e
2945 5384 3224 5476 gremio

235 5535 470 5627 ipsius
518 5533 821 5626 Collegii
866 5533 1088 5606 eliciti
1132 5533 1661 5624 constitutique
1722 5537 1899 5603 sunt
1944 5530 2220 5603 Coetus
2265 5551 2399 5602 seu
2448 5529 2992 5602 &missiones
3038 5548 3225 5619 quas

358 5678 556 5732 occo·
589 5675 750 5732 lma
784 5675 1082 5730 σιηοικοι.
