3753 5871
554 341 658 401 148
1684 345 1881 397 Gom
1926 345 1957 396 1
1961 344 2089 395 uda
2128 345 2409 398 canonici

730 533 764 615 ξ
810 532 876 598 2.
927 536 994 599 Α
1026 534 1341 601 decretis
1373 534 1808 602 Visitatoris
1839 555 2183 602 recursus
2210 537 2438 605 datur
2467 537 2545 604 in
2578 538 2997 607 devolutivo
3027 544 3347 623 tantum,
3389 541 3540 609 nisi

556 641 922 710 visitator
963 641 1220 709 ordine
1253 642 1648 709 iudiciario
1687 644 2131 727 processerit
2163 644 2212 712 ¹.

1839 840 2017 908 CAN.
2054 841 2207 907 514.

726 979 760 1061 ξ
808 982 873 1046 1.
925 980 1016 1045 In
1054 980 1251 1047 omni
1299 979 1651 1064 religione
1694 980 2024 1047 clericali
2059 980 2178 1047 ius
2212 987 2287 1048 et
2333 980 2645 1048 officium
2687 980 3209 1065 Superioribus
3253 991 3369 1059 est
3404 1001 3540 1067 per

548 1104 626 1156 se
656 1090 771 1156 vel
804 1107 935 1173 per
964 1089 1194 1155 alium
1225 1089 1549 1173 aegrotis
1580 1088 1960 1173 professis,
1998 1089 2326 1185 novitiis,
2360 1089 2619 1158 aliisve
2657 1091 2738 1157 in
2772 1090 3117 1175 religiosa
3155 1091 3372 1158 domo
3400 1091 3536 1161 diu

550 1203 916 1281 noctuque
954 1197 1390 1282 degentibus
1440 1216 1667 1265 causa
1718 1197 2131 1265 famulatus
2171 1203 2305 1266 aut
2347 1197 2807 1267 educationis
2858 1204 2992 1267 aut
3039 1199 3344 1283 hospitii
3397 1207 3539 1268 aut

546 1304 881 1374 infirmae
918 1306 1393 1388 valetudini&
1435 1306 2031 1374 Eucharisticum
2071 1307 2447 1376 viaticum
2506 1312 2584 1376 et
2642 1310 3040 1375 extremam
3114 1309 3534 1377 unctionem

548 1400 1023 1481 ministrandi
1070 1414 1120 1481 ².

725 1528 758 1609 ξ
805 1528 871 1593 2.
923 1529 1014 1594 In
1056 1528 1488 1598 monialium
1526 1529 1743 1596 domo
1780 1530 1971 1597 idem
2013 1530 2131 1597 ius
2166 1536 2242 1599 et
2283 1530 2595 1600 officium
2635 1530 2856 1599 babet
2893 1530 3316 1598 ordinarius
3362 1549 3527 1598 con·

545 1634 903 1703 fossarius
937 1638 1053 1704 vel
1085 1637 1211 1721 qui
1239 1637 1399 1704 eius
1435 1637 1630 1704 vices
1660 1635 1867 1722 gerit·
1891 1638 1942 1704 ³.

724 1747 757 1827 ξ
803 1747 869 1812 3.
921 1748 1014 1813 In
1043 1748 1194 1815 alia
1228 1748 1580 1835 religione
1612 1749 1861 1816 laicali
1897 1749 2031 1825 hoc
2064 1751 2183 1818 ius
2214 1754 2292 1819 et
2320 1750 2632 1822 officium
2666 1756 2954 1836 spectat
2992 1752 3088 1819 ad
3128 1743 3546 1836 parochum‘

546 1855 687 1929 loci
720 1856 836 1923 vel
875 1857 972 1924 ad
1004 1858 1520 1942 cappellanum
1567 1877 1777 1944 quem
1813 1859 2259 1927 ordinarius
2294 1859 2617 1944 parocho
2649 1859 3023 1929 suffecerit
3065 1861 3160 1928 ad
3198 1878 3531 1949 normam

541 1981 707 2030 can.
743 1964 897 2048 464,
936 1964 970 2048 ξ
1004 1964 1069 2030 2.

722 2077 755 2159 ξ
802 2080 867 2141 4.
919 2077 1010 2142 In
1044 2077 1432 2145 funeribus
1463 2083 1799 2146 servetur
1829 2080 2369 2164 praescriptum
2402 2098 2566 2147 can.
2612 2080 2802 2163 1221,
2841 2080 3036 2164 1230,
3077 2080 3112 2164 ᾗ
3154 2080 3220 2147 5.

1823 2272 2002 2339 CAN.
2044 2272 2196 2338 515.

718 2411 1214 2481 Prohibentur
1255 2412 1464 2481 tituli
1495 2413 1948 2498 dignita-tum
1983 2412 2100 2481 vel
2132 2412 2532 2482 officiorum
2574 2430 2770 2480 mere
2812 2412 3217 2496 bonorifici;
3259 2413 3426 2494 soli,
3464 2413 3532 2480 si

542 2523 619 2590 id
648 2524 1088 2607 permittant
1112 2523 1708 2606 constitutiones,
1739 2524 2158 2590 tolerantur
2183 2522 2392 2591 tituli
2418 2521 2818 2592 officiorum
2844 2522 3232 2605 maiorum,
3261 2523 3534 2606 quibus

547 2630 870 2717 religiosi
903 2631 982 2696 in
1025 2631 1327 2715 propria
1371 2631 1725 2716 religione
1767 2648 2025 2715 reapse
2058 2630 2302 2697 functi
2337 2631 2491 2698 sint
2529 2630 2583 2697 ⁴.

1828 2824 2007 2891 CAN.
2043 2823 2196 2891 516.

719 2966 751 3048 ξ
799 2968 864 3031 1.
918 2967 1322 3050 Supremas
1355 2965 1733 3050 religionis
1771 2971 1906 3034 aut
1936 2966 2386 3070 monasticae
2427 2965 3038 3050 congregationis
3074 2965 3530 3050 Moderator,

541 3075 897 3159 Superior
925 3076 1404 3161 provincialis
1438 3081 1514 3144 et
1550 3076 1808 3144 localis
1836 3077 2099 3144 saltem
2128 3076 2494 3143 formatae
2522 3075 2783 3142 domus
2812 3075 3132 3142 habeant
3159 3093 3332 3142 suos
3359 3093 3530 3142 con·

538 3186 887 3269 siliarioS,
925 3204 1234 3270 quorum
1267 3204 1701 3253 consensum
1742 3191 1876 3252 aut
1905 3185 2299 3253 consilium
2339 3186 2733 3270 exquirant
2763 3185 2858 3251 ad
2894 3201 3223 3251 normam
3255 3184 3527 3252 consti·

539 3293 912 3360 tutionum
947 3301 1024 3363 et
1055 3313 1432 3362 sacrorum
1469 3314 1833 3365 canonum
1880 3295 1934 3363 ⁸.

714 3406 747 3489 ξ
774 3406 839 3472 2.
875 3408 1044 3474 Sint
1072 3409 1295 3480 etiam
1322 3426 1458 3491 pro
1488 3407 2137 3474 administratione
2170 3408 2523 3474 bonorum
2551 3406 3068 3490 temporalium
3098 3406 3517 3473 oeconomi:

537 3517 903 3600 generalis
932 3517 1058 3600 qui
1090 3516 1470 3601 religionis
1509 3517 1893 3584 universae
1925 3514 2115 3586 bona
2150 3516 2647 3596 administret,
2690 3514 3168 3599 provincialis
3202 3514 3328 3599 qui
3361 3532 3523 3598 pro-

536 3627 846 3707 vinciae,
887 3625 1147 3693 localis
1184 3627 1312 3710 qui
1348 3626 1810 3709 singularum
1849 3626 2254 3707 domorum3
2303 3627 2429 3710 qui
2468 3642 2716 3692 omnes
2764 3624 3000 3692 officio
3037 3643 3173 3691 suo
3210 3623 3522 3708 fungan-

539 3737 666 3800 tur
709 3735 845 3801 sub
885 3734 1290 3802 directione
1329 3735 1750 3819 Superioris
1788 3734 1840 3802 ⁸.

714 3846 747 3928 ἓ
794 3846 861 3913 3.
912 3846 1304 3914 Oeconomi
1341 3846 1708 3932 generalis
1745 3850 1822 3913 et
1856 3844 2336 3930 provincialis
2370 3862 2639 3912 munus
2683 3862 2935 3930 gerere
2973 3844 3331 3928 Superior
3367 3843 3530 3928 ipse

540 3975 685 4025 non
722 3961 988 4042 potest,
1022 3975 1291 4023 munus
1326 3975 1500 4024 vero
1543 3956 1916 4024 oeconomi
1952 3956 2235 4039 locaIiS,
2286 3954 2619 4039 quamvis
2663 3954 2928 4021 melius
2964 3972 3011 4020 a
3049 3972 3349 4022 munere
3391 3954 3525 4022 Su·

535 4067 878 4152 perioris·
908 4067 1444 4152 distinguatur,
1494 4065 1835 4150 componi
1885 4071 2133 4133 tamen
2184 4083 2352 4132 cum
2405 4083 2491 4132 eo
2541 4068 2810 4149 potest,
2866 4064 2931 4130 si
2982 4063 3384 4131 necessitas
3444 4062 3527 4131 id

533 4177 807 4263 exigat.

715 4291 749 4373 ξ
796 4291 863 4355 4.
916 4289 998 4357 Si
1038 4290 1129 4357 de
1171 4288 1386 4362 modo
1422 4305 1849 4356 oeconomos
1888 4287 2207 4373 eligendi
2255 4286 2826 4354 constitutiones
2866 4285 3161 4364 sileant,
3205 4301 3250 4349 a
3295 4282 3525 4367 Supe-

537 4403 729 4470 riore
767 4401 1043 4467 maiore
1071 4417 1239 4466 cum
1269 4415 1626 4465 consensu
1663 4397 1781 4463 sui
1820 4396 2134 4464 Consilii
2165 4397 2562 4478 eligantur.

713 4697 735 4733 ¹
774 4696 1130 4774 Qenedictus
1162 4696 1313 4756 xlv,
1349 4697 1533 4747 const.
1574 4710 1605 4746 ι
1651 4694 1742 4745 Λα
1774 4692 2094 4745 ”naitanus
2129 4709 2179 4755 ι,
2215 4694 2283 4746 30
2319 4696 2494 4746 mart.
2531 4694 2687 4755 un,
2721 4694 2747 4755 ἦ
2784 4694 2836 4756 6,
2884 4696 2967 4755 10,
3014 4693 3184 4754 19-21,
3223 4693 3304 4757 243
3351 4693 3412 4748 S.
3454 4696 3522 4748 Ο.

536 4787 639 4847 Dp.
675 4790 737 4839 et
778 4786 941 4847 Reg„
979 4785 1320 4842 Tor-nacon„
1362 4785 1429 4837 19
1461 4787 1575 4836 oct.
1610 4784 1759 4843 1621,
1803 4783 1882 4835 ad
1917 4785 1966 4844 1:
2003 4782 2586 4842 Anouatinianorum,
2623 4782 2687 4835 29
2723 4783 2843 4834 ian.
2882 4783 3030 4835 1649.

706 4877 731 4912 ²
774 4875 837 4926 C.
878 4874 961 4934 16,
997 4874 1064 4935 X,
1106 4874 1176 4923 de
1222 4873 1559 4924 accessibus
1594 4872 1996 4934 praelatorum
2032 4877 2091 4924 et
2130 4873 2518 4929 subditorum.
2560 4872 2628 4932 V,
2666 4872 2749 4932 31:
2787 4884 2837 4923 c.
2877 4873 2929 4933 1,
2979 4874 3051 4923 ae
3097 4870 3429 4931 emacem
3468 4875 3528 4923 ot

531 4963 867 5014 occassione
910 4962 1435 5028 mvikaiatorum,
1483 4963 1552 5024 V,
1606 4962 1658 5022 7,
1712 4961 1779 5012 ln
1821 4961 2024 5022 Clem.;
2060 4960 2127 5013 S.
2173 4961 2238 5013 C.
2285 4961 2392 5022 Ep.
2448 4964 2511 5013 et
2555 4960 2720 5021 neg„
2766 4959 3058 5019 Par-men..
3101 4959 3168 5011 21
3212 4960 3319 5012 lul.
3378 4961 3528 5022 1848:

534 5055 593 5104 S.
630 5053 695 5104 C.
730 5051 817 5113 0.,
850 5051 1265 5122 mediolanen„
1304 5062 1505 5103 mense
1536 5052 1658 5102 iun.
1693 5050 1840 5110 1587,
1876 5050 1955 5101 ad
1989 5050 2040 5110 5;
2069 5050 2102 5101 7
2136 5062 2269 5111 aug.
2306 5048 2454 5110 1683,
2498 5048 2576 5100 ad
2616 5050 2667 5099 1.

704 5146 728 5181 ³
769 5140 827 5192 S.
872 5140 936 5192 Ο.
976 5142 1082 5201 Dp.
1116 5143 1178 5192 et
1210 5140 1373 5202 neg..
1419 5140 1824 5197 caesenatem,
1866 5149 2067 5190 mense
2100 5139 2257 5189 maio
2292 5137 2442 5197 1788,
2476 5137 2555 5188 ad
2591 5138 2643 5197 1,
2679 5138 2729 5189 2.

707 5236 734 5270 ⁴
771 5230 914 5281 Pius
939 5230 1005 5289 x,
1034 5232 1195 5282 motu
1224 5242 1416 5290 propr.
1451 5244 1487 5280 ι
1515 5228 1639 5289 Quo
1665 5227 1854 5289 manu
1885 5244 1933 5286 n.
1967 5228 2032 5280 23
2055 5230 2168 5280 oct.
2200 5229 2350 5287 1911,
2380 5240 2437 5278 n.
2477 5227 2645 5288 v111;
2681 5226 2739 5279 S.
2771 5226 2837 5278 G.
2869 5227 2974 5287 Ep.
3007 5229 3070 5278 et
3104 5226 3270 5289 neg„
3302 5227 3339 5278 8
3367 5228 3518 5281 febr.

530 5321 675 5372 1718.

705 5413 731 5448 ⁸
771 5409 829 5459 S.
862 5409 927 5461 O.
961 5408 1034 5459 de
1065 5407 1397 5469 Religiosis‚
1441 5407 1613 5460 instr.
1646 5407 1713 5460 30
1742 5408 1844 5458 iul.
1882 5407 2029 5468 1909,
2065 5419 2124 5458 n.
2159 5406 2208 5467 Ι,
2247 5405 2330 5466 11,
2364 5405 2466 5458 VI.

592 5527 599 5534 ·
707 5504 731 5539 ⁶
769 5498 941 5550 Cone.
982 5496 1269 5556 Trident„
1303 5509 1446 5548 sess,
1478 5496 1644 5556 XXV,
1678 5497 1752 5546 de
1788 5494 2180 5555 reamur-ibae,
2218 5506 2269 5547 c.
2304 5495 2352 5545 2.
