3753 5871
1562 156 1924 207 Documenta
3128 153 3238 212 689

263 347 612 421 praetextu
662 360 736 405 se
769 344 1206 419 interponere
1261 343 1387 404 aut
1452 341 1761 419 ingerere
1821 341 1898 403 in
1960 341 2154 420 gravi
2214 341 2492 420 negotio
2547 341 2900 405 electionis
2940 342 3229 405 Romani

261 448 632 512 Pontificis.

434 556 884 630 Quamobrem
916 557 992 618 in
1024 555 1283 618 virtute
1316 558 1596 619 sanctae
1626 556 2076 636 obedientiae,
2111 556 2239 618 sub
2269 556 2830 620 interminatione
2872 556 3089 621 divini
3132 557 3228 619 iu-

260 663 416 725 dicii
457 668 530 726 et
578 680 797 742 poena
837 661 1558 727 excommunicationis
1602 664 1787 726 latae
1831 663 2214 726 sententiae
2267 662 2548 742 speciali
2593 664 2795 728 modo
2845 667 3232 727 reservatae

261 771 496 834 futuro
524 769 871 847 Pontifici,
904 787 1136 832 omnes
1170 775 1243 833 et
1271 770 1577 849 singulos
1610 771 1679 831 S.
1716 771 1796 832 R.
1835 772 1917 832 E.
1951 766 2380 848 Cardinales,
2417 775 2562 833 tam
2601 773 2997 850 praesentes
3029 786 3228 848 quam

257 877 550 950 tuturos,
596 876 989 955 pariterque
1033 874 1489 939 secretarium
1545 876 1615 937 S.
1662 874 1951 954 Collegii
1997 875 2471 938 Gardinalium
2522 874 2831 955 aliosque
2874 892 3108 939 omnes
3157 876 3228 937 iu

256 982 573 1046 Conclavi
614 986 879 1062 partem
918 984 1269 1060 habentes,
1309 981 1766 1061 prohibemus,
1807 999 1917 1062 ne,
1957 983 2196 1061 quovis
2233 986 2620 1062 praetextu,
2669 999 2716 1045 a
2762 983 3006 1062 quavis
3042 982 3228 1046 civili

256 1093 594 1168 potestate
636 1106 887 1152 munus
925 1090 1267 1168 recipiant
1306 1089 1476 1151 Veto
1522 1090 1664 1154 sive
1701 1088 2167 1167 Emlusivam,
2203 1090 2413 1154 etiam
2455 1091 2581 1152 sub
2628 1091 2849 1154 forma
2899 1087 3232 1169 simplicis

254 1195 597 1275 desiderii,
631 1197 1076 1276 proponendi,
1108 1196 1415 1275 ipsumve
1445 1199 1570 1260 hoc
1602 1195 1801 1272 Veto,
1829 1197 2137 1276 qua-libet
2165 1197 2434 1261 ratione
2468 1197 2599 1260 sibi
2636 1197 3011 1277 cognitum,
3044 1199 3225 1278 pate·

254 1303 518 1367 faciant
561 1303 703 1367 sive
745 1304 1066 1366 universo
1119 1304 1594 1367 cardinalium
1641 1303 1947 1383 collegio
1993 1304 2197 1366 simul
2253 1309 2688 1384 congrega-to,
2740 1305 2883 1368 sive
2938 1305 3232 1385 singulis

259 1411 662 1490 purpuratis
693 1411 1044 1490 Patribus,
1073 1411 1220 1474 sive
1254 1411 1536 1490 scripto,
1571 1412 1711 1473 sive
1744 1427 1884 1489 ore,
1931 1411 2072 1475 sive
2105 1411 2368 1475 directo
2407 1428 2489 1474 ac
2526 1412 2853 1491 proxime,
2890 1412 3034 1474 sive
3067 1403 3229 1474 obliss

250 1534 381 1595 que
411 1534 495 1581 ac
535 1534 658 1596 per
696 1516 895 1580 alios.
934 1518 1156 1592 Quam
1189 1515 1716 1595 prohibitionem
1759 1516 2036 1579 extendi
2073 1517 2384 1578 volumus
2426 1516 2516 1579 ad
2554 1520 2966 1602 memoratos
2996 1533 3229 1580 omnes

248 1625 699 1702 interventus,
736 1624 1262 1688 intercessiones
1293 1623 1600 1702 aliosque
1635 1623 1873 1686 modos
1909 1622 2273 1704 quoslibet,
2311 1624 2559 1701 quibus
2595 1623 2810 1687 laicae
2850 1626 3231 1702 potestates

249 1731 615 1795 cuiuslibet
653 1731 913 1810 gradus
945 1735 1018 1795 et
1055 1730 1324 1794 ordinis
1356 1729 1703 1796 voluerint
1733 1748 1880 1795 sese
1912 1731 1986 1792 in
2030 1731 2389 1795 Pontificis
2423 1729 2754 1795 electione
2784 1730 3184 1794 immiscere.

432 1837 687 1902 Iisdem
721 1838 1034 1917 denique,
1081 1837 1330 1917 quibus
1366 1837 1772 1901 Decessores
1806 1838 2071 1918 Nostri,
2111 1838 2411 1917 vocibus,
2453 1837 2523 1901 S.
2564 1838 2647 1902 R.
2690 1839 2772 1900 E.
2822 1835 3232 1902 Cardinales

247 1945 674 2009 vehementer
704 1945 1085 2024 hortamur,
1118 1949 1203 2008 ut
1233 1945 1306 2007 in
1344 1943 1655 2025 eligendo
1689 1946 2048 2024 Pontifice,
2090 1943 2492 2023 Principum
2509 1944 2986 2034 ‘mevulanum
3018 1944 3227 2006 intor-

245 2049 669 2114 ocsaiom‘bus
700 2051 1077 2128 oeteo-teque
1106 2051 1476 2113 mundanis
1507 2051 1931 2129 respectibus
1964 2051 2242 2113 minime
2275 2038 2569 2114 attentis
2615 2053 2665 2131 ²,
2701 2052 2819 2116 sed
2856 2052 3056 2117 unice
3098 2051 3224 2117 Dei

242 2158 536 2237 gloriam
577 2162 650 2222 et
684 2158 1032 2223 Ecclesiae
1073 2160 1323 2221 bonum
1359 2176 1525 2238 prae
1559 2147 1777 2223 oculis
1810 2160 2162 2238 habentes,
2204 2160 2280 2221 in
2315 2176 2470 2235 eum
2505 2177 2630 2222 sua
2673 2163 2836 2223 vota
2869 2159 3229 2224 conferant

241 2281 445 2342 quem
479 2265 852 2330 universali
884 2265 1231 2330 Ecclesiae
1268 2266 1624 2330 fructuose
1651 2266 2052 2345 utiliterque
2081 2266 2566 2346 gubernandae
2603 2283 2771 2345 prae
2805 2266 3056 2330 ceteris
3086 2267 3226 2330 ido·

239 2388 449 2435 neum
485 2372 560 2435 in
595 2373 890 2436 Domino
921 2373 1399 2436 iudicaverint.
1438 2373 1775 2437 Volumus
1813 2374 2024 2437 etiam
2060 2372 2356 2447 Nostras
2397 2374 2523 2437 has
2557 2373 2861 2437 Litteras
2892 2390 3035 2451 una
3074 2390 3224 2436 cum

242 2478 418 2542 aliis
453 2479 524 2542 id
564 2496 778 2558 genus
816 2479 1450 2544 constitutionibus
1497 2480 1634 2559 legi
1674 2496 1903 2543 coram
1947 2479 2263 2544 omnibus
2300 2480 2375 2541 in
2420 2480 2645 2559 prima
2686 2478 3231 2559 congregatione

239 2590 407 2675 post
438 2586 696 2649 obitum
737 2586 1099 2649 Pontificis
1131 2586 1364 2650 haberi
1400 2584 1628 2661 solita3
1661 2602 1908 2649 rursus
1945 2589 2104 2665 post
2144 2584 2525 2664 ingressum
2558 2585 2632 2646 in
2665 2583 3020 2662 Oonclave;
3061 2585 3226 2648 item

238 2709 401 2755 cum
429 2692 584 2771 quis
608 2693 698 2756 ad
729 2707 1076 2772 purpurae
1105 2694 1425 2756 honorem
1456 2693 1671 2757 tuerit
1708 2697 2006 2773 evectus,
2035 2692 2453 2772 interposito
2482 2694 2910 2756 sacramento
2948 2693 3037 2756 de
3072 2692 3223 2755 reli-

236 2800 435 2878 giose
463 2799 845 2863 retinendis
874 2800 987 2877 iis,
1024 2817 1198 2878 quae
1235 2800 1311 2862 in
1348 2800 1695 2879 praesenti
1735 2799 2253 2864 Constitutione
2292 2798 2568 2863 decreta
2601 2803 2785 2862 sunt.

430 2905 819 2970 Contrariis
862 2907 1067 2987 quibu
1076 2923 1417 2987 ecumque,
1463 2908 1671 2972 etiam
1717 2907 1998 2986 speciali
2044 2906 2149 2971 vel
2195 2906 2697 2986 specialissima·
2740 2905 3086 2970 mentione
3127 2906 3222 2970 di-

235 3013 423 3093 gnis,
456 3014 736 3079 minime
774 3014 1233 3078 obstantibus.

433 3122 627 3204 Nulli
662 3140 827 3202 ergo
860 3121 1207 3185 hominum
1244 3121 1452 3186 licea-t
1486 3123 1661 3185 hanc
1698 3122 2019 3202 paginam
2065 3121 2359 3186 Nostrae
2392 3121 2852 3201 inhibitionis,
2890 3120 3227 3198 mandati,

232 3226 758 3306 declarationis,
804 3227 1301 3307 innodationis,
1350 3228 1755 3306 voluntatis,
1811 3227 2328 3303 admonitionis,
2380 3227 2818 3305 hortationis,
2878 3228 3225 3306 praecepti

231 3333 621 3414 infringere
661 3336 764 3398 vel
799 3335 864 3398 ei
898 3352 1072 3398 ausu
1107 3335 1471 3399 temerario
1504 3335 1871 3398 contraire.
1914 3334 1988 3397 si
2021 3333 2178 3413 quis
2211 3337 2440 3397 autem
2484 3333 2610 3396 hoc
2642 3336 2992 3397 attentare
3034 3350 3224 3413 prae·

232 3441 639 3520 sumpserit.
667 3440 1210 3521 indignationem
1240 3442 1751 3520 omnipotentis
1777 3442 1932 3515 Dei,
1957 3445 2031 3505 et
2064 3442 2473 3504 Sanctorum
2497 3441 2687 3504 Petri
2720 3443 2794 3505 et
2816 3438 3021 3503 Pauli
3047 3441 3220 3518 Apo-

230 3547 579 3611 stolorum
618 3546 777 3613 eius
815 3564 887 3612 se
919 3549 1187 3612 noverit
1217 3548 1676 3612 incursurum.

430 3656 690 3718 Datum
718 3656 973 3720 Romae
999 3657 1184 3735 apud
1216 3656 1541 3720 Sanctum
1575 3657 1856 3720 Petrum
1885 3674 2070 3720 anno
2099 3655 2612 3720 Incarnationis
2648 3655 3050 3718 Dominicae
3079 3654 3225 3715 mil·
3263 3722 3266 3723 ⁷
3298 3728 3308 3732 -

226 3761 483 3855 lesimo
506 3763 1022 3842 nongentesimo
1053 3767 1327 3841 quarto,
1351 3755 1472 3827 'die
1499 3778 1601 3823 xx
1632 3762 1972 3841 Ianuarii,
2003 3762 2461 3825 Pontificatus
2489 3762 2727 3826 Nostri
2757 3777 2944 3825 anno
2977 3760 3222 3841 primo.

1490 3938 1704 4001 PIVS
1735 3937 1874 3999 ΡΡ.
1911 3938 1964 3999 Χ

1455 4272 1797 4356 DocUM.
1854 4271 2010 4355 ΠΙ.

505 4443 996 4514 Constitutio
1045 4444 1334 4514 Leonis
1385 4442 1540 4512 ΡΡ.
1585 4442 1747 4512 xm
1795 4471 1825 4506 ‹
1864 4442 2541 4515 Praedecessores
2585 4441 2869 4513 Nostri
2903 4471 2961 4524 ι,

854 4571 1034 4620 cum
1081 4551 1396 4620 adiecta
1441 4550 1997 4632 instructione,
2045 4566 2148 4634 24
2194 4550 2379 4619 Maii
2439 4551 2662 4619 1882.

428 4729 994 4791 Praedecessores
1042 4727 1283 4790 Nostri
1323 4745 1452 4806 pro
1491 4728 1789 4806 supremi
1844 4725 2298 4804 ApostoIatus
2338 4725 2556 4788 officio
2598 4726 2904 4790 sollicita
2942 4745 3114 4792 cura
3154 4731 3225 4792 et

204 4835 577 4920 singulari
609 4834 843 4925 studio
870 4835 1304 4899 continenter
1335 4838 1856 4913 prospexerunt,
1892 4838 1975 4897 ut
2005 4834 2466 4897 Roma-norum
2508 4834 2921 4898 Pontificum
2952 4834 3218 4899 electio·

202 4962 384 5023 nes,
418 4961 463 5006 a
503 4943 752 5022 quibus
792 4959 954 5021 pax,
991 4942 1230 5005 unitas
1263 4945 1334 5005 et
1375 4944 1605 5005 status
1642 4942 1992 5005 Ecclesiae
2023 4945 2385 5021 tantopere
2420 4943 2692 5022 pendet,
2739 4942 3111 5006 ordinatim
3150 4948 3219 5005 et

206 5050 658 5131 regulariter
693 5050 957 5127 flerentg
995 5053 1068 5113 et
1110 5051 1317 5129 plura
1349 5066 1478 5128 pro
1510 5053 1892 5128 temporum
1932 5049 2305 5129 adiunctis,
2346 5053 2425 5112 ut
2461 5067 2581 5113 eae
2625 5048 2962 5130 celeriter,
3013 5049 3226 5112 libere

191 5165 306 5227 et
330 5158 647 5235 expedite
669 5159 760 5221 ad
788 5158 1049 5222 exitum
1081 5157 1602 5235 deducerentur,
1630 5157 1980 5236 sapienter
2007 5157 2418 5221 invenerunt
2442 5160 2514 5220 et
2537 5157 3002 5220 decreverunt.
3032 5155 3221 5219 Haec
3292 5158 3293 5161 ’

423 5323 438 5351 ¹
472 5318 561 5373 Pii
593 5317 668 5372 IV
700 5318 891 5372 Const-
932 5340 957 5366 e
979 5319 1054 5373 In
1084 5319 1443 5387 cavendis»,
1476 5320 1509 5387 5
1540 5319 1631 5379 ως
1664 5319 1834 5373 Clem-
1870 5316 1972 5370 XII
2005 5316 2198 5371 Const.
2237 5317 2658 5386 «Apodolalm
2688 5317 3013 5382 officium»,
3046 5315 3078 5382 fl
3109 5315 3157 5369 5.

359 5435 557 5488 Gnaeo
587 5433 748 5486 luris
784 5434 1081 5486 Comici.
3034 5432 3089 5473 u
