3753 5871
1170 329 1346 382 biber
1389 330 1649 391 Quartus
1686 356 1704 367 ·
1740 331 1828 380 De
1866 331 2243 382 Pmoomou
3087 331 3188 388 ffil

1448 676 1706 743 CAPUT
1751 677 1930 743 VII.

699 815 812 883 Do
849 818 1140 886 casibus
1191 818 1513 904 eoo-optio
1553 840 1600 887 a
1636 820 1915 902 reyulis
1957 821 2331 903 hucusque
2374 819 2697 886 traditis.

1471 1013 1648 1080 CAN.
1699 1013 1895 1079 1990.

387 1155 572 1221 Cum
603 1175 692 1222 ex
727 1159 933 1222 certo
959 1161 1036 1222 et
1062 1156 1492 1224 authentico
1519 1156 1982 1238 documento,
2018 1156 2209 1239 quod
2251 1155 2440 1221 nulli
2467 1156 3043 1223 contradictioni
3079 1155 3195 1222 vel

223 1262 628 1345 exceptioni
667 1263 1062 1330 obnoxium
1101 1263 1225 1341 sit,
1275 1263 1697 1330 constiterit
1735 1264 1825 1330 de
1864 1264 2298 1330 exsistentia
2339 1264 2845 1347 impedimenti
2883 1262 3193 1347 dispari·

223 1369 398 1437 tatis
455 1370 728 1453 cultus,
777 1371 1086 1452 ordinis,
1149 1371 1304 1437 voti
1351 1372 1727 1438 sollemnis
1772 1372 2173 1445 castitatis,
2228 1371 2627 1455 ligaminiS,
2680 1371 3192 1455 consanguini-

223 1477 423 1560 tatis,
485 1476 872 1545 affinitatis
919 1482 1054 1545 aut
1099 1479 1562 1563 cognationis
1614 1479 2057 1563 spiritualiS,
2110 1479 2473 1562 simulque
2524 1479 2690 1562 pari
2749 1477 3198 1545 certitudine

222 1586 650 1668 apparuerit
678 1586 1301 1668 dispensationem
1337 1604 1559 1668 super
1590 1586 1705 1652 his
1737 1586 2282 1669 impedimentis
2311 1585 2561 1652 datam
2596 1603 2743 1652 non
2783 1604 2965 1668 esse,
2999 1585 3198 1652 hisce

221 1692 296 1757 in
328 1692 647 1775 casibus,
686 1693 1228 1776 praetermissis
1257 1693 1881 1761 sollemnitatibus
1909 1694 2284 1777 hucusque
2316 1693 2722 1775 recensitis,
2757 1694 3034 1777 poterit
3064 1695 3193 1761 Or·

220 1798 577 1882 dinarius,
631 1799 886 1867 citatis
926 1801 1289 1884 partibus,
1347 1801 1800 1869 matrimonii
1846 1800 2267 1867 nullitatem
2311 1799 2714 1881 declarare,
2759 1818 2926 1866 cum
2972 1801 3194 1868 inter·

219 1911 437 1975 ventu
470 1908 715 1974 tamen
756 1907 1168 1975 defensoris
1197 1908 1475 1975 vinculi
1518 1905 1568 1972 ¹.

1483 2069 1659 2135 CAN.
1710 2069 1903 2134 1991.

388 2208 762 2276 Adversus
808 2210 996 2275 hanc
1042 2208 1613 2275 declarationem
1656 2208 2000 2276 defensor
2048 2210 2351 2291 vinculi,
2383 2211 2449 2277 si
2498 2207 2901 2293 prudenter
2947 2209 3192 2277 existi·

219 2316 528 2384 maverit
558 2315 1083 2399 impedimenta
1113 2316 1204 2383 de
1234 2316 1499 2401 quibus
1537 2317 1616 2382 in
1644 2334 1808 2382 can.
1845 2316 2017 2383 1990
2051 2335 2195 2382 non
2229 2334 2385 2383 esse
2422 2319 2626 2383 certa
2658 2322 2792 2384 aut
2822 2315 3194 2400 dispensa-

221 2422 491 2489 tionem
519 2441 741 2508 super
762 2423 1035 2491 eisdem
1060 2423 1544 2508 probabiliter
1575 2423 2102 2505 intercessisse,
2139 2442 2534 2509 provocare
2560 2427 2858 2491 tenetur
2881 2424 2976 2491 ad
3012 2424 3196 2493 iudi-

217 2546 371 2595 cem
397 2530 759 2598 secundae
784 2531 1215 2613 insta-ntiae,
1241 2532 1337 2598 ad
1366 2550 1576 2615 quem
1611 2536 1779 2598 acta
1805 2535 1982 2599 sunt
2013 2531 2588 2615 transmittenda
2618 2532 2885 2616 quique
2919 2532 3200 2616 scripto

219 2636 622 2704 monendus
657 2642 770 2704 est
806 2638 928 2722 agi
973 2637 1064 2705 de
1107 2657 1281 2704 casu
1325 2644 1627 2724 excepto
1669 2639 1717 2702 ².

1487 2815 1663 2881 OAN.
1714 2815 1910 2881 1992.

393 2958 623 3025 Iudex
673 2959 985 3026 alterius
1034 2958 1463 3035 instantiae,
1511 2977 1678 3025 cum
1740 2958 1900 3026 solo
1956 2959 2378 3026 interventu
2429 2958 2841 3026 defensoris
2890 2958 3195 3038 vinculi,

217 3062 560 3132 decernet
602 3065 850 3133 eodem
895 3065 1111 3133 modo
1144 3066 1243 3134 de
1288 3084 1433 3150 quo
1474 3066 1551 3132 in
1593 3083 1757 3133 can.
1817 3065 2014 3148 1990,
2063 3071 2312 3133 utrum
2361 3064 2732 3133 sententia
2785 3066 2887 3133 sit
2938 3064 3195 3132 conflr-

219 3171 511 3248 manda,
563 3191 659 3238 an
722 3174 972 3257 potius
1021 3174 1556 3257 procedendum
1609 3174 1689 3240 in
1736 3192 1965 3240 causa
2011 3174 2112 3242 sit
2172 3174 2269 3241 ad
2316 3173 2778 3241 ordinarium
2826 3173 3199 3240 tramitem

219 3277 428 3362 iuris3
466 3298 609 3362 quo
642 3281 720 3345 in
756 3299 932 3347 casu
967 3299 1126 3347 eam
1173 3282 1490 3349 remittit
1530 3282 1628 3349 ad
1663 3282 1995 3350 tribunal
2031 3282 2314 3365 primae
2348 3280 2776 3347 instantiae.

1378 3614 1801 3682 TITULUS
1842 3614 2024 3681 XXI.

931 3759 1029 3825 De
1077 3760 1304 3825 causis
1351 3762 1598 3826 contra
1642 3776 1913 3826 sacram
1962 3754 2501 3826 ordinationem.

1490 3951 1666 4018 OAN.
1726 3951 1919 4017 1993.

399 4091 432 4172 ξ
480 4092 545 4156 1.
597 4092 687 4157 In
720 4092 966 4158 causis
998 4092 1263 4175 quibus
1293 4092 1826 4176 impugnantur
1858 4091 2345 4175 obligationes
2376 4111 2463 4158 ex
2496 4110 2708 4157 sacra
2738 4091 3205 4158 ordinatione

215 4201 646 4267 contractae
688 4198 803 4266 vel
835 4200 999 4284 ipsa
1035 4217 1288 4267 sacrae
1323 4199 1814 4266 ordinationis
1848 4200 2227 4282 validitas,
2277 4200 2571 4266 libellus
2607 4199 2807 4266 mitti
2851 4198 3067 4267 debet
3111 4198 3205 4265 ad

221 4304 526 4372 Sacram
576 4306 1235 4390 congregationem
1274 4308 1366 4377 de
1403 4307 1798 4392 disciplina
1846 4308 2490 4375 Sacramentorum
2533 4308 2673 4390 vel,
2729 4307 2794 4374 si
2834 4306 3211 4374 ordinatio

216 4413 698 4497 impugnetur
725 4416 815 4482 ob
844 4415 1210 4483 defectum
1242 4417 1805 4483 substantialem
1839 4416 2033 4482 sacri
2072 4415 2289 4493 ritus,
2331 4415 2425 4482 ad
2460 4414 2762 4481 Sacram
2797 4414 3203 4499 congrega-

217 4520 496 4588 tionem
529 4522 608 4589 Β.
643 4522 903 4606 Officii3
932 4526 1007 4591 et
1046 4523 1276 4591 Sacra
1306 4523 1801 4608 Gongregatio
1831 4523 2094 4591 definit
2123 4529 2372 4590 utrum
2404 4541 2627 4589 causa
2670 4521 3064 4589 iudiciario
3095 4540 3203 4589 or·

217 4626 395 4694 dine
431 4647 527 4694 an
565 4629 1004 4713 disciplinae
1050 4630 1352 4698 tramite
1389 4631 1489 4698 sit
1536 4630 2063 4714 pertractanda
2097 4627 2149 4692 ³.

401 4734 437 4816 ξ
482 4735 549 4801 2.
602 4736 683 4803 si
706 4737 1052 4821 primum,
1085 4737 1313 4805 Sacra
1338 4737 1832 4824 congregatio
1853 4757 2152 4805 causam
2184 4739 2499 4806 remittit
2527 4738 2621 4805 ad
2656 4739 2989 4805 tribunal
3013 4737 3201 4804 dioe-

214 4842 410 4907 cesis
443 4861 627 4926 quae
659 4845 929 4912 clerico
970 4845 1273 4929 propria
1310 4846 1462 4913 suit
1496 4851 1821 4930 tempore
1863 4865 2118 4913 sacrae
2155 4844 2671 4928 ordinationis,
2706 4844 2847 4927 vel,
2886 4845 2952 4911 si
2995 4863 3207 4912 sacra

216 4948 599 5018 ordinatio
630 4951 1106 5037 impugnetur
1138 4953 1228 5022 ob
1259 4954 1624 5021 defectum
1660 4954 2221 5022 substantialem
2259 4955 2452 5021 sacri
2486 4955 2702 5035 ritus,
2748 4955 2841 5021 ad
2875 4952 3206 5020 tribunal

411 5198 432 5233 ¹
473 5198 532 5250 S.
564 5199 629 5251 Ο.
664 5200 723 5251 S.
756 5200 894 5260 ΟΠ..
928 5200 1082 5252 decr.
1117 5202 1151 5253 5
1181 5203 1301 5252 lun.
1345 5201 1491 5262 188&
1523 5203 1587 5252 14
1624 5203 1771 5252 febr.
1817 5203 1963 5262 1894:
2014 5203 2317 5260 (Albanen.
2357 5204 2418 5252 ln
2450 5201 2764 5261 Amerina),
2803 5202 2867 5252 10
2904 5202 3024 5252 lun.
3065 5202 3210 5261 189ος

219 5286 287 5336 27
320 5291 495 5340 mart.
527 5288 676 5351 19οκ
703 5290 856 5342 decr.
888 5292 953 5341 21
985 5292 1107 5343 lun.
1140 5291 1288 5352 1912,
1321 5292 1398 5344 ad
1428 5291 1477 5343 2.

395 5381 423 5415 ²
473 5380 532 5432 S.
565 5380 629 5432 O.
664 5381 722 5433 S.
755 5381 871 5433 off.
919 5382 1051 5443 (Dp.
1090 5383 1649 5444 wama-castren),
1693 5384 1758 5434 20
1789 5386 1965 5434 mart.
2003 5382 2146 5443 1889:
2179 5383 2243 5434 27
2285 5385 2459 5434 mart.
2506 5383 2651 5435 1901.

400 5479 427 5514 ³
470 5471 611 5522 Plus
638 5472 703 5528 X,
732 5475 915 5522 const.
948 5487 978 5520 κ
1008 5471 1277 5530 Sumenti
1307 5472 1549 5522 oonsilio
1578 5488 1626 5535 ι,
1656 5473 1720 5523 29
1749 5473 1870 5523 lun.
1902 5473 2049 5532 1908,
2091 5474 2117 5534 ς
2157 5473 2206 5533 1,
2238 5484 2294 5522 n.
2326 5472 2401 5530 3⁰.
2431 5472 2480 5522 3.
