3753 5871
1229 265 1404 316 biber
1434 260 1672 317 Tertius
1703 290 1724 303 -
1761 264 1849 315 De
1889 266 2088 318 Rem
3070 262 3175 323 381

364 456 398 538 ξ
444 457 511 521 4.
561 455 813 523 Etiam
867 454 1153 521 sodales
1207 453 1557 539 religiosi,
1610 453 1786 521 licet
1845 471 2282 521 consensum
2332 451 2896 522 constituendae
2949 471 3179 520 novae

175 561 449 631 domus
487 562 566 628 in
606 561 919 629 dioecesi
972 561 1087 628 vel
1136 561 1442 629 civitate
1491 562 1585 628 ab
1642 561 2045 629 Ordinario
2096 562 2239 627 loci
2294 561 2714 644 retulerint,
2780 565 3178 645 antequam

182 675 438 738 tamen
482 669 863 736 ecclesiam
907 668 1024 736 vel
1069 668 1476 736 oratorium
1526 668 1902 752 publicum
1960 669 2037 735 in
2084 672 2290 736 certo
2333 675 2422 736 ac
2468 668 2964 736 determinato
3021 668 3184 734 loco

175 776 603 859 aedificent,
644 775 1025 843 Ordinarii
1063 775 1207 843 loci
1244 775 1620 844 licentiam
1659 776 1990 844 obtinere
2027 775 2315 844 debent.

1457 924 1634 990 CAN·
1686 923 1883 992 1163.

368 1027 811 1098 Benedicere
840 1035 918 1099 et
941 1030 1316 1116 imponere
1343 1031 1780 1115 primarium
1814 1031 2164 1101 ecclesiae
2189 1033 2538 1119 lapidem,
2571 1036 2668 1102 ad
2704 1054 2827 1103 eos
2862 1039 3176 1120 spectat,

174 1135 277 1202 de
306 1135 574 1220 quibus
600 1137 682 1203 in
708 1155 873 1204 can.
906 1138 1080 1204 1156
1118 1138 1166 1206 ¹.

1455 1246 1633 1315 CAN.
1689 1246 1886 1314 1164.

370 1350 404 1433 5
453 1353 518 1417 1.
568 1351 854 1421 Curent
898 1353 1307 1436 ordinarii,
1347 1354 1607 1423 audito
1643 1355 1895 1438 etiam,
1938 1356 2005 1422 si
2044 1373 2230 1440 opus
2267 1356 2526 1439 fuerit,
2568 1357 2977 1440 peritorum
3015 1375 3179 1424 con-

182 1458 388 1541 silio,
433 1467 518 1528 ut
567 1460 648 1526 in
688 1461 1161 1528 ecclesiarum
1204 1461 1717 1531 aedificatione
1765 1463 1883 1531 vel
1928 1457 2326 1531 refectione
2371 1467 2760 1531 serventur
2810 1464 3094 1531 formae
3134 1482 3179 1531 a

182 1566 598 1662 traditione
641 1568 1052 1636 christiana
1094 1574 1428 1654 receptae
1465 1575 1542 1639 et
1577 1569 1766 1638 artis
1813 1589 2068 1639 sacrae
2106 1555 2325 1656 leges.

372 1672 406 1755 ξ
452 1674 519 1739 2.
570 1674 660 1741 In
693 1675 1000 1743 ecclesia
1034 1676 1286 1745 nullus
1318 1677 1702 1761 aperiatur
1735 1679 1990 1747 aditus
2020 1679 2136 1746 vel
2169 1679 2494 1746 fenestra
2537 1678 2634 1747 ad
2667 1678 3026 1746 laicorum
3058 1680 3176 1747 do·

187 1797 379 1864 mus3
412 1781 740 1866 locaque,
770 1784 835 1850 si
860 1782 1135 1867 adsint,
1169 1785 1425 1852 subter
1450 1785 1798 1853 ecclesiae
1824 1787 2325 1870 pavimentum
2358 1791 2493 1855 aut
2517 1804 2745 1871 supra
2772 1786 3181 1870 ecclesiam,

177 1887 286 1955 ad
333 1906 545 1955 usum
591 1906 786 1956 mere
820 1891 1214 1975 profanum
1261 1910 1353 1960 ne
1387 1892 1883 1961 adhibeantur
1912 1892 1965 1960 ².

1520 2048 1635 2101 ΔΝ.
1869 2085 1889 2101 .

374 2140 408 2223 ἕ
456 2142 522 2207 1.
572 2141 849 2208 Divina
903 2140 1139 2210 officia
1194 2036 1554 2211 celebraei
1590 2145 1669 2210 in
1692 2038 1897 2212 1111358
1955 2146 2263 2214 ecclesia
2325 2152 2722 2232 nequeunt,
2784 2153 3182 2234 antequam

183 2248 447 2317 eadem
485 2249 602 2317 vel
652 2250 988 2318 sollemni
1034 2251 1588 2319 consecratione
1630 2253 1745 2320 vel
1788 2253 2052 2321 saltem
2103 2254 2609 2323 benedictione
2649 2255 2905 2325 divino
2944 2257 3188 2325 cultui

181 2355 425 2425 fuerit
463 2354 812 2424 dedicata
842 2358 869 2393 ³
1214 2441 1221 2449 .

374 2463 408 2546 ξ
454 2464 521 2530 2.
575 2465 657 2532 si
684 2465 1086 2549 prudenter
1114 2465 1634 2548 praevideatur
1662 2466 2045 2534 ecclesiam
2079 2485 2510 2535 conversum
2540 2469 2640 2536 iri
2670 2469 2767 2538 ad
2804 2488 2984 2537 usus
3020 2487 3181 2555 pro·

187 2570 436 2653 tanos,
479 2570 925 2639 Ordinarius
959 2589 1392 2639 consensum
1430 2573 1589 2640 eius
1633 2567 2134 2642 aedificationi
2174 2594 2263 2641 ne
2301 2576 2677 2659 praebeat,
2717 2581 2854 2646 aut
2892 2578 3181 2661 saltem,

188 2679 261 2746 si
292 2679 488 2746 forte
524 2678 917 2747 aedificata
940 2679 1198 2758 fuerit,
1230 2698 1390 2747 eam
1425 2699 1515 2748 ne
1546 2686 1926 2750 consecret
1964 2700 2142 2750 neve
2180 2682 2566 2752 benedicat
2591 2683 2647 2751 ⁴.

377 2785 411 2865 ξ
456 2785 524 2853 3.
576 2785 931 2854 Sollemni
999 2787 1549 2855 consecratione
1628 2787 2064 2856 dedicentur
2131 2790 2480 2857 ecclesiae
2548 2789 3012 2859 cathedrales
3084 2798 3186 2868 et,

200 2895 565 2978 quantum
609 2892 770 2961 fieri
810 2897 1079 2978 potest,
1130 2894 1479 2964 ecclesiae
1526 2895 1988 2981 collegia-tae,
2040 2898 2588 2979 conventuales,
2642 2898 3095 2982 paroeciales
3137 2896 3189 2965 ⁸.

380 3001 415 3084 ξ
462 3002 528 3067 4.
580 3001 914 3070 Ecclesia
951 3020 1039 3069 ex
1081 3002 1285 3087 ligno
1324 3004 1440 3072 vel
1479 3003 1680 3072 ferro
1722 3005 1962 3072 aliove
2002 3006 2304 3073 metallo
2343 3005 2674 3073 benedici
2727 3010 2996 3090 potest,
3043 3025 3188 3075 non

191 3113 444 3178 autem
477 3110 903 3176 consecrari
935 3108 987 3177 ⁸.

369 3216 403 3299 ἕ
450 3217 516 3283 5.
566 3217 829 3285 Altare
865 3217 1281 3285 consecrari
1327 3221 1574 3303 potest
1607 3219 1831 3286 etiam
1871 3219 2033 3286 sine
2067 3218 2416 3287 ecclesiae
2449 3220 3025 3303 consecratione3
3063 3220 3190 3288 sed

199 3342 353 3393 una
387 3323 609 3391 simul
643 3342 812 3391 cum
847 3324 1159 3392 ecclesia
1198 3324 1414 3394 debet
1459 3325 1721 3394 saltem
1760 3325 2004 3393 altare
2041 3326 2281 3394 maius
2314 3327 2735 3395 consecrari
2771 3331 2907 3396 aut
2952 3328 3193 3396 altare

196 3430 742 3513 secundarium,
784 3432 849 3498 si
886 3432 1126 3498 maius
1162 3431 1263 3500 sit
1301 3432 1448 3499 iam
1485 3439 1997 3501 consecratum
2021 3433 2074 3500 ².

382 3626 407 3663 ²
443 3625 509 3680 0.
539 3627 591 3687 9,
625 3627 698 3677 D.
740 3627 790 3688 Ι,
822 3627 895 3677 de
926 3636 1103 3679 oona:
1141 3625 1486 3680 Pontmcale
1513 3626 1704 3689 Rom..
1735 3628 1832 3680 tit.
1866 3625 2390 3678 novenum
2420 3630 2482 3678 et
2512 3625 2888 3687 {amulone
2918 3625 3194 3686 pravam-u

204 3714 423 3774 capum
454 3726 560 3774 pro
589 3715 837 3766 οοοιοείο
864 3714 1041 3775 aedifi
1071 3715 1249 3775 anae:
1282 3715 1525 3769 thuale
1552 3716 1741 3777 Rom..
1773 3718 1869 3768 tlt.
1902 3716 2074 3776 vm.
2104 3727 2155 3767 e.
2186 3716 2270 3777 m,
2301 3714 2477 3766 mm
2509 3714 2888 3767 benedicendi
2923 3720 2984 3767 et
3014 3710 3193 3773 (mpo-

203 3805 385 3855 Μ
411 3803 761 3864 mnam
797 3803 1047 3863 lauden
1080 3815 1186 3863 pro
1214 3803 1462 3855 οοοῐοείο
1490 3803 1880 3864 aedificanda,
1916 3815 1977 3856 n.
2008 3806 2060 3856 1.

384 3895 412 3932 ⁸
451 3892 509 3945 S.
548 3893 614 3946 0.
650 3895 756 3954 Bp.
788 3897 851 3946 et
883 3895 1045 3955 Rea..
1079 3893 1492 3954 Empulum„
1521 3895 1556 3947 9
1584 3906 1717 3946 nov.
1749 3893 1898 3953 1502:
1928 3892 1988 3946 8.
2020 3893 2086 3946 0.
2119 3893 2206 3953 0.,
2248 3892 2659 3952 Rumonem..
2692 3893 2759 3945 28
2789 3894 2930 3951 lan..
2964 3892 3031 3944 28
3069 3892 3196 3952 iul..

204 3983 274 4036 ³⁰
300 3986 449 4043 sept.
489 3982 636 4043 178⁰:
666 3982 1030 4042 florentina,
1061 3984 1096 4035 6
1128 3984 1272 4044 lun..
1311 3983 1378 4034 23
1406 3995 1541 4045 aug.
1574 3982 1722 4044 1⁷38:
1750 3980 1991 4033 Natum
2023 3980 2448 4042 foripompilii,
2483 3981 2550 4033 28
2582 3982 2724 4042 lan..
2757 3981 2826 4033 18
2859 3981 3009 4032 febr.
3048 3980 3197 4041 1⁶15&

209 4070 554 4130 Bononiam,
582 4071 649 4124 29
684 4072 829 4124 mall
859 4071 1006 4134 1862:
1039 4071 1097 4124 S.
1131 4070 1201 4124 B.
1234 4071 1322 4133 0.,
1356 4070 1651 4130 Gaiam„
1680 4073 1747 4123 11
1775 4072 1919 4124 mail
1948 4071 2098 4132 1641:
2126 4069 2523 4129 neemiam„
2560 4070 2628 4122 31
2658 4082 2793 4131 aug.
2826 4069 2976 4128 1867.
3010 4068 3092 4121 ad
3129 4068 3201 4130 V:

209 4158 522 4219 senonen..
553 4160 620 4212 27
658 4160 763 4212 iul.
797 4160 946 4220 1878,
979 4160 1055 4212 ad
1093 4160 1142 4222 13
1181 4158 1520 4218 Two-tm„
1554 4162 1587 4211 4
1617 4160 1764 4221 mali
1793 4159 1943 4220 1882,
1980 4159 2057 4212 ad
2093 4160 2142 4220 13
2174 4159 2238 4210 24
2274 4160 2390 4210 lan.
2430 4158 2581 4217 1908,
2620 4158 2698 4210 ad
2743 4158 2859 4218 111:
2893 4157 3052 4210 Ordo
3082 4169 3200 4209 ser-

208 4249 444 4302 vandus
488 4250 551 4300 ln
609 4248 667 4302 S.
718 4249 1301 4311 congregationibus,
1353 4249 1793 4308 Tribunalibus,
1841 4248 2062 4302 Officiis
2107 4248 2408 4300 Romanae
2454 4247 2690 4307 Curiae,
2739 4246 2806 4299 29
2851 4248 2999 4307 sept.
3048 4244 3197 4306 1908.

209 4338 363 4390 Pars
393 4338 477 4397 11.
522 4338 776 4390 Normae
809 4338 1154 4399 peculiares,
1188 4348 1316 4398 cap.
1355 4337 1490 4395 Vll.
1535 4341 1651 4390 art.
1688 4337 1790 4395 Ν.
1824 4349 1885 4388 n.
1921 4338 1999 4392 4⁰.
2037 4337 2082 4388 t.

387 4429 415 4466 ⁸
451 4426 517 4479 0.
557 4427 609 4487 8,
640 4427 724 4487 21,
756 4427 840 4488 22,
874 4428 946 4477 D.
982 4427 1031 4487 1.
1075 4429 1147 4479 do
1179 4438 1356 4484 cona:
1386 4426 1445 4480 S.
1484 4426 1553 4478 R.
1591 4426 1679 4487 C..
1719 4425 2048 4485 mahom..
2089 4425 2156 4477 12
2189 4436 2316 4486 apr.
2350 4424 2498 4479 1814:
2534 4422 2729 4482 Urbis,
2764 4423 2831 4476 19
2863 4425 3013 4484 sept.
3049 4421 3200 4483 1665,

181 4516 291 4569 .ad
318 4517 370 4578 1,·
406 4517 908 4576 Awuetodnmou..
939 4515 975 4569 8
1000 4518 1176 4569 mart.
1210 4516 1359 4577 1866,
1399 4516 1477 4568 ad
1509 4516 1592 4578 113
1621 4514 1899 4574 omnen„
1930 4515 1963 4566 2
1993 4517 2142 4575 sept.
2175 4513 2324 4575 1871,
2358 4513 2437 4566 ad
2469 4513 2553 4574 11,
2589 4513 2641 4575 8:
2675 4510 2933 4570 Sunion..
2974 4510 3041 4562 17
3071 4510 3196 4562 dec.

212 4604 363 4666 1875,
389 4605 468 4658 ad
498 4606 549 4665 1,
578 4606 661 4667 11:
687 4605 990 4657 Bellum.
1015 4609 1076 4659 et
1101 4603 1381 4665 reum..
1406 4607 1473 4659 19
1495 4617 1630 4668 aug.
1655 4603 1803 4667 18783
1827 4603 2175 4663 Getam-oen„
2198 4603 2264 4654 22
2294 4603 2444 4655 febr.
2472 4600 2619 4662 18883
2643 4599 2921 4659 Pinnem,
2949 4600 3013 4651 21
3048 4598 3199 4650 febr.

211 4693 362 4756 1896,
392 4694 471 4746 ad
501 4693 604 4756 1v;
636 4694 792 4746 decr.
824 4705 951 4755 gen.
983 4694 1017 4747 5
1052 4694 1175 4746 iun.
1205 4694 1353 4754 1899,
1384 4706 1442 4746 ιι.
1475 4694 1557 4755 Π;
1587 4692 1802 4745 Portus
1832 4691 2148 4752 Panapio,
2179 4692 2246 4743 12
2271 4703 2402 4743 nov.
2441 4691 2589 4751 10003
2624 4688 2971 4741 Pontificale
3008 4687 3198 4748 Rom..

213 4783 309 4836 tit.
342 4782 434 4833 Do
467 4781 751 4833 eodem
783 4781 1148 4832 anamim
1179 4793 1285 4835 m
1313 4781 1768 4841 oomeomuone:
1796 4774 2039 4834 Rituale
2068 4780 2258 4842 Rom..
2291 4780 2387 4833 tit.
2420 4778 2591 4840 VIII,
2620 4790 2671 4830 c.
2703 4777 2787 4838 27,
2829 4776 3005 4828 Ritus
3041 4774 3202 4825 bone·

212 4870 450 4922 omui
474 4880 689 4921 novom
724 4870 1048 4923 οοοιοοωηι.
1081 4897 1147 4908 -
1176 4870 1325 4924 Vide
1350 4871 1533 4924 etiam
1562 4883 1692 4923 can.
1725 4869 1841 4933 822,
1875 4870 1903 4931 ς
1932 4872 1985 4922 1.

385 4964 415 5000 ⁴
463 4962 520 5013 S.
552 4961 621 5011 R.
651 4963 740 5019 0.,
778 4961 1115 5017 Your-men..
1143 4962 1175 5010 4
1200 4961 1343 5011 mail
1378 4959 1526 5025 1882,
1554 4960 1633 5012 ad
1661 4960 1742 5012 11.

387 5055 414 5091 ³
462 5049 520 5101 S.
562 5050 632 5102 R.
665 5051 770 5115 0.,
790 5051 1064 5108 cunm..
1096 5049 1132 5101 7
1158 5061 1294 5111 aug.
1325 5047 1475 5110 1875,
1508 5047 1586 5102 ad
1618 5049 1667 5101 1.

388 5146 415 5180 ⁸
466 5140 523 5191 S.
556 5139 626 5190 R.
658 5139 747 5199 0.,
775 5134 991 5190 'sancti
1020 5138 1351 5190 Salvator-u
1378 5139 1443 5188 in
1479 5137 1769 5196 Amor-tos,
1798 5138 1863 5189 11
1892 5148 2020 5198 apr.
2051 5133 2197 5187 1992.

392 5234 416 5269 ⁷
461 5228 520 5279 S.
551 5229 621 5280 R.
659 5227 747 5283 0..
783 5227 977 5285 Urbis,
1006 5229 1074 5280 19
1099 5230 1247 5289 sept.
1276 5228 1424 5287 1666,
1455 5227 1534 5279 ad
1560 5227 1610 5288 ἢ
1637 5225 1883 5283 Tuaen..
1909 5224 1976 5275 22
2002 5225 2120 5275 ian.
2158 5223 2307 5284 1707,
2337 5222 2418 5275 ad
2443 5222 2493 5283 ὃς
2529 5220 2773 5278 Fam..
2804 5219 2870 5271 17
2899 5219 3021 5271 lun.
3055 5218 3204 5278 1843,

218 5321 297 5374 ad
327 5321 380 5381 2:
414 5317 730 5376 rmum,
771 5317 838 5368 12
866 5330 1000 5379 aug.
1036 5317 1184 5380 1854:
1224 5317 1726 5377 Aumtodunen„
1759 5315 1793 5367 8
1823 5316 2000 5366 mart.
2036 5312 2184 5372 1866,
2220 5312 2298 5365 ad
2333 5312 2383 5375 13
2418 5309 2730 5368 Turonos..
2766 5308 2832 5360 28
2868 5309 3018 5368 sept.
3058 5306 3206 5367 1872:

216 5408 478 5469 sautem,
513 5406 579 5458 17
605 5406 728 5459 dec.
761 5406 908 5466 1876.
941 5406 1020 5458 ad
1049 5406 1099 5467 1.
1130 5404 1245 5469 1113
1272 5405 1428 5458 decr.
1459 5405 1494 5458 8
1520 5406 1642 5457 lun.
1671 5403 1821 5465 1896,
1849 5402 1929 5457 ad
1966 5402 2017 5455 1.
