3753 5871
404 305 516 364 296
1549 308 1745 360 codsa
1792 307 1953 359 laris
1993 306 2274 359 eanontet

1684 511 1861 579 CAN.
1912 510 2106 578 1032.

585 636 1065 704 Matrimonio
1105 654 1457 720 vagorum
1497 635 1589 703 de
1640 636 1908 721 quibus
1957 635 2036 702 in
2077 655 2241 704 can.
2289 634 2398 720 91,
2444 637 2835 720 parochus,
2878 643 3183 720 excepto
3224 654 3404 704 casu

411 746 900 824 necessitatis,
938 761 1311 827 nunquam
1355 734 1695 827 assistat}
1729 746 1900 827 nisi,
1939 764 2016 812 re
2047 746 2142 812 ad
2179 745 2319 811 loci
2363 746 2842 812 Ordinarium
2879 745 2993 812 vel
3029 745 3122 812 ad
3169 763 3397 813 sacer-

410 850 656 919 dotem
688 852 787 919 ab
822 870 909 919 eo
952 851 1368 937 delegatum
1413 852 1688 933 delata,
1729 853 2105 921 licentiam
2146 854 2543 921 assistendi
2580 855 2988 922 obtinuerit
3016 850 3064 918 ¹.

1691 1012 1867 1077 ΟΑΝ.
1919 1010 2112 1077 1033.

586 1126 698 1195 Ne
743 1128 1042 1197 omittat
1079 1128 1469 1212 parochus,
1510 1127 1909 1196 secundum
1950 1129 2314 1195 diversam
2354 1143 2832 1211 personarum
2880 1126 3402 1207 conditionem,

414 1253 722 1318 sponsos
782 1237 1042 1303 docere
1092 1237 1567 1304 sanctitatem
1621 1237 2067 1304 sacramenti
2120 1235 2601 1315 matrimonii,
2659 1242 2958 1302 mutuas
3007 1235 3397 1319 coniugum

412 1343 902 1428 obligationes
934 1349 1009 1413 ct
1043 1345 1532 1430 obligationes
1575 1348 1969 1428 parentum
2009 1363 2184 1429 erga
2230 1346 2530 1429 prole-nu
2566 1344 2997 1428 eosdemque
3032 1342 3401 1410 vehemen-

413 1454 528 1518 ter
563 1453 1005 1520 adhortetur
1042 1458 1127 1520 ut
1173 1456 1348 1520 ante
1388 1453 1843 1521 matrimonii
1885 1454 2449 1521 celebrationem
2491 1471 2626 1518 sua
2668 1455 2971 1535 peccata
3009 1451 3407 1535 diligenter

410 1558 933 1633 confiteantur.
983 1565 1059 1628 et
1100 1561 1645 1627 sanctissimam
1686 1561 2235 1627 Eucharistiam
2290 1561 2408 1644 pie
2454 1561 2816 1643 recipiant
2849 1558 2899 1622 ².

1683 1718 1858 1783 CAN.
1911 1716 2105 1783 1034.

587 1832 966 1899 Parochus
1001 1834 1328 1915 graviter
1364 1833 1889 1901 filiosfamilias
1926 1834 2245 1901 minores
2282 1834 2621 1902 hortetur
2657 1855 2747 1903 ne
2784 1837 3086 1921 nuptias
3123 1806 3403 1919 ineant,

411 1939 669 2006 insciis
713 1946 849 2008 aut
894 1943 1443 2009 rationabiliter
1500 1943 1759 2009 invitis
1816 1943 2270 2026 parentibus3
2333 1943 2525 2027 quod
2563 1945 2628 2010 si
2663 1945 3084 2023 abnuerint,
3153 1964 3402 2014 eorum

415 2048 888 2116 matrimonio
924 2068 1014 2117 ne
1057 2050 1391 2129 assistat,
1435 2050 1581 2117 nisi
1624 2051 1968 2119 consulto
2003 2052 2214 2135 prius
2250 2051 2392 2118 loci
2429 2049 2829 2119 ordinario
2864 2052 2914 2116 ³.

1686 2314 1946 2382 CAPUT
1993 2314 2102 2382 ΙΙ.

1318 2444 1430 2514 De
1470 2444 2019 2535 impedimentis
2057 2448 2139 2513 in
2188 2464 2473 2533 genere.

1707 2628 1886 2695 CAN.
1930 2628 2125 2694 1035.

593 2744 863 2812 Omnes
895 2749 1210 2829 possunt
1238 2744 1792 2812 matrimonium
1818 2743 2281 2825 contrahere,
2311 2743 2437 2827 qui
2470 2743 2632 2808 iure
2668 2759 2812 2808 non
2846 2740 3333 2824 prohibentur
3355 2739 3408 2804 ⁴.

1688 2920 1865 2989 CAN.
1927 2919 2122 2988 1036.

596 3039 628 3120 ξ
678 3041 742 3104 1.
794 3039 1412 3121 Impedimentum
1453 3035 1861 3120 impediens
1903 3037 2234 3104 continet
2278 3054 2572 3122 gravem
2618 3035 3188 3121 prohibitionem
3240 3051 3402 3101 con·

415 3147 759 3214 trahendi
785 3146 1362 3227 matrimonium;
1390 3145 1582 3229 quod
1611 3149 1858 3212 tamen
1884 3145 2184 3212 irritum
2217 3163 2359 3212 non
2397 3144 2736 3212 redditur
2768 3144 2857 3217 si,
2890 3162 3036 3211 non
3066 3143 3406 3210 obstante

414 3253 963 3339 impedimento,
999 3253 1515 3346 contrahatur.

592 3362 624 3444 ξ
673 3362 738 3427 2.
790 3363 1406 3446 Impedimentum
1439 3360 1794 3428 dirimens
1822 3365 1901 3430 et
1926 3363 2254 3448 graviter
2284 3362 2622 3446 prohibet
2656 3360 3210 3430 matrimonium
3241 3378 3403 3428 con·

412 3471 882 3549 trahendum,
925 3475 1002 3540 et
1033 3470 1339 3555 impedit
1378 3471 1769 3555 quominus
1808 3471 2052 3537 valide
2083 3470 2572 3538 contrabatur
2597 3468 2650 3534 ⁸.

592 3578 624 3660 ξ
671 3579 737 3645 3.
788 3579 1229 3663 Quanquam
1283 3578 1885 3662 impedimentum
1928 3598 2016 3646 ex
2059 3598 2208 3645 una
2248 3582 2539 3646 tantum
2588 3582 2799 3661 parte
2851 3596 2928 3644 se
2968 3576 3212 3652 habet,
3258 3592 3402 3642 ma·

414 3688 845 3755 trimonium
883 3692 1131 3755 tamen
1170 3687 1414 3755 reddit
1453 3693 1587 3755 aut
1623 3687 1972 3754 illicitum
2020 3692 2154 3754 aut
2191 3686 2623 3752 invalidum.

1698 3845 1875 3913 CAN.
1926 3844 2120 3912 1037.

591 3960 980 4026 Publicum
1045 3964 1389 4028 censetur
1462 3960 2068 4045 impedimentum
2146 3961 2338 4046 quod
2408 3961 2708 4046 probari
2750 3963 2830 4028 in
2872 3962 3037 4030 foro
3102 3968 3405 4031 externo

412 4072 678 4151 potest3
716 4085 925 4134 secus
964 4071 1079 4135 est
1114 4067 1483 4135 occultum
1525 4068 1576 4135 ⁸.

596 4309 617 4345 ²
655 4309 828 4361 Cone.
865 4309 1155 4370 Trident„
1194 4320 1337 4360 sess.
1385 4309 1583 4368 XXIV,
1624 4310 1695 4360 de
1732 4309 1843 4368 ret.
1883 4309 2164 4367 matrim„
2202 4322 2254 4362 c.
2295 4310 2344 4371 7:
2390 4308 2449 4362 S.
2481 4310 2547 4363 0.
2578 4310 2667 4372 0.,
2705 4311 2860 4363 decr.
2901 4326 2931 4362 α
2976 4310 3064 4362 Ne
3103 4314 3318 4363 temere
3353 4326 3402 4372 ι,

418 4400 450 4448 2
476 4411 610 4461 aug.
642 4398 789 4458 1007,
820 4402 935 4451 art.
966 4399 1035 4459 V,
1069 4398 1098 4459 1
1133 4399 1182 4460 4;
1211 4397 1453 4451 Rituale
1481 4397 1668 4459 Rom..
1709 4399 1804 4451 tlt.
1842 4399 1979 4459 VII,
2012 4410 2062 4449 c.
2096 4400 2145 4459 1,
2182 4401 2253 4449 de
2283 4403 2654 4450 sacramento
2690 4400 3082 4459 matrimonii,
3106 4413 3163 4452 n.
3196 4400 3246 4452 0.

600 4491 625 4526 2
656 4488 830 4538 Cone.
866 4488 1153 4549 Trident„
1189 4501 1331 4539 sess.
1377 4489 1576 4548 XXIV,
1615 4491 1684 4538 de
1719 4489 1831 4548 ret.
1872 4487 2150 4545 matrim„
2187 4499 2236 4539 c.
2269 4491 2318 4549 13
2358 4487 2416 4540 S.
2449 4489 2512 4540 0.
2550 4489 2609 4540 S.
2641 4489 2756 4541 011.
2812 4489 3163 4551 (Kentuky),
3198 4491 3232 4541 9
3263 4490 3408 4541 mali

413 4578 558 4638 1821;
605 4577 752 4634 (Vlc.
786 4579 892 4638 Ap.
932 4578 1269 4638 sandwic),
1303 4575 1366 4630 11
1396 4578 1519 4630 dec.
1561 4578 1708 4638 1850,
1742 4577 1820 4628 ad
1849 4577 1931 4638 212
1965 4577 2022 4629 S.
2056 4577 2120 4629 0.
2156 4578 2243 4637 0.,
2278 4576 2646 4638 Μοοιιηιίηα,
2679 4578 2744 4631 28
2773 4589 2908 4641 aug.
2952 4578 3099 4639 1852:
3132 4577 3194 4630 8.
3231 4577 3298 4631 0.
3332 4577 3406 4630 de

415 4671 583 4729 Pron.
628 4669 773 4721 Fide
811 4669 898 4727 (0.
936 4670 997 4719 P.
1033 4681 1136 4729 pro
1168 4669 1289 4720 Sin.
1319 4696 1387 4706 --
1414 4670 1668 4720 Tunkln.
1702 4668 2050 4727 Occldent.),
2080 4669 2113 4720 5
2142 4671 2314 4721 mart.
2350 4669 2497 4730 1816:
2542 4669 2630 4726 (0.
2667 4668 2734 4721 G.
2769 4697 2835 4706 —
2866 4670 3140 4730 Quebec),
3176 4669 3242 4719 17
3275 4681 3401 4729 apr.

413 4762 559 4820 1820:
603 4761 690 4818 (0.
730 4760 846 4818 0.),
881 4760 942 4809 21
974 4761 1119 4818 sept.
1153 4759 1301 4819 18⁴0,
1333 4759 1410 4810 ad
1447 4762 1496 4821 43
1527 4759 1583 4810 S.
1619 4758 1689 4810 R.
1723 4759 1811 4818 0.,
1844 4747 2198 4816 Lavaaiina,
2227 4758 2292 4810 21
2320 4762 2494 4810 mart.
2524 4759 2674 4818 1874:
2703 4759 2791 4808 De
2822 4756 3128 4816 anamma,
3161 4758 3226 4809 15
3255 4760 3402 4818 sept.

414 4850 561 4908 1881,
600 4849 676 4900 ad
707 4849 839 4908 V113
869 4849 1110 4899 thuale
1138 4848 1324 4907 Rom„
1357 4850 1451 4899 tlt.
1487 4849 1618 4906 VII,
1647 4859 1696 4898 c.
1732 4849 1782 4905 1,
1814 4849 1885 4896 de
1913 4850 2281 4898 sacramento
2311 4845 2697 4903 matrimonii,
2734 4859 2792 4896 n.
2826 4846 2907 4897 17.

594 4941 618 4976 ³
652 4939 714 4989 0.
746 4941 827 4996 11,
858 4940 922 4989 0.
954 4938 1201 4996 XXXVI,
1236 4952 1288 4999 q.
1319 4939 1367 4998 2;
1392 4950 1440 4988 c.
1477 4939 1559 4996 23,
1594 4939 1657 4996 Χ,
1689 4939 1759 4987 de
1784 4937 2157 4997 sponsalibus
2180 4941 2237 4987 ei
2269 4934 2681 4994 matrimoniis,
2710 4936 2810 4994 IV,
2839 4937 2889 4996 1;
2912 4935 3085 4987 Cone.
3115 4935 3402 4995 Trident„

420 5039 563 5077 sess.
608 5027 811 5087 XXIV,
869 5029 939 5077 de
981 5028 1093 5086 res.
1138 5026 1420 5085 matrim„
1460 5039 1509 5078 c.
1544 5029 1593 5089 1;
1635 5026 1990 5078 Benedictus
2029 5026 2180 5085 XIV,
2222 5037 2312 5086 ep.
2356 5026 2576 5086 encycl.
2623 5038 2653 5074 s
2705 5022 2962 5074 Nimiam
3008 5023 3308 5074 licentiam
3353 5039 3402 5084 u,

411 5116 476 5166 18
512 5117 655 5165 mall
688 5115 835 5175 1743,
872 5117 898 5176 ξ
930 5117 1010 5167 10.

592 5209 617 5242 ⁴
654 5204 716 5255 C.
755 5206 803 5258 2.
837 5207 901 5261 X,
940 5206 1009 5252 de
1043 5206 1310 5264 conium’o
1346 5206 1726 5266 leprosorum,
1773 5206 1873 5265 IV,
1910 5205 1960 5266 8;
1991 5215 2039 5255 c.
2076 5206 2125 5264 1,
2161 5204 2226 5262 X,
2265 5204 2335 5252 de
2379 5201 2647 5260 continuio
2682 5213 3004 5261 servorum,
3044 5203 3145 5261 IV.
3182 5203 3233 5263 Ως
3269 5202 3406 5253 Pro·

415 5293 597 5344 fessio
631 5294 765 5344 fidel
812 5295 897 5352 (ln
931 5296 1103 5345 Cone.
1138 5296 1475 5356 Lugdunen.
1513 5297 1598 5355 11)
1632 5309 1665 5346 a
1708 5294 1997 5346 Michaele
2029 5293 2341 5353 Palaelogo
2371 5292 2651 5353 Gregorio
2681 5293 2726 5343 X
2756 5293 2976 5352 oblata,
3010 5303 3064 5341 a.
3108 5290 3253 5341 1274.

594 5386 618 5417 ὃ
654 5384 717 5434 0.
750 5395 871 5441 un..
904 5384 973 5432 de
1002 5388 1136 5433 voto
1166 5388 1222 5433 et
1264 5385 1385 5433 voti
1414 5385 1830 5443 redemptione,
1863 5385 1957 5436 tlt.
1994 5384 2092 5442 vl,
2126 5383 2186 5432 ln
2219 5383 2539 5441 Extrnvag.
2583 5382 2746 5433 Ioan.
2780 5381 2960 5431 XXII.

597 5475 621 5510 ⁶
659 5471 715 5521 S.
751 5472 814 5522 0.
852 5472 938 5530 0.,
981 5473 1328 5521 Mohiloven.
1369 5485 1469 5522 seu
1507 5473 1893 5532 Tira-spoleti„
1926 5475 1959 5525 9
2000 5473 2123 5532 iul.,
2158 5473 2223 5522 10
2253 5475 2383 5530 sept
2435 5471 2580 5522 1881.
