3753 5871
457 181 568 242 m
1598 184 1796 236 ooaoae
1832 183 1994 236 [νῆ’
2043 183 2324 237 omnio(

1635 508 2060 577 TITULUS
2108 509 2229 575 IX.
2306 451 2312 462 t

1485 655 1589 723 De
1633 656 1880 740 poenis
1926 655 2397 723 vindicativis.

1728 845 1907 913 om.
1958 844 2155 913 2286.

637 969 927 1038 Poenae
966 969 1462 1037 vindicativae
1509 970 1685 1037 iliae
1724 976 1927 1052 sunt,
1972 987 2157 1054 quae
2197 969 2478 1038 directe
2525 970 2619 1038 ad
2663 970 2919 1039 delicti
2958 971 3459 1056 expiationem

462 1079 780 1146 tendunt
817 1077 927 1144 ita
956 1081 1044 1146 ut
1071 1096 1324 1144 earum
1356 1077 1689 1144 remissio
1720 1097 1760 1145 e
1788 1078 2199 1145 cessatione
2234 1079 2743 1148 contumaciae
2772 1079 3270 1163 delinquentis
3303 1098 3462 1147 non

461 1184 802 1268 pendeat.

1727 1292 1905 1360 CAN.
1953 1292 2150 1360 2287.

641 1417 758 1484 Ab
809 1415 1120 1483 inflictis
1175 1418 1433 1501 poenis
1480 1416 1960 1484 vindicativis
2011 1397 2239 1484 datur
2289 1417 2698 1501 appellatio
2749 1436 2878 1485 seu
2945 1436 3288 1486 recursus
3354 1418 3440 1484 in

461 1523 916 1608 suspensivo,
967 1524 1113 1591 nisi
1151 1525 1357 1592 aliud
1394 1542 1735 1608 expresse
1771 1525 1851 1591 in
1889 1525 2051 1592 iure
2083 1528 2460 1592 caveatur.

1748 1698 1927 1765 CAN.
1976 1697 2172 1765 2288.

631 1821 982 1907 Exceptis
1032 1823 1288 1907 poenis
1337 1821 1918 1905 degradationis,
1972 1821 2481 1905 depositionis,
2548 1821 2992 1906 privationis
3053 1821 3269 1889 officii
3317 1828 3463 1891 aut

463 1928 818 2010 beneficii,
854 1938 927 1999 et
958 1930 1104 1996 nisi
1136 1935 1398 2013 urgeat
1428 1929 1828 1998 necessitas
1859 1929 2257 2013 reparandi
2296 1928 2753 2005 scandalum,
2795 1929 3235 2013 prudentiae
3263 1928 3455 1996 iudi·

459 2038 569 2105 cis
620 2038 1055 2119 remittitur,
1100 2039 1164 2104 si
1208 2056 1377 2105 reus
1415 2037 1593 2105 talis
1633 2037 1734 2105 sit
1776 2041 1861 2105 ut
1911 2038 2155 2121 prima
2214 2038 2372 2104 vice
2437 2042 2605 2121 post
2667 2038 2897 2105 vitam
2971 2037 3462 2105 laudabiliter

462 2151 836 2227 peractam
875 2144 1296 2228 deliquerit,
1339 2162 1615 2228 poenae
1652 2144 2076 2212 ordinariae
2116 2164 2248 2228 per
2285 2146 2728 2213 sententiam
2775 2144 3457 2212 condemnatoriam

462 2250 789 2318 inflictae
822 2252 1360 2318 exsecutionem
1395 2252 1863 2335 suspendere,
1906 2269 1987 2318 ea
2035 2256 2307 2339 tamen.
2325 2252 2748 2337 conditione
2786 2256 2894 2334 ut,
2935 2253 2999 2319 si
3037 2270 3207 2320 reus
3250 2252 3461 2320 intra

462 2357 875 2441 proximum
919 2358 1322 2426 triennium
1355 2359 1560 2425 aliud
1597 2360 1948 2426 delictum
1981 2359 2303 2426 eiusdem
2336 2360 2457 2427 vei
2490 2360 2804 2427 alterius
2841 2360 3132 2444 generis
3158 2361 3459 2427 commi·

462 2464 668 2546 serit,
707 2483 1015 2548 poenam
1062 2466 1359 2550 utrique
1400 2465 1674 2534 delicto
1708 2466 2031 2533 debitam
2070 2467 2255 2534 luat.

1725 2642 1903 2709 CAN.
1954 2641 2151 2709 2289.

640 2766 891 2833 Poena
939 2766 1396 2833 vindicativa
1444 2765 1708 2832 finitur
1756 2765 1918 2833 eius
1967 2764 2389 2850 expiatione
2439 2765 2557 2833 vel
2606 2765 3160 2849 dispensatione
3219 2764 3315 2831 ab
3368 2782 3465 2832 eo

459 2889 808 2940 concessa
883 2873 1008 2956 qui
1078 2872 1483 2955 legitimam
1552 2873 1822 2943 habeat
1888 2873 2369 2958 dispensandi
2448 2877 2889 2958 potestatem
2957 2873 3051 2941 ad
3120 2889 3458 2940 normam

456 2996 622 3047 can.
660 2979 834 3047 2236
875 2980 924 3049 ².

1727 3090 1905 3157 om.
1955 3090 2151 3157 2290.

642 3212 675 3295 §
725 3215 789 3280 1.
840 3214 932 3280 In
963 3214 1258 3281 casibus
1286 3214 1597 3281 occultis
1629 3214 2206 3297 urgentioribus,
2239 3215 2303 3280 si
2334 3232 2423 3281 ex
2455 3213 2964 3281 observatione
2992 3231 3270 3297 poenae
3298 3213 3462 3279 vin-

456 3320 828 3389 dicativae
876 3321 1075 3389 latae
1122 3321 1557 3404 sententiae,
1610 3340 1780 3389 reus
1828 3323 2150 3406 seipsum
2192 3321 2537 3406 proderet
2575 3339 2743 3389 cum
2782 3319 3097 3388 infamia
3133 3323 3209 3388 et
3248 3337 3458 3387 scan-

459 3427 656 3509 dalo,
700 3428 1009 3513 quilibet
1046 3429 1545 3497 confessarius
1583 3434 1828 3513 potest
1863 3430 1943 3496 in
1982 3430 2149 3496 foro
2185 3428 2706 3496 sacramentali
2746 3428 3268 3511 obligationem
3307 3445 3457 3494 ser·

458 3536 747 3603 vandae
809 3553 1086 3620 poenae
1149 3537 1617 3620 suspendere,
1690 3537 2030 3604 iniuncto
2100 3555 2320 3603 onere
2399 3536 2825 3603 recurrendi
2906 3536 3167 3603 saltem
3247 3534 3458 3602 intra

461 3660 780 3710 mensem
821 3662 952 3728 per
999 3644 1389 3727 epistolam
1431 3648 1506 3711 et
1545 3662 1679 3728 per
1723 3644 2286 3725 confessarium,
2339 3643 2404 3710 si
2444 3644 2521 3711 id
2562 3643 2725 3711 fieri
2765 3643 3001 3728 possit
3040 3644 3199 3710 sine
3241 3644 3454 3728 gra-vi

461 3748 945 3831 incommodo,
1007 3749 1303 3817 reticito
1349 3750 1666 3831 nomine,
1717 3751 1813 3818 ad
1864 3751 1940 3818 S.
1992 3750 2653 3818 Poenitentiariam
2700 3751 2817 3818 vel
2863 3749 2959 3818 ad
3005 3750 3458 3834 Episcopum

459 3857 825 3925 facultate
855 3858 1274 3940 praeditum
1308 3863 1383 3927 et
1415 3859 1666 3926 standi
1705 3859 1864 3926 eius
1907 3857 2302 3926 mandatis.

641 3963 674 4046 §
722 3963 789 4030 2.
839 3964 940 4032 Et
971 3965 1139 4031 siin
1175 3966 1426 4050 aliquo
1450 3983 1628 4033 casu
1656 3965 2256 4034 extraordinario
2282 3965 2401 4033 hic
2433 3983 2776 4033 recursus
2810 3966 2914 4033 sit
2946 3965 3456 4049 impossibilis,

465 4073 642 4139 tunc
696 4073 1004 4156 ipsemet
1045 4072 1545 4141 confessarius
1589 4076 1835 4157 potest
1873 4073 2501 4157 dispensationem
2543 4073 2939 4141 concedere
2980 4072 3075 4140 ad
3121 4090 3459 4139 normam

460 4193 625 4245 can.
673 4177 867 4262 2254,
920 4179 954 4261 ξ
993 4179 1060 4246 3.

1760 4375 2020 4442 CAPUT
2060 4375 2124 4442 Ι.

1199 4498 1311 4567 De
1361 4500 1616 4584 poenis
1656 4499 2131 4568 vindicativis
2173 4496 2704 4566 communibus.

1738 4671 1919 4739 CAN.
1963 4670 2161 4738 2291.

634 4799 924 4867 Poenae
958 4796 1452 4865 vindicativae
1489 4813 1677 4880 quae
1712 4813 1965 4863 omnes
1993 4793 2246 4863 fideles
2275 4812 2412 4878 pro
2439 4793 2879 4863 delictorum
2910 4793 3281 4877 gravitate
3310 4792 3463 4860 affl·

464 4924 628 4976 cere
658 4910 994 4992 possunt,
1028 4905 1108 4972 in
1137 4903 1474 4973 Ecclesia-
1501 4903 1940 4989 praesertim
1970 4909 2191 4972 sunt:

724 5016 821 5081 1.⁰
865 5012 1357 5081 Interdictum
1395 5012 1630 5080 locale
1664 5015 1742 5080 et
1777 5011 2258 5080 interdictum
2293 5010 2375 5078 in
2419 5009 3023 5078 communitatem
3070 5027 3200 5076 seu
3243 5007 3464 5076 colle·

649 5250 672 5286 ²
709 5247 1056 5301 Pontineale
1095 5247 1282 5307 Rom„
1329 5246 1424 5299 tit.
1474 5245 1630 5299 Ordo
1673 5244 2096 5306 suspensionis,
2138 5241 2656 5302 manuductionis,
2713 5236 3117 5301 depositionis,
3160 5238 3470 5298 dispenso-

472 5342 670 5402 uenis,
715 5341 970 5402 aeman
978 5339 1174 5396 tionis,
1209 5341 1269 5389 et
1299 5336 1699 5389 restitutionis
1731 5348 2033 5389 mororum
2070 5335 2359 5388 ordinum.

414 5766 3614 5870 *ἐζ-μ
