3753 5871
485 261 592 321 170
1619 263 1820 316 0060ae
1864 261 1898 314 1
1898 263 2027 316 urio
2066 263 2351 317 Οοποπίοί

1657 526 2084 597 TITULUS
2142 527 2311 596 XII.

976 667 1081 737 De
1124 670 1404 738 ratione
1447 669 1851 739 studiorum
1897 672 1975 739 in
2018 671 2489 754 religionibus
2534 672 3000 742 clericalibus.

1789 827 1968 896 CAN.
2009 827 2164 896 587.

663 931 700 1016 ξ
747 934 814 999 1.
863 932 1252 1013 Quaelibet
1301 935 1670 1004 clericalis
1710 937 1972 1023 religio
2012 938 2283 1008 habea-t
2324 937 2742 1007 studiorum
2784 939 2993 1008 sedes
3042 959 3091 1007 a
3134 940 3488 1026 Oapitulo

485 1041 817 1158 generali
851 1042 968 1110 vel
1006 1061 1057 1110 a
1092 1044 1616 1130 Superioribus
1654 1046 2133 1131 approbatae,
2175 1045 2389 1116 firmo
2427 1048 2889 1134 praescripto
2925 1068 3090 1117 can.
3131 1050 3286 1132 554,
3340 1050 3375 1134 ξ
3414 1050 3481 1118 3.

669 1149 703 1233 ξ
751 1151 817 1216 2.
869 1150 963 1219 In
1013 1153 1430 1222 studiorum
1472 1153 1691 1223 domo
1729 1154 1979 1240 vigeat
2020 1155 2352 1240 perfecta
2390 1156 2550 1224 vita
2600 1156 3031 1242 communis3
3074 1175 3288 1226 secus
3332 1162 3480 1226 stu·

485 1258 745 1327 dentes
787 1260 885 1327 ad
921 1258 1217 1329 ordines
1250 1263 1663 1346 promoveri
1703 1267 2079 1347 nequeunt
2104 1263 2152 1331 ¹.

666 1368 700 1450 ξ
746 1368 814 1434 3.
867 1369 950 1438 Si
988 1369 1250 1455 religio
1276 1374 1412 1437 aut
1439 1371 1820 1455 provincia
1858 1371 2278 1439 studiorum
2315 1372 2570 1440 domos
2601 1371 2744 1441 rite
2780 1373 3192 1441 instructas
3220 1373 3489 1441 habere

487 1483 828 1560 nequeat,
867 1480 1004 1545 aut
1039 1477 1105 1545 si
1142 1494 1327 1563 quas
1364 1479 1610 1553 habet.
1649 1479 1883 1563 adire,
1937 1479 2420 1564 Superiorum
2458 1480 2761 1563 iudicio,
2810 1478 3108 1548 difficile
3147 1480 3273 1561 sit,
3319 1479 3481 1549 reli·

491 1584 680 1670 giosi
726 1584 1013 1652 alumni
1068 1585 1471 1653 mittantur
1512 1587 1629 1655 vel
1674 1587 1769 1655 ad
1820 1590 2017 1656 recte
2063 1588 2486 1656 ordinatam
2535 1588 2954 1656 studiorum
3004 1587 3246 1656 sedem
3293 1587 3489 1656 alius

488 1691 911 1777 provinciae
944 1699 1081 1763 aut
1109 1693 1515 1779 religionis,
1548 1695 1787 1763 velud
1816 1696 2107 1765 scholas
2145 1696 2545 1765 Seminarii
2580 1696 3047 1782 episcopalis,
3083 1696 3202 1766 vel
3230 1696 3328 1765 ad
3358 1715 3485 1782 pu·

489 1797 761 1867 blicum
795 1799 1241 1868 catholicum
1281 1801 1747 1871 athenaeum.

666 1907 700 1990 ξ
747 1910 814 1974 4.
864 1907 1283 1996 Religiosis,
1313 1912 1440 1996 qui
1466 1912 1884 1980 studiorum
1910 1930 2139 1980 causa
2164 1913 2381 2000 longe
2405 1932 2451 1981 a
2481 1893 2788 1999 propria
2809 1913 3027 1982 domo
3052 1913 3483 1996 mittuntur,

370 2069 382 2096 ,
490 2034 637 2083 non
682 2016 859 2084 licet
890 2017 969 2084 in
1006 2017 1324 2101 privatis
1358 2018 1698 2096 domibus
1732 2020 2097 2105 habitare,
2147 2021 2273 2090 sed
2315 2040 2503 2108 opus
2539 2026 2655 2091 est
2691 2028 2779 2091 ut
2815 2023 2895 2089 in
2941 2022 3268 2107 aliquam
3307 2039 3485 2088 suae

489 2123 870 2210 religionis
897 2125 1193 2194 domum
1231 2144 1308 2194 se
1339 2127 1731 2212 recipiant,
1761 2129 1904 2212 vel,
1945 2130 2011 2197 si
2041 2130 2119 2198 id
2150 2129 2311 2198 fieri
2343 2150 2490 2199 non
2523 2131 2786 2216 possit,
2828 2129 3028 2215 apud
3060 2129 3483 2216 religiosum

488 2232 790 2318 aliquod
829 2233 1261 2303 institutum
1298 2236 1654 2318 virorum,
1694 2237 1811 2306 vel
1860 2238 2357 2307 Seminarium
2395 2239 2710 2309 aliamve
2759 2239 2957 2324 piam
3000 2239 3323 2321 domum,
3363 2238 3486 2305 cui

489 2341 684 2408 sacri
725 2341 1010 2486 ordinis
1052 2342 1197 2409 viri
1250 2345 1610 2429 praesint,
1659 2364 1988 2432 quaeque
2032 2348 2127 2415 ab
2180 2347 2683 2416 ecclesiastica
2724 2347 3177 2415 auctoritate
3219 2364 3482 2430 appro-

487 2450 664 2518 bata
700 2449 802 2518 sit
864 2500 881 2518 .

1764 2520 1941 2587 CAN.
1994 2520 2146 2587 588.

668 2627 702 2709 ξ
750 2630 815 2693 1.
866 2627 1054 2697 Toto
1088 2627 1505 2695 studiorum
1541 2628 1917 2696 curriculo
1953 2628 2282 2714 religiosi
2315 2628 2884 2723 committantur
2927 2625 3232 2711 speciali
3265 2641 3489 2692 curae

488 2735 860 2804 Praefecti
912 2754 1037 2804 seu
1087 2735 1435 2822 Magistri
1476 2737 1789 2822 spiritus
1832 2737 1961 2822 qui
2002 2738 2256 2805 eorum
2307 2737 2597 2804 animos
2637 2736 2735 2803 ad
2776 2735 3009 2803 vitam
3064 2733 3484 2818 religiosam

485 2843 841 2912 informet
879 2844 1322 2928 opportunis
1353 2845 1683 2928 monitis,
1729 2846 2350 2914 instructionibus
2393 2850 2618 2929 atque
2653 2841 3294 2912 exhortationibus
3328 2838 3382 2906 ⁸.

665 2952 699 3036 ξ
746 2952 814 3019 2.
865 2952 1300 3022 Praefectus
1350 2954 1466 3022 vel
1513 2953 1872 3041 Magister
1915 2955 2229 3039 spiritus
2280 2955 2377 3022 iis
2423 2953 2914 3040 qualitatibus
2958 2950 3343 3035 praeditus
3386 2948 3487 3015 sit

488 3065 805 3146 oportet,
845 3081 1034 3148 quae
1072 3062 1153 3128 in
1195 3062 1561 3147 Magistro
1603 3062 2051 3131 novitiorum
2088 3063 2574 3146 requiruntur
2607 3061 2703 3129 ad
2749 3076 3082 3127 normam
3122 3075 3288 3125 can.
3328 3055 3483 3139 559,

494 3169 569 3253 ξς
609 3169 678 3253 2,
718 3170 762 3236 3
802 3168 856 3235 ⁴.

667 3276 701 3360 ξ
747 3276 814 3344 3.
868 3275 1304 3361 Superiores
1333 3296 1507 3346 vero
1538 3277 1795 3347 sedulo
1832 3278 2225 3364 invigilent
2257 3282 2343 3346 ut
2376 3297 2463 3346 ea
2503 3296 2689 3363 quae
2717 3297 2884 3346 can.
2919 3277 3049 3346 595
3086 3296 3225 3363 pro
3256 3278 3481 3347 omni·

485 3384 624 3452 bus
673 3385 1040 3471 religiosis
1085 3386 1724 3470 praescribuntur,
1773 3386 1854 3454 in
1915 3387 2334 3455 studiorum
2384 3386 2603 3455 domo
2648 3386 3185 3471 perfectissime
3243 3387 3479 3456 obser·

490 3497 783 3560 ventur.
1778 3541 1934 3608 CAN
2003 3541 2131 3609 539

667 3649 701 3731 ἓ
748 3650 814 3716 1.
865 3648 1223 3735 Religiosi
1245 3647 1330 3716 in
1351 3648 1833 3717 inferioribus
1857 3650 2279 3734 disciplinis
2302 3650 2446 3720 rite
2468 3651 2847 3734 instructi,
2881 3652 2957 3718 in
2982 3651 3488 3736 philosophiae

490 3759 741 3828 studia
763 3758 1028 3826 saltem
1052 3777 1186 3843 per
1209 3758 1588 3826 biennium
1619 3764 1694 3827 et
1720 3777 1975 3827 sacrae
1999 3760 2412 3846 theologiae
2443 3760 2704 3828 saltem
2731 3779 2864 3845 per
2890 3760 3481 3845 quadriennium,

490 3868 873 3935 doctrinae
919 3868 1014 3934 D.
1059 3867 1381 3935 'rhomae
1417 3867 1887 3936 inhaerentes
1931 3868 2026 3935 ad
2070 3886 2397 3937 normam
2441 3887 2606 3936 can.
2650 3868 2847 3952 1366,
2893 3868 2926 3951 ξ
2976 3868 3044 3951 2,
3086 3868 3483 3954 diligenter

486 3974 941 4059 incumbant,
980 3975 1381 4043 secundum
1420 3976 1953 4045 instructiones
1983 3977 2458 4062 Apostolicae
2491 3976 2704 4046 Sedis
2738 3976 2791 4045 ⁸.

669 4083 702 4166 ξ
749 4082 817 4150 2.
870 4083 1306 4152 Studiorum
1342 4089 1671 4169 tempore
1706 4085 2086 4170 magistris
2122 4090 2199 4154 et
2235 4086 2560 4153 alumnis
2605 4085 2843 4152 officia
2878 4104 2968 4153 ne
3006 4085 3489 4168 imponantur

492 4210 678 4279 quae
712 4211 757 4259 a
793 4192 1044 4260 studio
1071 4212 1195 4260 eos
1222 4199 1528 4261 avocent
1556 4195 1673 4261 vel
1703 4194 2025 4261 scholam
2067 4213 2358 4280 quoquo
2388 4195 2604 4263 modo
2635 4194 3068 4278 impediantc,
3098 4210 3487 4277 supremus

491 4303 735 4368 autem
775 4301 1203 4369 Moderator
1229 4306 1305 4370 et
1330 4302 1410 4368 in
1434 4302 1732 4369 casibus
1756 4303 2341 4387 particularibus
2367 4303 2501 4370 alii
2534 4321 2820 4387 quoque
2854 4301 3288 4386 Superiores
3322 4318 3484 4385 pos-

490 4412 669 4476 sunt
709 4424 846 4493 pro
887 4428 1026 4477 sua
1063 4408 1466 4495 prudentia
1504 4430 1628 4479 eos
1676 4429 1723 4477 a
1775 4411 2156 4478 nonnullis
2206 4411 2764 4478 communitatis
2809 4410 3124 4493 actibus,
3173 4409 3398 4478 etiam
3441 4427 3491 4477 a

488 4516 738 4599 chor0,
774 4520 1212 4601 praesertim
1248 4520 1634 4587 nocturnis
1668 4519 1896 4602 horis,
1935 4521 2275 4602 eximere,
2324 4520 2612 4605 quoties
2644 4520 2720 4587 id
2761 4519 3033 4587 studiis
3070 4517 3491 4586 excolendis

496 4625 987 4693 necessarium
1019 4625 1365 4693 videatur
1402 4628 1453 4695 ⁸.

660 4826 694 4865 '¹
736 4830 792 4881 S.
825 4829 888 4882 C.
928 4831 1034 4891 Ep.
1062 4834 1125 4884 et
1159 4831 1321 4891 Reg..
1351 4830 1507 4881 decr.
1545 4830 1611 4880 22
1637 4842 1763 4890 upr.
1795 4829 1944 4889 1851,
1977 4842 2033 4880 n.
2071 4829 2124 4889 e,
2153 4831 2203 4882 3.

667 4924 693 4958 ²
732 4921 904 4971 Cone.
941 4920 1230 4978 Trident..
1262 4931 1390 4972 sess
1441 4920 1608 4980 XXV,
1643 4921 1714 4970 de
1750 4918 2138 4979 reamur-ibus,
2171 4931 2220 4970 c.
2256 4916 2305 4970 4.

668 5013 693 5048 ³
735 5010 1005 5062 Clemens
1039 5010 1208 5071 VIII,
1245 5011 1428 5061 const.
1469 5024 1501 5060 ι
1536 5009 1680 5058 Cum
1715 5010 1791 5060 aa
1835 5011 2167 5068 reputarem
2203 5023 2253 5069 ι,
2292 5009 2359 5061 19
2399 5012 2577 5060 mart.
2617 5008 2765 5068 1603,
2807 5009 2835 5068 ί
2881 5008 2962 5070 2ος
2999 5008 3057 5059 S.
3095 5008 3162 5060 O.
3202 5008 3288 5066 0..
3326 5006 3481 5059 decr.

492 5100 555 5149 21
591 5101 737 5169 sept.
772 5098 919 5159 1624,
956 5095 984 5159 s
1016 5100 1065 5150 1.

643 5180 693 5225 '⁴
736 5189 1006 5240 Clemens
1048 5188 1215 5248 vul,
1250 5192 1436 5239 const.
1483 5202 1514 5236 «ι
1550 5187 1690 5237 Cum
1739 5188 1816 5237 ad
1851 5188 2182 5248 reputarem
2219 5202 2269 5247 n,
2307 5188 2372 5239 19
2408 5189 2582 5239 mart.
2628 5187 2778 5248 1603,
2817 5187 2844 5247 ὅ
2882 5186 2963 5247 2ος
3000 5185 3060 5237 S.
3098 5186 3161 5238 Ο.
3202 5185 3289 5245 0..
3326 5185 3482 5236 decr.

400 5322 406 5329 .
493 5278 555 5328 21
591 5280 739 5337 sept.
772 5276 920 5338 1621,
956 5277 983 5337 ὅ
1014 5278 1066 5328 1.

669 5371 694 5405 ⁶
738 5367 796 5419 S.
829 5367 895 5419 O.
927 5366 1002 5418 de
1032 5366 1365 5427 Religiosia
1404 5366 1622 5418 declar.
1655 5366 1687 5417 7
1717 5370 1865 5425 sept.
1909 5366 2057 5427 1909,
2089 5366 2166 5417 ad
2199 5365 2312 5426 1113
2343 5365 2408 5417 31
2446 5365 2589 5416 maii
2619 5365 2768 5417 1910.

669 5460 693 5494 ⁶
734 5458 1003 5509 Clemens
1026 5457 1193 5514 VIII,
1219 5456 1373 5507 decr.
1402 5473 1432 5507 α
1460 5456 1508 5506 N
1514 5457 1671 5508 ullum
1696 5456 1931 5508 omnino
1955 5472 2004 5517 n,
2030 5456 2094 5507 25
2120 5456 2228 5507 iul.
2259 5456 2406 5517 15993
2433 5455 2491 5507 S.
2520 5455 2585 5508 C.
2612 5454 2701 5515 O..
2734 5455 2891 5507 decr.
2917 5454 2983 5506 21
3014 5455 3164 5514 sept.
3192 5451 3339 5514 1024.
3375 5451 3403 5513 ε
3434 5453 3484 5504 1.
