3753 5871
405 123 516 184 084
1557 117 1754 169 Gom
1799 116 1962 169 lav-u
2001 117 2283 168 canonici

424 325 575 372 rum
604 309 730 371 hoc
754 307 977 370 modo.
1018 304 1457 368 Scrutatores
1484 304 1560 365 in
1593 319 1802 365 unam
1837 318 2171 365 summam
2200 301 2510 381 redigent
2539 300 2895 380 suffragia,
2926 317 3100 379 quae
3128 299 3414 379 quilibet

420 415 822 479 nominatus
844 415 919 476 in
947 412 1351 476 Pontificem
1382 410 1690 475 obtinuit
1712 415 1785 475 et
1809 411 1869 473 si
1894 409 2286 475 invenerint
2306 408 2575 473 nullum
2598 427 2683 474 ex
2708 409 3083 472 nominatis
3114 409 3209 472 ad
3240 409 3415 472 duas

424 524 677 588 tertias
717 524 954 607 partes
984 519 1469 599 suffragiorum
1502 518 1914 598 pervenisse,
1949 535 2088 581 non
2123 517 2419 581 habetur
2448 516 2643 596 Papa
2676 517 2752 578 in
2794 516 2922 579 illo
2953 517 3315 592 scrutinioe
3356 516 3415 578 si

419 643 581 691 vero
612 627 1004 691 invenerint
1037 625 1335 703 aliquem
1379 642 1464 689 ex
1502 623 1880 686 nominatis
1917 623 2095 686 duas
2127 625 2404 686 tantum
2441 624 2678 701 partes
2714 621 3198 701 suffragiorum
3238 621 3409 684 obti-

417 735 676 814 nuisse,
714 734 1030 813 aperient
1062 734 1265 797 electi
1293 730 1686 796 schedulam
1724 733 1953 810 (quam
1990 748 2073 795 ex
2106 728 2361 810 sigillis
2387 734 2462 795 et
2488 729 2707 811 signis
2734 730 3007 809 abipso
3032 731 3255 793 electo
3284 729 3411 793 hoc

415 843 491 905 in
524 859 690 906 casu
716 841 1250 904 manifestandis
1279 841 1743 920 cognoscent),
1775 840 1989 903 etiam
2015 839 2091 901 in
2118 855 2201 902 ea
2227 842 2450 918 parte,
2480 838 2556 900 in
2585 855 2721 917 qua
2754 842 2864 902 est
2888 855 3132 901 nomen
3161 837 3411 917 eligen-

416 951 532 1028 tis;
565 954 637 1014 et
664 950 726 1012 si
763 949 1035 1027 quidem
1065 967 1148 1013 ex
1178 965 1261 1012 ea
1289 948 1699 1027 apparuerit
1725 948 2018 1011 electum
2050 947 2177 1010 alii
2208 947 2663 1027 suffragatum
2694 947 2936 1026 fuisse,
2975 945 3223 1010 electio
3260 945 3414 1009 eius

415 1056 554 1121 erit
577 1056 930 1135 canonica3
958 1058 1018 1120 si
1054 1073 1216 1120 vero
1237 1054 1639 1120 constiterit
1668 1054 1802 1118 sibi
1829 1055 2237 1135 suffragium
2265 1054 2558 1134 dedisse,
2587 1055 2737 1120 eius
2765 1052 3009 1118 electio
3040 1054 3236 1116 nulla
3274 1053 3415 1117 erit

413 1166 499 1227 ob
529 1164 872 1228 defectum
912 1164 1121 1226 unius
1160 1162 1498 1242 suffragii.

601 1272 955 1336 Secundus
989 1275 1191 1335 actus
1229 1270 1711 1350 postscrutinii
1749 1276 1859 1336 est
1903 1271 2306 1351 recognitio,
2346 1287 2522 1350 quae
2557 1288 2679 1350 per
2716 1269 3226 1350 Recognitores,
3271 1270 3415 1332 sive

413 1383 650 1444 secuta
686 1381 784 1444 sit
808 1379 1077 1459 electio,
1116 1380 1257 1443 sive
1283 1396 1447 1459 non,
1484 1379 1606 1444 fiet
1631 1379 2059 1459 inspiciendo
2090 1383 2235 1443 tam
2263 1378 2625 1443 schedulas
2653 1379 2998 1458 scrutinii,
3030 1394 3236 1457 quam
3267 1378 3410 1440 sui·

411 1488 794 1567 tragiorum
833 1488 1321 1551 annotationes
1352 1488 1582 1551 factas
1627 1504 1751 1566 per
1788 1487 2252 1565 Scrutatores,
2291 1491 2375 1550 ut
2408 1503 2534 1566 per
2566 1485 2957 1550 huiusmodi
3003 1487 3414 1565 recognitio·

411 1612 564 1659 nem
589 1600 910 1661 constare
938 1596 1159 1674 possit
1186 1612 1278 1658 an
1305 1594 1745 1659 scrutatores
1769 1596 2031 1658 sincere
2051 1599 2125 1658 et
2148 1592 2446 1658 fideliter
2466 1595 2736 1658 muneri
2766 1611 2888 1657 suo
2912 1593 3415 1658 satisfecerint.

596 1702 897 1782 Tertius,
940 1707 1014 1767 et
1045 1705 1432 1781 postremus
1473 1706 1674 1765 actus
1716 1701 2196 1780 postscrutinii
2230 1705 2337 1766 est
2374 1700 2758 1764 combustio
2789 1701 3091 1764 omnium
3125 1701 3415 1764 schedu-

412 1809 663 1889 larum,
699 1826 873 1888 quae
906 1826 1171 1889 semper
1203 1813 1278 1874 et
1318 1810 1548 1888 palam
1585 1827 1710 1888 per
1745 1809 2209 1885 scrutatores,
2244 1808 2738 1873 adiuvantibus
2771 1808 3130 1889 Magistrls
3164 1807 3417 1873 Caere·

411 1917 822 1997 moniarum,
856 1917 1000 1996 fiet,
1027 1934 1109 1981 ac
1146 1917 1386 1980 statim
1422 1920 1583 1995 post
1598 1897 2167 1997 recognitionem,
2205 1916 2346 1981 sive
2371 1916 2620 1981 electio
2648 1917 2745 1981 sit
2772 1919 3031 1997 secuta,
3064 1917 3209 1981 sive
3237 1933 3413 1978 non.

417 2024 492 2087 Si
537 2027 769 2087 tamen
807 2025 1178 2088 secundum
1215 2024 1652 2104 scrutinium,
1691 2024 1892 2087 iuxta
1930 2042 2011 2088 ea
2049 2041 2224 2104 quae
2258 2024 2554 2088 interius
2590 2023 3170 2104 praescribentur,
3212 2041 3417 2102 pera·

411 2132 706 2212 gendum
752 2133 871 2213 sit,
907 2136 1077 2195 tunc
1117 2133 1502 2196 combustio
1546 2130 2025 2196 schedularum
2060 2132 2267 2211 primi
2309 2131 2630 2196 scrutinii
2666 2130 2943 2195 nonnisi
2978 2131 3053 2193 in
3090 2131 3230 2195 fine
3265 2148 3419 2194 una

412 2256 566 2302 cum
600 2238 943 2303 schedulis
974 2239 1255 2303 secundi
1285 2239 1606 2303 scrutinii
1636 2239 1960 2304 facienda
1994 2239 2153 2303 erit.

594 2347 698 2411 76.
737 2348 824 2409 In
866 2346 1474 2412 Praedecessorum
1518 2346 1954 2414 Nostrorum.
1992 2364 2075 2410 ac
2118 2346 2487 2426 praecipue
2522 2346 2837 2426 Gregorii
2872 2346 3013 2422 XV,
3051 2344 3417 2409 Constitu-

411 2451 744 2534 tionibus,
776 2456 866 2519 ad
900 2455 1390 2534 expeditiorem
1422 2453 1821 2520 electionem
1855 2454 2237 2520 habendam
2280 2458 2622 2518 statutum
2656 2454 2891 2518 fuerat
2922 2456 3028 2532 ut,
3068 2453 3422 2520 scrutinio

413 2560 791 2641 publicato,
833 2562 893 2624 si
934 2562 1180 2626 electio
1226 2579 1350 2641 per
1383 2579 1787 2626 consensum
1835 2563 2129 2626 duarum
2178 2563 2484 2641 partium
2520 2562 2596 2624 in
2633 2579 2715 2626 eo
2753 2562 2951 2624 facta·
2983 2578 3120 2624 non
3159 2560 3414 2638 fuerit,

413 2670 654 2733 statim
682 2673 1051 2748 antequam
1084 2670 1174 2733 ad
1204 2669 1384 2732 alios
1406 2674 1610 2734 actus
1635 2670 2094 2750 deveniretur,
2124 2668 2535 2734 Oardinales
2563 2672 2867 2749 possent,
2898 2669 3101 2735 semel
3130 2668 3207 2729 in
3245 2684 3415 2747 quo·

415 2776 585 2841 libet
629 2776 991 2856 scrutinio,
1030 2777 1350 2841 accedere
1394 2776 1605 2841 alicui
1647 2795 1730 2841 ex
1768 2777 1939 2856 illis,
1988 2777 2105 2857 qui
2142 2779 2217 2840 in
2253 2777 2488 2842 eodem
2529 2777 2871 2840 scrutinio
2902 2775 3151 2840 saltem
3190 2793 3413 2839 unum

414 2883 819 2964 suffragium
852 2883 1156 2949 validum
1192 2885 1678 2963 obtinuissent,
1711 2867 2085 2950 'dummodo
2121 2885 2185 2949 is
2216 2903 2355 2950 non
2386 2889 2595 2966 esset,
2633 2885 2749 2966 qui
2783 2886 2871 2949 ab
2903 2884 3203 2965 ipsomet
3241 2882 3410 2948 Oar-

413 2991 633 3058 dinali
670 2993 907 3085 fuerat
942 2993 1017 3054 in
1066 2993 1405 3056 scrutinio
1440 2994 1858 3058 nominatus.
1910 2993 2083 3058 Cum
2130 2997 2361 3058 tamen
2399 2993 2791 3057 huiusmodi
2826 2994 3051 3056 forma
3089 3005 3414 3052 acce-sm

411 3117 550 3162 non
585 3116 829 3179 parum
862 3104 1044 3164 esset
1075 3100 1166 3164 ad
1207 3101 1671 3179 exequendum
1705 3099 2029 3180 difficilis,
2066 3100 2471 3181 praesertim
2509 3100 2735 3180 quoad
2767 3117 2884 3179 ea,
2909 3116 3085 3179 quae
3127 3098 3412 3163 schedu-

415 3206 638 3269 larum
685 3207 1203 3287 inspectionem,
1243 3208 1694 3287 aperitionem
1739 3214 1816 3273 et
1852 3208 2291 3272 collationem
2332 3209 2762 3288 spectabant,
2814 3207 2958 3272 Nos
2993 3212 3066 3272 et
3103 3208 3267 3272 huic
3303 3209 3412 3271 in·

411 3312 760 3377 commodo
797 3331 1153 3378 occurrere
1186 3319 1260 3380 et
1292 3314 1740 3380 nihilominus
1777 3319 2060 3395 optatae
2103 3314 2462 3380 electionis
2503 3316 2986 3380 accelerationi
3031 3314 3414 3380 nullimode

413 3420 677 3485 officere
709 3421 1089 3502 cupientes,
1127 3422 1502 3486 statuimus
1547 3440 1629 3487 ac
1667 3422 2198 3502 praescribimus
2236 3427 2320 3487 ut
2364 3425 2513 3487 loco
2550 3423 2774 3503 ipsius
2818 3440 3156 3500 accessus,
3200 3424 3408 3487 semel

412 3532 558 3593 tam
583 3545 784 3593 mane
815 3546 1018 3608 quam
1050 3546 1350 3609 vespere,
1379 3535 1538 3610 post
1562 3530 1976 3610 completum
2002 3531 2202 3595 iuxta
2227 3531 2359 3595 huc
2384 3548 2598 3611 usque
2622 3532 2939 3610 exposita
2966 3531 3412 3609 scrutinium,

415 3621 476 3698 ‘si
501 3636 777 3714 quidem
804 3637 880 3699 in
913 3654 995 3701 eo
1020 3640 1256 3700 secuta
1281 3653 1418 3700 non
1454 3638 1552 3701 sit
1574 3636 1844 3718 electio,
1882 3637 2291 3702 cardinales
2319 3638 2559 3702 statim
2587 3639 2678 3703 ad
2707 3654 2953 3702 novum
2992 3637 3411 3701 scrutinium

418 3741 876 3823 peragendum
913 3744 1277 3822 procedere
1310 3745 1626 3825 debeant,
1663 3746 1739 3807 in
1783 3763 1920 3825 quo
1956 3763 2200 3810 rursus
2234 3745 2567 3827 suffragia
2586 3762 2733 3813 ,sua
2775 3746 3031 3822 ferant,
3065 3745 3185 3822 iis,
3235 3761 3419 3825 quae

415 3850 491 3912 in
528 3850 752 3929 primo
785 3850 1122 3915 scrutinio
1169 3852 1319 3916 lata
1355 3855 1543 3931 sunt,
1586 3852 1865 3918 minime
1911 3853 2352 3932 computatis.
2394 3852 2732 3917 Volumus
2775 3856 3003 3917 autem
3046 3853 3245 3916 utin
3284 3853 3415 3916 hoc

417 3958 714 4021 secundo
753 3958 1091 4022 scrutinio
1121 3946 1328 4023 iidem
1359 3977 1442 4023 ac
1472 3960 1546 4022 in
1582 3961 1805 4039 primo
1834 3961 2019 4024 ritus
2053 3964 2434 4040 serventur,
2474 3961 2581 4024 ita
2611 3964 2844 4024 tamen
2884 3964 2967 4024 ut
3000 3959 3420 4024 Gardinales

419 4082 557 4128 non
594 4069 965 4130 teneantur
991 4084 1238 4130 novum
1269 4068 1583 4132 emittere
1614 4068 2121 4148 iusiurandum,
2161 4086 2378 4148 neque
2414 4054 2626 4132 novos
2655 4067 2907 4148 eligere
2945 4066 3421 4144 Scrutatores,

417 4172 848 4237 Infirmarios
878 4178 951 4239 et
977 4174 1486 4255 Recognitores,
1521 4176 1639 4239 sed
1669 4193 1845 4255 quae
1871 4176 1945 4238 in
1976 4176 2199 4255 primo
2237 4175 2574 4239 scrutinio
2609 4175 2835 4255 quoad
2863 4175 3030 4238 haec
3067 4176 3419 4253 praestita

418 4283 608 4359 sunt,
644 4281 794 4344 sine
822 4283 1263 4347 renovatione
1292 4283 1571 4347 valeant
1607 4283 1818 4347 etlam
1853 4300 1983 4362 pro
2020 4284 2338 4348 secundo.

578 4386 681 4449 77.
712 4389 809 4452 Et
834 4389 998 4452 haec
1026 4390 1279 4469 omnia,
1310 4407 1485 4470 quae
1511 4392 1597 4455 de
1623 4392 1945 4455 scrutinii
1980 4391 2237 4455 ritibus
2268 4394 2436 4454 sunt
2461 4391 2800 4471 exposita,
2838 4390 3175 4456 servanda
3202 4395 3421 4455 erunt

417 4493 788 4574 diligenter
828 4513 875 4559 a
908 4497 1399 4561 cardinalibus
1432 4498 1505 4560 in
1546 4500 1860 4563 omnibus
1900 4499 2283 4579 scrutiniis,
2331 4516 2507 4579 quae
2543 4496 2839 4581 singull's
2883 4498 3125 4564 diebus
3172 4499 3417 4579 peragi

418 4600 669 4665 debent
707 4620 906 4666 mane
946 4608 1105 4684 post
1149 4604 1425 4669 solitam
1466 4607 1774 4685 Missam,
1817 4611 1892 4672 et
1932 4608 2279 4688 Hymnum
2334 4605 2510 4668 Vom‘
2559 4605 2853 4669 Omtor
2890 4603 3204 4684 spiritus
3256 4624 3416 4671 cum

418 4709 732 4773 oratione
771 4711 857 4774 de
900 4710 1170 4790 Spiritu
1213 4712 1492 4792 Sancto,
1532 4719 1606 4779 et
1654 4715 1883 4794 prima
1928 4716 2200 4795 quidem
2239 4719 2516 4779 tantum
2566 4715 2682 4780 die
2729 4718 2890 4794 post
2929 4713 3414 4779 Gardinalium

422 4833 688 4881 sacram
732 4823 1075 4896 peracta-m
1128 4819 1707 4899 communionem
1755 4827 1827 4887 et
1868 4827 2029 4902 post
2074 4824 2424 4887 meridiem
2475 4824 2647 4885 hora
2687 4830 3104 4902 opportuna,
3149 4824 3424 4901 pariter

419 4930 577 5005 post
617 4925 963 5006 Hymnum
999 4925 1173 4989 Veni
1204 4927 1495 4991 Creator
1523 4927 1833 5007 spir-stus
1866 4936 1940 4996 et
1969 4931 2348 4995 orationem
2383 4931 2470 4995 de
2511 4930 2781 5011 Spiritu
2818 4930 3077 4994 Sancto
3117 4930 3173 4994 ¹.

599 5034 702 5097 78.
746 5033 939 5109 Quod
974 5035 1034 5098 si
1067 5033 1312 5099 electio
1351 5037 1560 5102 aliter
1591 5036 1940 5103 celebrata
1980 5039 2220 5119 fuerit,
2256 5056 2459 5119 quam
2501 5039 2576 5102 in
2613 5036 2951 5102 amunio
2985 5055 3112 5117 per
3147 5042 3421 5103 secun

417 5141 893 5205 schedularum
940 5142 1275 5223 suffragia
1317 5145 1608 5209 duarum
1654 5164 1737 5209 ex
1790 5147 2023 5211 tribus
2067 5146 2386 5226 partibus
2428 5144 2903 5210 Oardinalium
2950 5144 3026 5207 in
3083 5143 3422 5210 Conclavi

602 5297 617 5325 ¹
651 5294 814 5363 Greg.
849 5295 948 5348 XV
979 5294 1171 5351 Consi.
1212 5316 1238 5344 e
1258 5297 1502 5350 Astomi
1534 5298 1739 5352 Patris
1759 5318 1809 5361 ι,
1842 5297 1875 5366 fi
1911 5299 1988 5352 17.
