3753 5871
588 396 698 453 760
1003 397 1330 455 Prlr-Prlv
1713 398 1910 448 codsa
1957 394 2117 448 Iso-u
2154 393 2436 449 canonici

2824 395 3169 456 priv-Proh

590 578 965 647 [Privilegialt

712 660 986 728 vilegium
1019 661 1401 715 constituendi
1438 660 1627 727 plures
1657 676 1827 728 quam
1860 677 2039 714 unum

713 740 1018 805 parochum
1053 743 1110 794 in
1155 756 1273 794 una
1305 743 1590 807 parocbia,
1626 743 1724 796 460
1763 742 1873 809 §23
1909 756 2041 795 con·

2136 583 2513 649 [Privilegialz

2260 676 2374 714 non
2408 664 2738 725 competunt
2768 662 3059 715 sodalibus
3091 663 3154 714 in
3188 663 3487 714 communi
3510 664 3573 713 ri-

2259 742 2526 795 ventibus
2557 744 2772 809 absque
2804 744 2974 804 votis,
3006 743 3120 794 660.

713 822 979 876 servandi
1024 824 1233 875 ssriiam
1278 822 1687 875 Eucharistiam
1731 825 1884 888 apud
1930 837 2041 875 mo-
2131 824 2520 888 Privileglnmz
2561 824 2842 888 quomodo
2878 825 3234 889 acquiratur,
3277 823 3377 882 63;
3421 823 3573 888 quod-

713 900 892 953 niales
924 903 1073 954 intra
1097 902 1334 954 chorum
1366 905 1472 954 aut
1503 906 1664 969 septa
1689 903 2036 964 monasterii,

713 983 818 1032 aut
841 982 896 1033 in
921 981 1186 1048 religiosa
1213 982 1302 1034 vel
1340 984 1434 1049 pia
1467 984 1632 1034 domo
1653 984 1714 1034 in
1741 984 1871 1035 aliis
1903 984 2039 1036 locis

714 1062 936 1127 praeter
951 1063 1244 1114 eeclesiam
1272 1063 1359 1114 vel
1378 1063 1690 1129 principale
1707 1064 2036 1126 oratorium,

716 1141 864 1201 12673
898 1142 1238 1195 admittendi
1272 1143 1346 1195 ad
1382 1143 1708 1208 religionem
1746 1144 2040 1210 adspiran-

713 1223 802 1273 tes
848 1223 974 1274 sine
1011 1225 1371 1290 praescriptis
1410 1225 1612 1277 litteris
1654 1223 2040 1277 testimoniali-

715 1301 851 1363 bus,
893 1303 989 1354 544
1017 1304 1050 1369 g
1069 1304 1130 1365 Ως
1164 1305 1335 1356 dandi
1370 1305 1643 1370 professis
1672 1321 1709 1356 a
1732 1306 1882 1358 votis
1903 1308 2040 1358 tem·-

717 1383 953 1447 porariis
985 1382 1338 1435 dimissorias
1369 1385 1439 1436 ad
1465 1385 1708 1437 Ordines
1741 1387 1979 1437 maiores
2004 1399 2040 1437 a

717 1462 842 1513 suis
873 1463 1285 1528 superioribus,
1305 1465 1404 1516 964
1434 1479 1490 1516 n.
1514 1465 1572 1525 43
1605 1465 1876 1518 audiendi
1910 1479 2040 1518 con·

716 1541 992 1596 sessiones
1023 1544 1414 1610 religiosarum
1439 1547 1524 1597 vel
1549 1546 1894 1598 novitiarum
1914 1547 2040 1599 sine

717 1621 985 1686 peculiari
1020 1624 1414 1677 iurisdictione
1449 1624 1749 1687 Ordinarii,
1778 1623 1878 1678 876
1916 1625 1947 1692 fi
1981 1626 2036 1687 13

716 1702 916 1753 contra
946 1703 1301 1756 validitatem
1335 1708 1441 1758 aut
1480 1705 1785 1758 liceitatem
1825 1705 2042 1758 confes-

716 1781 893 1832 sionis
938 1797 976 1834 a
1011 1784 1276 1850 religioso
1309 1786 1536 1851 peracta
1577 1785 1730 1850 apud
1761 1785 2041 1838 contessa-

719 1861 863 1912 rium
889 1865 1264 1929 approbatum
1292 1866 1367 1917 ab
1389 1865 1688 1918 ordinario
1718 1867 1776 1917 et
1800 1880 1916 1918 non
1949 1865 2042 1917 de-

715 1942 1009 2007 signatum
1039 1957 1075 1995 a
1107 1944 1410 2011 Superiora
1442 1947 1730 2012 religioso,
1769 1946 1882 2007 519,
1915 1945 2039 2007 5223

718 2020 1041 2074 dimittendi
1095 2025 1404 2089 professum
1444 2040 1482 2078 a
1529 2027 1677 2078 votis
1730 2026 2038 2092 perpetuis,

720 2103 842 2154 sine
888 2116 1153 2168 processu
1203 2106 1564 2172 praescripto,
1613 2107 1864 2173 exceptis
1903 2107 2040 2159 casi-

719 2182 828 2234 bus
858 2184 980 2236 iure
1012 2184 1321 2250 permissis,
1352 2186 1473 2247 6543
1511 2200 1623 2239 non
1656 2186 1911 2239 solvendi
1949 2189 2041 2240 tri·

723 2261 922 2315 butum
956 2278 1056 2330 pro
1087 2264 1420 2326 seminario,
1458 2267 1583 2320 1356
1612 2265 1645 2334 fl
1670 2267 1724 2329 13
1761 2282 1876 2321 non
1910 2267 2042 2320 sub-

720 2343 983 2397 mittendi
1018 2345 1291 2397 tribunali
1324 2346 1600 2414 collegiali
1633 2362 1834 2401 causas
1865 2349 1928 2401 in
1953 2361 2043 2401 co-

719 2421 844 2474 dice
866 2426 1255 2491 praescriptas,
1277 2425 1399 2477 1576
1419 2426 1524 2492 51ς
1548 2428 1906 2494 privilegium
1927 2443 2042 2495 quo

723 2501 910 2554 Abbas
946 2503 1271 2558 charactere
1302 2507 1600 2572 episcopali
1633 2519 1833 2560 carens
1868 2509 2041 2573 possit

723 2582 1013 2636 tonsuram
1045 2588 1103 2637 et
1123 2586 1351 2639 ordines
1372 2588 1620 2640 minores
1649 2588 1902 2641 conferre
1924 2603 2039 2642 non

721 2663 845 2712 suis
885 2663 1132 2717 subditis
1173 2668 1275 2718 aut
1320 2668 1370 2718 si
1403 2668 1521 2733 ipse
1544 2681 1657 2719 non
1700 2668 1778 2719 sit
1816 2668 2043 2720 benedi·

723 2741 868 2799 ctus,
899 2741 997 2794 961·
1035 2757 1088 2794 n.
1116 2744 1160 2795 1.

599 2842 661 2853 —-
691 2816 926 2872 Abbatis
957 2822 1238 2887 regularis
1267 2824 1337 2877 de
1364 2826 1658 2891 regimine,
1690 2826 1817 2887 ὥς
1852 2826 2041 2877 Admi-

724 2898 1047 2953 nistratoris
1088 2903 1409 2969 Apostolici,
1441 2905 1552 2967 314,
1595 2906 1691 2960 315
1738 2904 1771 2973 5
1810 2905 1844 2957 Ξ
1884 2920 1941 2958 n.
1975 2905 2036 2967 Ξῖ

721 2982 1115 3035 canonicorum
1158 2997 1226 3036 ac
1264 2985 1766 3041 beneficiariorum.
1801 2987 1899 3038 405
1935 2986 2037 3054 91,

722 3058 814 3108 107
833 3075 847 3120 3
893 3061 1277 3115 cardinalium
1306 3063 1361 3115 S.
1390 3064 1453 3115 R.
1484 3064 1563 3129 E„
1595 3065 1709 3130 239,
1747 3065 2041 3132 Episcopo-

720 3150 863 3199 rum,
879 3141 992 3205 349,
1016 3140 1084 3193 cs.
1103 3142 1197 3197 337
1209 3158 1224 3203 ;
1243 3146 1624 3209 patronorum,
1645 3145 1787 3207 1455,
1804 3145 1872 3198 cf.
1896 3145 2036 3207 neo,

721 3219 1134 3284 religiosorum:
1176 3218 1460 3288 quaelibet
1492 3225 1690 3290 religio
1721 3226 1933 3291 gaudet
1963 3226 2040 3279 iis

717 3297 942 3351 tantum
995 3316 1142 3366 quae
1194 3303 1248 3355 ei
1294 3305 1507 3357 directe
1556 3318 1823 3357 concam
1869 3308 2037 3367 sunt,

718 3379 947 3431 exclusa
984 3381 1044 3433 in
1088 3386 1373 3448 posterum
1415 3385 1619 3450 quavis
1668 3386 2041 3438 communica·

718 3458 894 3521 tione,
925 3460 1023 3514 613
1051 3463 1084 3529 fi
1109 3463 1163 3525 1;
1202 3464 1496 3530 privilegia
1527 3479 1677 3531 quae
1709 3468 2038 3531 competunt

719 3536 918 3592 Ordini
949 3544 1274 3609 competunt
1307 3545 1480 3597 etiam
1514 3546 1857 3599 monialibus
1890 3546 2041 3599 eius·

719 3619 845 3671 dem
862 3620 1108 3683 Ordinis,
1123 3623 1220 3675 613
1239 3624 1271 3690 g
1286 3625 1345 3685 2;
1368 3639 1563 3678 omnes
1580 3625 1851 3693 religiosi,
1867 3627 2039 3679 etiam

717 3697 848 3751 laici
890 3715 957 3752 ac
1001 3705 1226 3768 novitii,
1263 3705 1533 3757 fruuntur
1578 3706 1898 3772 privilegiis
1933 3707 2041 3758 cle-

720 3778 1007 3842 ricalibus,
1037 3783 1150 3844 614,
1194 3787 1250 3836 et
1292 3785 1584 3851 regulares
1614 3787 1860 3851 exempti
1900 3790 2040 3839 sunt

718 3871 754 3908 a
796 3859 1191 3915 iurisdictione
1243 3864 1524 3916 Ordinarii
1571 3865 1710 3925 loci,
1757 3865 1880 3926 615,
1928 3866 2037 3917 nisi

719 3940 881 3990 extra
909 3941 1139 3994 domum
1177 3944 1469 4011 illegitime
1506 3946 1736 4010 degant,
1778 3947 1875 3997 616
1916 3945 1948 4012 fi
1981 3948 2036 4008 13

719 4017 854 4081 quid
873 4019 922 4070 si
946 4023 1108 4073 extra
1123 4023 1351 4075 domum
1368 4024 1637 4077 delictum
1662 4027 2036 4088 committant,

718 4097 815 4148 616
844 4099 876 4164 g
897 4099 945 4164 2,
979 4104 1080 4152 aut
1114 4102 1173 4154 in
1218 4103 1383 4155 domo
1415 4107 1675 4171 exempta
1714 4106 1932 4157 abusus
1970 4106 2040 4157 ir-

721 4181 1013 4243 repserint,
1059 4181 1153 4233 617
1199 4183 1231 4247 ἓ
1272 4185 1331 4244 1;
1381 4184 1583 4236 domus
1631 4200 1745 4236 non
1801 4186 2040 4238 formata

720 4262 911 4309 manet
951 4261 1057 4311 sub
1102 4263 1371 4327 peculiari
1405 4265 1710 4331 vigilantia
1749 4265 2037 4318 Ordinarii

719 4336 845 4398 loci,
887 4339 982 4389 617
1018 4341 1128 4405 §23
1179 4343 1484 4409 religiones
1529 4346 1786 4397 votorum
1829 4347 2040 4413 simpli·

718 4418 864 4468 cium
900 4433 1012 4471 non
1042 4425 1183 4474 sunt
1212 4425 1505 4487 exemptae
1538 4425 1650 4476 nisi
1675 4425 1920 4490 speciale
1941 4426 2040 4479 ha-

719 4498 891 4548 beant
913 4501 1294 4570 privilegium,
1317 4503 1414 4555 618
1444 4505 1549 4571 §¹3
1578 4504 1826 4570 religiosi
1853 4520 2037 4559 exem-

719 4578 800 4641 pti
844 4579 902 4630 in
953 4582 1041 4641 iis,
1086 4598 1233 4649 quae
1272 4583 1572 4638 Ordinario
1615 4584 1724 4637 loci
1767 4588 2036 4653 subsunt,

718 4664 955 4723 possunt
977 4663 1151 4715 etiam
1170 4664 1246 4713 ab
1267 4677 1334 4715 eo
1356 4667 1567 4730 puniri,
1598 4666 1722 4727 6193
1755 4667 2039 4733 exemptio

717 4753 828 4791 non
855 4742 1124 4809 importat
1158 4746 1221 4795 ut
1246 4743 1497 4812 religiosi
1521 4760 1634 4799 non
1659 4747 1925 4799 truantur
1955 4747 2040 4799 in-

717 4821 889 4873 dultis
919 4825 994 4875 ab
1025 4824 1322 4875 Ordinatio
1354 4826 1459 4878 loci
1493 4827 1794 4888 concessis,
1817 4827 2045 4894 dispen-

716 4904 981 4955 santibus
1012 4905 1088 4955 ab
1133 4904 1484 4971 obligatione
1519 4907 1663 4975 legis
1704 4909 2037 4972 communis,

713 4983 836 5043 6ffl;
883 4984 1181 5050 privilegia
1221 4986 1603 5053 religiosorum
1644 4989 2041 5042 extenduntur

716 5064 885 5115 etiarn
918 5066 988 5115 ad
1026 5066 1288 5125 novitios,
1312 5068 1406 5118 567
1436 5069 1540 5134 51,
1575 5071 1634 5120 et
1664 5069 1733 5120 ad
1760 5070 2039 5134 professos

716 5158 752 5194 a
774 5146 920 5195 votis
951 5146 1328 5211 temporariis,
1359 5147 1458 5200 578
1483 5162 1543 5201 n.
1571 5149 1626 5209 1;
1671 5148 2035 5201 exclaustrati

715 5222 984 5276 fruuntur
1026 5224 1215 5278 adhuc
1248 5227 1559 5294 privilegiis
1591 5241 1740 5281 mere
1772 5229 2040 5295 spiritua-

718 5302 866 5354 libus
910 5319 1049 5355 suae
1093 5306 1410 5371 religioniS,
1451 5307 1574 5369 ως
1614 5310 1804 5362 omnia
1842 5311 2035 5362 autem

715 5383 993 5435 amittunt
1034 5386 1447 5446 saecularisati,
1487 5389 1600 5450 610,
1642 5390 1701 5441 et
1741 5391 2036 5455 apostatae

713 5477 750 5513 a
788 5462 1085 5529 religione,
1116 5465 1270 5528 238&
1308 5467 1610 5535 privilegia
1640 5468 2036 5536 religiosorum

2260 917 2391 955 nam
2424 917 2526 969 per
2545 903 3108 955 communicationem
3136 904 3364 969 acquiri
3398 904 3571 967 possit.

2256 981 2347 1042 64,
2411 984 2472 1036 et
2523 984 2660 1050 quid
2723 984 2991 1049 importet
3037 984 3488 1035 communicatio
3524 984 3567 1034 in

2258 1061 2781 1116 forma-accessoria
2810 1065 2912 1115 anit
2934 1063 2996 1115 in
3017 1063 3200 1116 forma
3232 1077 3427 1128 aeque
3450 1065 3569 1127 prin·

2258 1142 2445 1209 cipali,
2488 1144 2579 1205 653
2623 1144 2904 1210 quomodo
2944 1144 3239 1196 aestimari
3285 1143 3492 1196 debeat
3524 1148 3569 1194 et

2257 1235 2333 1273 an
2357 1223 2522 1274 liceat
2542 1237 2612 1274 ea
2632 1224 2937 1275 extendere
2967 1226 3071 1276 aut
3102 1225 3477 1289 restringere.
3496 1224 3566 1282 67;

2259 1300 2331 1353 de
2362 1315 2558 1354 eorum
2591 1303 3074 1369 interpretatione,
3105 1303 3204 1363 ὣς
3239 1317 3320 1355 an
3356 1304 3483 1368 quis
3507 1306 3569 1354 te-

2260 1383 2467 1435 neatur
2504 1384 2587 1435 uti
2622 1384 2931 1451 privilegio,
2962 1384 3051 1445 ως
3086 1384 3157 1436 de
3190 1397 3258 1436 se
3289 1384 3438 1435 sunt
3466 1398 3562 1450 ps·-

2260 1465 2453 1526 petua,
2486 1465 2567 1523 70,
2600 1464 2698 1516 sed
2736 1464 2931 1517 multis
2975 1465 3156 1516 modis
3199 1478 3431 1516 cessare
3465 1477 3566 1530 pos-

2260 1545 2420 1603 sunt,
2438 1544 2603 1604 71-77,
2618 1544 2743 1597 mi
2769 1560 2826 1596 n.
2839 1544 2897 1604 7;
2922 1544 2993 1596 de
3011 1545 3296 1596 abutente
3316 1547 3565 1609 potestate

2261 1636 2333 1674 ex
2376 1623 2675 1690 privilegio
2707 1622 2923 1684 habita,
2954 1624 3052 1685 783
3091 1624 3165 1675 de
3205 1625 3567 1675 excommnni-

2261 1705 2389 1755 cato
2408 1704 2712 1756 amittente
2733 1703 2829 1757 ius
2847 1705 2917 1756 ad
2944 1703 3251 1756 fruendum
3282 1704 3567 1770 privilegiis

2261 1784 2371 1836 sibi
2409 1785 2580 1836 antea
2609 1785 2911 1843 concessis,
2944 1784 3099 1844 ὡς
3138 1783 3215 1835 de
3258 1784 3563 1849 probatione

2262 1863 2543 1929 privilegii
2576 1865 2636 1915 in
2671 1864 2792 1916 foro
2824 1867 3076 1924 externo,
3096 1865 3183 1916 79.

2137 1969 2201 1979 -—-
2230 1943 2378 2007 sori:
2413 1942 2521 2003 120,
2560 1943 2669 2003 123,
2703 1943 2857 2003 23413
2892 1943 3019 1994 vide
3052 1944 3279 1995 mel-ld.

2136 2051 2200 2061 -
2220 2022 2582 2075 Paulinum:
2603 2023 2918 2091 legitimum
2941 2023 3095 2075 inter
3120 2038 3241 2076 non
3268 2024 3561 2090 baptintcs

2264 2103 2709 2168 matrimonium,
2758 2117 2874 2155 non
2927 2105 3121 2155 autem
3166 2103 3559 2155 matrimonium

2262 2182 2471 2234 initum
2500 2198 2538 2235 a
2570 2185 2728 2249 parte
2766 2183 3053 2250 baptizata
3084 2198 3218 2236 cum
3252 2199 3372 2236 non
3415 2184 3562 2248 bapti-

2264 2265 2386 2315 zata
2411 2278 2480 2316 ex
2501 2264 2948 2330 dispensatione,
2972 2264 3095 2317 iim
3124 2264 3158 2328 ἓ
3178 2264 3230 2326 2,
3254 2278 3329 2317 ex
3354 2264 3459 2316 hoc
3478 2265 3564 2328 pri·

2263 2341 2473 2409 vilegio
2499 2345 2558 2396 in
2590 2346 2839 2398 favorem
2872 2343 3004 2396 tidei
3037 2344 3307 2403 solvitur,
3334 2345 3457 2395 111>
3480 2343 3560 2409 51.

2262 2425 2424 2485 tunc,
2446 2438 2579 2477 cum
2611 2438 2741 2490 pars
2781 2423 2962 2476 tidelis
2994 2438 3170 2475 novas
3202 2424 3438 2489 nuptias
3456 2426 3560 2482 init,

2264 2504 2415 2567 11963
2462 2503 2602 2569 quid
2646 2503 2975 2569 requiratur
3020 2505 3334 2568 antequam
3382 2505 3557 2556 coniux

2261 2597 2572 2636 conversus
2604 2585 2663 2636 et
2695 2583 3022 2649 baptizatus
3064 2597 3275 2635 novum
3310 2584 3561 2635 matn‘m

2264 2663 2425 2714 nium
2448 2662 2635 2715 valide
2655 2664 2976 2724 contrabat,
3005 2663 3302 2724 lizi-1¹2&
3331 2677 3559 2716 mosa}

2262 2744 2434 2796 matio
2464 2745 2685 2810 antiqui
2720 2744 3070 2796 matrimonii
3100 2746 3226 2809 post
3258 2746 3559 2810 suscepbn

2263 2822 2606 2890 baptismum
2640 2824 2746 2877 boc
2778 2826 2902 2877 iure
2926 2838 3040 2876 non
3074 2824 3283 2889 privat,
3314 2826 3365 2875 si
3398 2827 3559 2890 postes

2262 2904 2549 2970 requisita
2567 2906 2821 2957 extrema
2841 2903 3218 2965 verincentur,
3257 2904 3409 2966 1194ς
3440 2906 3491 2956 in
3512 2916 3558 2956 ra

2263 2984 2440 3035 dubia
2457 2983 2563 3036 hoc
2580 2984 2948 3051 privilegium
2969 2984 3184 3050 gaudet
3204 2984 3401 3036 favore
3425 2985 3557 3041 iaris.

2265 3064 2423 3126 11273
2471 3065 2735 3117 extensio
2780 3064 2855 3115 ad
2911 3065 3235 3116 universam
3288 3064 3555 3116 Betim

2263 3146 2441 3197 trium
2473 3145 2951 3198 constitutionum
2984 3158 3135 3210 quae
3175 3144 3296 3196 hnc
3340 3146 3556 3197 referun-

2263 3227 2377 3286 tur,
2406 3226 2557 3285 1¹2&
2581 3226 2652 3278 de
2685 3225 2792 3278 boc
2813 3224 3113 3292 privilegio
3132 3226 3425 3292 cognoscit
3444 3224 3493 3277 S.
3508 3224 3552 3275 C

2262 3304 2319 3356 S.
2356 3304 2548 3364 Officii,
2580 3304 2677 3356 247
2708 3304 2741 3369 g
2763 3307 2815 3366 3,
2853 3306 2994 3357 1963.

2134 3386 2430 3438 Probatim
2473 3399 2621 3451 quae
2664 3386 2993 3450 probatione
3033 3400 3149 3437 non
3191 3390 3389 3452 egent,
3435 3384 3554 3437 1747:

2259 3480 2405 3532 quae
2426 3467 2617 3518 autem
2639 3469 2828 3533 egent,
2862 3466 3151 3532 probanda
3179 3468 3326 3517 sunt
3345 3467 3416 3517 ab
3432 3477 3553 3517 aa*

2263 3548 2442 3607 rente,
2488 3545 2612 3598 17⁴8
2660 3546 2694 3611 g
2730 3547 2774 3604 1,
2813 3548 2876 3597 et
2916 3547 3108 3597 actore
3152 3560 3273 3598 non
3316 3546 3553 3611 probam

2262 3639 2394 3678 reus
2440 3624 2777 3686 absolvitur,
2831 3625 2954 3677 17⁴8
2997 3624 3030 3691 g
3060 3624 3122 3684 Ως
3170 3629 3411 3692 excepto
3444 3639 3551 3677 aa

2261 3706 2631 3767 necessitatis,
2682 3705 3063 3770 probationes,
3113 3719 3266 3771 quas
3320 3705 3550 3771 maha

2259 3786 2529 3840 videntur
2571 3786 2645 3838 ad
2677 3788 3095 3853 prorogandum
3130 3786 3426 3847 iudicium,
3464 3800 3549 3837 noa

2261 3867 2396 3917 sunt
2415 3880 2453 3917 a
2472 3865 2654 3917 iudice
2685 3865 3088 3925 admittendae,
3116 3865 3272 3925 1740:
3307 3867 3551 3933 ptum

2259 3958 2362 3997 nes
2390 3944 2589 3996 afferre
2619 3945 2830 3996 actoris
2860 3947 2967 4004 est,
3006 3946 3109 4010 qui
3146 3946 3209 3997 in
3250 3946 3435 3998 libello
3462 3959 3550 3997 nna

2260 4025 2445 4078 solum
2485 4026 2797 4092 exprimere
2840 4024 3009 4077 debet
3055 4025 3197 4091 quid
3236 4029 3409 4092 petal-
3456 4024 3553 4076 im

2263 4120 2318 4156 n.
2356 4106 2401 4165 1,
2452 4105 2549 4157 sed
2582 4106 2754 4157 etiam
2792 4105 3058 4166 indicare,
3112 4107 3424 4170 generatim
3470 4104 3550 4154 ni-

2258 4186 2393 4246 tem,
2427 4200 2543 4251 quo
2574 4186 2701 4238 iure
2740 4185 3027 4237 innitatur
3060 4184 3134 4237 ad
3168 4185 3547 4250 computanda

2222 4316 2225 4319 ,
2259 4279 2329 4317 ea
2343 4280 2490 4330 quae
2506 4265 2826 4332 allegantur
2841 4267 2899 4318 et
2918 4267 3283 4323 asseruntur,
3305 4264 3422 4316 17oe
3442 4278 3489 4315 ι.
3502 4263 3547 4317 3:

2260 4358 2363 4397 nec
2395 4347 2582 4409 potest
2614 4346 2788 4399 iudex
2824 4345 3210 4412 probationes,
3250 4359 3393 4409 quas
3422 4347 3547 4395 acu

2258 4425 2456 4477 afferre
2482 4427 2665 4490 potest
2686 4429 2744 4477 et
2766 4440 2879 4478 non
2901 4426 3082 4487 affert,
3105 4425 3545 4491 quemadmodum

2257 4507 2618 4571 exceptiones
2635 4508 2734 4568 rei,
2753 4507 3033 4573 supplere.
3054 4508 3207 4566 16193
3228 4509 3547 4572 probaticam

2260 4586 2436 4639 iudex
2471 4587 2730 4652 excipere
2774 4601 2886 4638 non
2922 4587 3091 4640 debet
3131 4590 3276 4640 ante
3312 4587 3547 4639 eoum

2260 4669 2470 4720 tionem
2501 4666 2640 4727 litis,
2677 4667 2815 4725 1730,
2857 4681 2960 4719 nee
2997 4670 3123 4732 post
3158 4668 3545 4720 conclusione-

2261 4748 2323 4800 in
2353 4761 2531 4800 causa
2562 4747 2672 4799 nisi
2698 4746 3037 4812 quibusdam
3072 4748 3132 4800 in
3164 4748 3396 4799 casibus
3423 4758 3547 4797 exce

2260 4827 2396 4893 ptis,
2416 4828 2533 4880 1861
2549 4844 2563 4888 ;
2587 4829 2724 4879 ante
2739 4841 2944 4879 causae
2955 4827 3365 4879 discussionem
3385 4836 3547 4877 onon

2260 4908 2621 4975 probationes
2672 4909 2807 4959 sunt
2859 4906 3270 4972 publicandae,
3330 4907 3464 4965 158,
3502 4908 3545 4955 et

2260 4989 2449 5041 danda
2486 4987 2741 5054 partibus
2785 4986 3021 5039 facultas
3066 4987 3406 5053 inspiciendi
3444 4988 3547 5036 ath

2261 5069 2640 5135 processualia
2681 5069 2739 5120 et
2782 5068 3010 5134 petendi
3047 5082 3245 5119 eorum
3276 5066 3545 5130 exemplar.

2259 5149 2323 5201 in
2340 5162 2453 5214 quo
2474 5148 2736 5200 consistit
2756 5147 3073 5212 publicatio
3098 5160 3407 5212 proterimus,
3426 5144 3545 5199 im:

2258 5229 2318 5280 in
2336 5228 2519 5294 gradu
2533 5226 2948 5294 appellationis,
2961 5241 3076 5279 non
3093 5227 3393 5279 immutata
3402 5235 3547 5278 caan

2260 5308 2510 5375 petendi,
2546 5307 2665 5360 1891
2710 5307 2744 5373 5
2779 5308 2826 5369 1,
2866 5320 3046 5359 novae
3089 5308 3444 5372 probationes
3470 5303 3547 5355 ad·

2259 5389 2408 5441 mitti
2451 5389 2710 5455 possunt,
2739 5384 2984 5440 servatis
3022 5388 3211 5439 tamen
3248 5387 3389 5439 iuris
3420 5394 3547 5451 pne-

2258 5469 2506 5536 scriptis,
2532 5467 2650 5521 1891
2674 5469 2707 5535 5
2723 5468 2782 5526 23
2806 5468 3174 5534 probationes
3191 5467 3392 5520 allatas
3409 5464 3545 5518 debut
