3753 5871
581 175 694 234 596
1720 182 1918 234 Gom
1963 182 2126 235 lunc
2164 183 2446 235 σοηοπίσί

1851 438 2029 506 om.
2080 439 2278 507 2210.

759 540 793 622 ᾗ
840 543 907 607 1.
955 541 1071 608 Ex
1108 542 1384 611 delicto
1413 543 1699 614 oritur:
2221 623 2225 627 ,

844 651 941 716 1.⁰
984 651 1205 718 Actio
1243 652 1578 737 poenalis
1620 654 1715 721 ad
1758 673 2070 739 poenam
2112 655 2632 724 declarandam
2674 658 2793 725 vel
2833 656 3305 745 infligendam
3349 661 3418 726 et
3457 658 3531 724 ad

582 756 1169 825 satisfactionem
1210 759 1621 844 petendam;

843 863 941 929 2.·
984 866 1204 933 Actio
1248 867 1493 935 civilis
1539 869 1657 935 ad-
1686 870 2106 954 reparanda.
2162 871 2459 954 damna,
2516 872 2583 939 si
2639 872 2763 940 cui
2814 873 3167 942 delictum
3216 873 3537 940 damnum

579 972 993 1043 intulerit¹

760 1084 793 1166 ξ
839 1084 906 1150 2.
957 1086 1292 1171 Utraque
1338 1086 1536 1154 actio
1584 1087 2006 1170 explicatur
2054 1088 2149 1155 ad
2210 1107 2542 1157 normam
2587 1108 2753 1158 can.
2811 1091 3203 1176 1552-19593
3250 1098 3333 1161 et
3376 1093 3541 1162 idem

577 1192 799 1306 iudex
824 1192 903 1259 in
920 1194 1297 1261 criminali
1319 1169 1595 1262 iudicio
1617 1199 1863 1279 potest
1893 1195 1988 1263 ad
2020 1196 2459 1298 instantiam
2490 1199 2732 1282 partis
2757 1198 3001 1267 laesae
3028 1200 3320 1268 civilem
3345 1202 3541 1268 actio

579 1317 744 1367 nem
784 1300 879 1366 ad
914 1317 1218 1367 examen
1254 1319 1596 1369 revocare
1631 1305 1707 1370 et
1740 1301 2073 1371 definire.

1838 1493 2016 1561 CAN.
2065 1494 2260 1562 2211.

751 1628 1022 1696 Omnes
1064 1629 1189 1713 qui
1229 1595 1309 1697 in
1348 1629 1698 1699 delictum
1733 1636 2190 1701 concurrunt
2221 1625 2317 1700 ad
2351 1651 2683 1700 normam
2716 1653 2881 1701 can.
2920 1635 3117 1718 22⁰9,
3167 1635 3360 1718 §La
3392 1635 3549 1702 obli-

575 1735 876 1820 gatione
899 1741 1247 1804 tenentur
1269 1738 1348 1805 in
1372 1738 1687 1807 solidum
1712 1758 2072 1824 expensas
2095 1744 2173 1809 et
2195 1741 2467 1809 damna
2490 1742 2938 1810 resarciendi
2970 1762 3158 1828 quae
3180 1763 3274 1812 ex
3297 1743 3559 1811 delicto

576 1841 1024 1927 quibuslibet
1057 1845 1393 1928 personis
1422 1847 1876 1930 obvenerint,
1922 1840 2097 1917 licet
2128 1867 2173 1915 a
2215 1848 2457 1917 iudice
2497 1868 2634 1934 pro
2667 1856 2836 1919 rata
2867 1851 3204 1919 damnati
3248 1850 3305 1915 ¹.

1752 2233 2178 2302 TITULUS
2235 2235 2380 2302 111.

1635 2379 1749 2446 lle
1816 2382 2110 2448 conatu
2177 2379 2505 2448 delict-1.

1839 2608 2016 2674 om.
2067 2605 2263 2672 2212.

745 2745 779 2827 ξ
828 2748 892 2811 1.
943 2743 1378 2830 Quicunque
1430 2749 1644 2812 actus
1687 2745 2020 2829 posuerit
2061 2744 2178 2811 vel
2220 2745 2804 2828 praetermiserit
2848 2746 2975 2829 qui
3020 2745 3117 2812 ad
3161 2743 3568 2812 exsecutio

570 2871 734 2920 nem
764 2852 1020 2921 delicti
1056 2856 1328 2920 natura
1358 2871 1495 2920 sua
1520 2852 1971 2937 conducunt,
2007 2853 2133 2920 sed
2165 2852 2516 2920 delictum
2549 2870 2696 2920 non
2728 2853 3391 2935 consummaverit,
3426 2852 3573 2918 sive

569 2962 743 3046 quia
772 2962 1162 3029 consilium
1195 2980 1407 3029 suum
1439 2960 1793 3045 deseruit,
1836 2961 1989 3029 sive
2030 2961 2205 3045 quia
2240 2961 2592 3029 delictum
2625 2964 2932 3046 propter
2964 2960 3573 3030 insufficientiam

565 3072 683 3137 vel
720 3070 1291 3155 ineptitudinem
1334 3069 1739 3137 mediorum
1784 3068 2132 3154 perficere
2172 3088 2317 3136 non
2360 3070 2630 3159 potuit,
2685 3069 2939 3136 delicti
2979 3072 3345 3135 conatum
3388 3085 3573 3136 com·

565 3179 806 3247 mittit
846 3178 899 3243 ³.
2737 3198 2741 3202 '

745 3287 778 3369 ξ
824 3287 890 3354 2.
941 3286 1128 3354 Cum
1178 3302 1429 3354 omnes
1473 3288 1687 3352 actus
1741 3284 1973 3368 positi
2015 3286 2129 3353 vel
2175 3285 2428 3353 omissi
2477 3290 2654 3352 sunt
2703 3286 2830 3370 qui
2874 3285 2972 3353 ad
3018 3288 3576 3355 exsecutionem

564 3394 820 3463 delicti
860 3398 1132 3461 natura
1173 3411 1307 3460 sua
1354 3393 1776 3460 conducunt
1826 3397 1904 3461 et
1950 3393 2046 3461 ad
2084 3376 2436 3461 delictum
2480 3392 3003 3478 perficiendum
3046 3393 3474 3479 sufficiunt,
3518 3394 3575 3460 si

563 3522 653 3569 ex
687 3503 843 3569 alia
872 3518 1125 3583 causa,
1163 3502 1459 3584 praeter
1490 3499 1950 3568 voluntatem
1990 3500 2304 3586 agentis,
2352 3499 2694 3568 effectum
2730 3499 2982 3568 sortiti
3028 3518 3176 3568 non
3212 3503 3421 3586 sint,
3468 3503 3577 3571 de-

563 3610 726 3677 licti
762 3613 1075 3676 conatus
1108 3608 1388 3675 dicitur
1423 3608 1725 3692 proprio
1756 3609 2049 3676 nomine
2075 3608 2428 3676 delictum
2456 3608 2933 3691 frustratum.
2986 3628 2999 3639 ·

743 3716 776 3798 ξ
822 3717 890 3784 3.
941 3715 1264 3783 Gonatui
1300 3714 1555 3783 delicti
1591 3689 1876 3784 accedit
1915 3716 2113 3784 actio
2159 3715 2367 3784 illius
2405 3716 2533 3800 qui
2570 3715 2799 3783 alium
2842 3715 2939 3784 ad
2973 3714 3354 3855 delictum
3396 3736 3576 3786 com

561 3825 1005 3893 mittendum
1048 3823 1396 3891 inducere
1430 3823 1827 3904 studuerit,
1866 3825 1993 3891 sed
2026 3823 2521 3892 inefficaciter.

747 3932 780 4015 ξ
827 3933 895 3998 4.
948 3931 1030 3999 Si
1081 3934 1394 3998 conatus
1442 3930 1699 3998 delicti
1753 3930 2114 4015 peculiari
2167 3949 2402 4015 poena
2454 3931 2531 3997 in
2598 3930 2755 4015 lege
2807 3928 3244 4013 mulctetur,
3313 3952 3572 4003 verum

560 4040 956 4110 constituit
991 4038 1368 4106 delictum.

1823 4164 2000 4230 CAN.
2055 4163 2250 4232 2213.

737 4300 770 4382 ξ
817 4302 884 4367 1.
934 4300 1211 4367 Delicti
1252 4302 1565 4366 conatus
1606 4315 1814 4364 suam
1860 4297 2080 4364 habet
2131 4297 2812 4381 imputabilitatem,
2855 4317 2943 4367 eo
2982 4300 3395 4387 maiorem,
3449 4321 3575 4388 quo

558 4410 796 4495 magis
823 4409 919 4476 ad
946 4407 1648 4475 consummationem
1680 4404 1990 4482 accedit,
2026 4422 2444 4489 quanquam
2475 4406 2830 4473 minorem
2870 4425 3049 4492 prae
3075 4408 3388 4480 delicto
3423 4428 3572 4480 con·

557 4519 948 4597 summato,
991 4515 1196 4587 salvo
1234 4514 1696 4598 praescripto
1740 4514 1773 4596 ξ
1811 4513 1855 4580 3
1901 4509 1954 4576 ⁴.

743 4801 764 4835 ι
802 4800 867 4851 c.
902 4799 984 4859 32,
1021 4799 1087 4849 ο.
1124 4770 1337 4855 xxfi1.
1376 4809 1430 4858 q.
1464 4796 1513 4858 ες
1546 4808 1596 4847 e.
1631 4797 1683 4855 e.
1715 4798 1781 4855 x,-
1820 4798 1891 4847 ae
1937 4795 2249 4848 νιοηιιοωιυ
2290 4795 2627 4847 voluntem
2671 4796 2764 4847 vet
2798 4795 3045 4855 mnata,
3084 4797 3156 4857 v,
3193 4799 3293 4860 123
3330 4812 3390 4851 e.
3428 4801 3482 4858 5,
3511 4797 3567 4851 x,

562 4891 633 4942 de
663 4888 1021 4949 raptoribus,
1056 4881 1438 4937 incendiariis
1471 4891 1530 4938 et
1564 4886 1952 4938 violatoribus
1986 4885 2385 4945 ecclesiarum,
2428 4886 2498 4947 V,
2543 4886 2625 4948 17;
2665 4897 2715 4938 c.
2747 4886 2797 4946 5,
2828 4887 2880 4945 9,
2912 4887 2996 4945 10,
3028 4886 3112 4946 13,
3146 4888 3233 4947 14,
3274 4890 3375 4950 17,
3408 4892 3475 4947 1,
3508 4889 3565 4936 de

559 4980 778 5038 usuris,
805 4980 875 5039 V,
905 4980 987 5041 19;
1015 4991 1064 5030 c.
1099 4981 1148 5037 1,
1181 4978 1284 5037 4-7,
1313 4981 1363 5039 9,
1394 4980 1458 5037 X,
1490 4980 1560 5029 de
1589 4977 1826 5028 iniuriis
1854 4980 1913 5029 et
1944 4979 2157 5028 damno
2193 4978 2352 5034 dato,
2390 4977 2459 5036 V,
2494 4976 2577 5036 3oe
2602 4988 2653 5027 c.
2678 4976 2766 5036 22,
2798 4976 2865 5037 X,
2896 4974 2969 5026 dc
2996 4977 3317 5028 meana
3351 4989 3562 5031 etos·-

557 5069 993 5125 municationis,
1028 5070 1096 5128 V,
1134 5070 1216 5120 39.

731 5172 757 5206 2
802 5159 865 5212 C.
902 5160 951 5219 7,
983 5160 1050 5219 X,
1090 5160 1162 5209 de
1195 5158 1432 5210 iniuriis
1467 5163 1526 5210 et
1560 5160 1773 5234 damno
1812 5159 1971 5215 dato,
2012 5158 2079 5217 V,
2114 5158 2196 5209 38.

732 5261 759 5298 ³
799 5252 862 5303 C.
892 5252 942 5311 6,
975 5252 1047 5302 D.
1080 5252 1129 5310 Ι,
1162 5252 1232 5300 de
1259 5248 1497 5309 poenit„-
1525 5261 1575 5301 c.
1609 5252 1658 5307 1.
1692 5251 1758 5309 X,
1789 5252 1860 5300 de
1891 5248 2183 5305 divortiis,
2223 5247 2326 5306 IV,
2364 5248 2445 5308 193
2472 5257 2521 5298 c.
2553 5248 2604 5305 1,
2638 5247 2708 5297 de
2739 5245 3070 5304 homicidio,
3103 5248 3178 5307 V,
3215 5250 3276 5309 4,
3316 5252 3387 5302 ιιι
3418 5252 3535 5301 vlt

729 5349 759 5386 ⁴
799 5343 863 5395 O.
895 5344 977 5400 15,
1016 5343 1098 5399 19,
1130 5342 1201 5392 D.
1235 5342 1284 5400 1,
1316 5342 1387 5391 de
1417 5339 1653 5400 poenit„-
1681 5352 1730 5391 ο.
1763 5342 1813 5400 4,
1844 5340 1896 5400 7,
1930 5339 1996 5400 X,
2030 5341 2101 5389 de
2133 5337 2380 5400 maanus
2411 5349 2528 5388 non
2556 5335 2920 5397 ordinandis,
2962 5337 3012 5398 Ι,
3042 5337 3127 5389 21.
