3753 5871
1176 306 2247 369 mm-DOPWM
3094 310 3199 369 &7

1504 552 1682 620 OAN.
1711 550 1909 619 2070.

391 691 781 760 Promotor
813 693 1179 778 generalis
1214 692 1385 762 fidei
1422 694 1864 763 obiectiones
1908 714 1997 762 ex
2034 694 2337 780 scriptis
2372 695 2584 764 Servi
2626 696 2769 765 Dei
2803 714 2891 765 ac
2936 697 3199 765 reviso·

213 817 382 971 1lium
411 798 690 868 iudicio
715 800 1171 885 desumptae,
1206 802 1271 869 si
1304 820 1490 887 quas
1522 803 1812 876 habeat.
1850 802 2204 871 Patribus
2243 802 2771 873 cardinalibus
2803 804 3194 874 discutien-

265 922 349 971 as
397 911 786 989 proponat.

1495 1035 1671 1102 ΟΑΝ.
1700 1034 1897 1102 2071.

390 1171 470 1240 Si
514 1173 692 1257 quid
739 1174 817 1240 in
868 1174 1169 1258 scriptis
1212 1174 1422 1243 Servi
1461 1175 1600 1243 Dei
1641 1175 1808 1243 fidei
1851 1194 1999 1243 non
2040 1176 2340 1244 omnino
2382 1193 2786 1244 consonum
2823 1177 3192 1245 contineri

212 1286 416 1348 certo
460 1280 694 1349 fuerit
727 1282 1313 1350 demonstratum
1348 1289 1482 1352 aut
1525 1284 1809 1367 aliquid
1849 1283 2211 1353 habeatur
2249 1284 2442 1369 quod
2487 1285 2568 1352 in
2606 1285 2981 1370 praesenti
3020 1284 3186 1354 fide·

215 1388 396 1454 lium
431 1388 819 1457 offensioni
855 1408 1012 1458 esse
1049 1392 1308 1475 possit,
1355 1392 1731 1460 Romanus
1774 1392 2148 1476 Pontifex,
2187 1393 2447 1461 audito
2484 1391 2796 1461 Patrum
2833 1391 3188 1462 Oardina-

220 1495 403 1562 lium
451 1502 626 1565 voto
671 1503 746 1566 et
795 1499 1178 1583 perpensis
1226 1499 1565 1568 omnibus
1611 1518 1828 1567 casus
1874 1501 2485 1583 circumstantiis,
2549 1502 2830 1570 decidit
2878 1520 3054 1568 num
3100 1502 3197 1570 ad

215 1606 571 1675 ulteriora
606 1609 902 1691 procedi
943 1610 1203 1693 possit.

1503 1736 1676 1803 CAN·
1706 1734 1904 1802 2072.

387 1877 826 1945 Favorabile
875 1877 1190 1946 Romani
1249 1876 1635 1946 Pontificis
1681 1877 2040 1945 iudicium
2090 1895 2236 1944 non
2287 1877 2685 1946 secumfert
2742 1878 3189 1963 scriptorum

213 1983 845 2067 approbationem,
879 2002 1111 2069 neque
1143 1985 1452 2069 impedit
1481 1985 1872 2071 quominus
1900 1982 2293 2053 Promotor
2321 1984 2688 2071 generalis
2721 1984 2893 2054 fidei
2929 1990 3009 2054 et
3031 2002 3197 2055 con·

216 2089 534 2160 sultores
570 2092 858 2176 possint
897 2098 1033 2161 aut
1063 2092 1378 2164 debeant
1419 2094 1498 2162 in
1530 2093 1987 2162 discussione
2017 2093 2384 2161 virtutum
2417 2092 2863 2162 obiectiones
2895 2112 2985 2163 ex
3021 2093 3193 2161 scri·

214 2198 368 2281 ptis
400 2197 613 2266 Servi
645 2199 786 2268 Dei
815 2198 1245 2285 desumptas
1277 2217 1707 2285 proponere.

751 2446 920 2511 Aur.
970 2447 1051 2510 11.
1098 2481 1176 2492 —
1220 2448 1318 2512 De
1357 2449 1775 2511 dbcussione
1801 2465 2166 2529 processus
2203 2447 2653 2526 informativi.

1498 2636 1675 2704 om.
1705 2635 1903 2704 2⁰73.

386 2778 783 2846 Processus
815 2778 1339 2846 informativus
1377 2779 1472 2846 ab
1511 2778 1913 2847 Ordinatio
1941 2778 2324 2847 confectus
2355 2782 2435 2846 et
2470 2776 2780 2846 Romam
2809 2778 3188 2846 transmis-

214 2906 367 2971 sus,
407 2891 795 2974 postquam
840 2887 1253 2972 sigillorum
1292 2888 1687 2973 integritas
1724 2885 2104 2972 recognita
2136 2885 2370 2956 fuerit
2414 2904 2463 2954 a
2499 2884 3029 2957 Protonotario
3063 2884 3189 2955 Sa·

214 3015 388 3066 crae
410 2996 1049 3081 congregationis,
1089 2997 1153 3065 si
1183 2996 1372 3063 nihil
1401 2996 1666 3069 obstet.
1704 2995 2095 3065 accedente
2131 2995 2448 3064 Romani
2477 2993 2863 3064 Pontificis
2891 2993 3198 3080 speciali

214 3104 532 3188 decreto,
567 3103 954 3188 aperiatur
989 3121 1238 3171 coram
1270 3103 1655 3173 cardinali
1688 3101 2079 3171 Praefecto
2113 3102 2385 3171 Sacrae
2424 3101 3040 3187 Oongregationls
3072 3103 3201 3188 qui

218 3233 383 3283 eum
422 3213 868 3282 cancellario
907 3213 1546 3282 transcribendum
1592 3212 2012 3281 committat
2045 3210 2094 3278 ¹.

1500 3392 1675 3459 CAN.
1706 3389 1902 3458 2074.

392 3536 818 3604 cardinalis
855 3536 1148 3604 Ponens
1191 3540 1406 3605 curet
1441 3540 1552 3618 ut,
1594 3536 1657 3602 si
1703 3552 1891 3620 opus
1938 3535 2063 3618 sit,
2106 3553 2238 3619 per
2273 3535 2753 3618 interpretem
2802 3533 3194 3618 probatum

207 3646 447 3714 versio
482 3663 868 3730 processus
901 3646 982 3712 in
1011 3646 1210 3713 Urbe
1237 3644 1396 3728 fiat,
1431 3663 1617 3732 quae
1643 3649 1901 3728 postea
1932 3643 2277 3711 revisoris
2305 3643 2628 3710 examini
2659 3642 3102 3711 subiiciatur
3136 3639 3190 3709 ².

1498 3823 1674 3891 CAN·
1705 3821 1901 3888 2075.

389 3967 965 4053 'transumptum
1011 3986 1395 4052 processus
1446 3967 1541 4034 ab
1580 3965 1983 4034 ordinario
2023 3963 2327 4031 missum
2378 3963 2461 4029 in
2503 3961 2882 4031 tabulario
2923 3962 3195 4031 Sacrae

216 4078 828 4161 congregationis
859 4083 1301 4161 asservetur3
1331 4077 1633 4160 eiusque
1663 4073 2037 4158 exemplar
2073 4090 2121 4139 a
2150 4069 2596 4139 cancellario
2626 4069 2723 4139 ad
2762 4071 2951 4139 iuris
2989 4088 3192 4155 prae-

212 4187 571 4270 scriptum
607 4187 1061 4272 recognitum
1093 4187 1541 4272 postulatori
1578 4188 1929 4258 tradatur
1966 4189 2019 4256 ³.

1497 4372 1673 4439 CAN.
1711 4371 1906 4439 2076.

389 4508 424 4590 ξ
472 4510 537 4575 l.
586 4510 1009 4578 Advocatus
1044 4517 1120 4580 et
1155 4516 1595 4596 procurator
1630 4514 2086 4598 transumpti
2119 4514 2261 4596 vel,
2300 4515 2365 4582 si
2401 4514 2624 4598 plura
2657 4513 2834 4596 sint,
2874 4511 3198 4579 omnium

211 4623 850 4795 ζᾜὲιξὲξὶοωω
883 4621 1364 4688 summarium
1396 4621 1793 4691 conficiant
1829 4627 1906 4692 et
1935 4621 2535 4691 informationem
2570 4638 2758 4705 quae
2794 4615 3199 4686 summario

392 4833 426 4915 ξ
471 4833 539 4901 2.
591 4777 1013 4906 Summario
1056 4839 1232 4907 addi
1281 4836 1496 4908 debet
1544 4839 1724 4908 fides
1774 4840 2405 4924 Sub-promotoris
2450 4838 2817 4923 generalis
2879 4835 3048 4904 fidei
3095 4838 3194 4902 te·

213 4941 1019 5117 ’tffiffssmmmmm
1066 4947 1307 5030 ipsum
1361 4947 1806 5015 concordare
1849 4966 2018 5016 cum
2072 4947 2262 5015 actis
2307 4947 2580 5016 Sacrae
2624 4942 3197 5030 Congregationi

209 5066 300 5116 ex
357 5048 374 5066 ⁸
459 5051 493 5116 t
566 5098 583 5116 .

455 5274 740 5337 S.B..,O
780 5275 2022 5339 instr.a.18⁷8;decr.8apr.1889,n.11.

383 5373 410 5407 ²
458 5366 621 5419 S.B.
651 5366 741 5428 0.,
768 5365 924 5420 decr.
960 5366 2354 5431 mmm01,n.4⁰;decr.8apr.18oe‚n.
2390 5369 2438 5420 1.

460 5456 743 5520 83Ἵο
781 5455 1700 5520 decr.llioct1878,}1,n.5⁰.
