3753 5871
1199 289 1376 369 Iatour
1419 290 1681 353 Quartus
1715 315 1735 325 -
1769 290 1858 341 Do
1902 289 2280 342 Promotou
2704 350 2709 355 ¹
3143 286 3254 345 568

1388 745 1635 849 PARS
1700 745 2155 849 SECUNDA·

460 964 609 1047 DE
676 960 1058 1049 cAlels
1129 958 2097 1047 BEATIFIGA'HONIS
2168 956 2774 1045 snnvomm
2839 958 3038 1042 DEI

847 1139 990 1225 ΕΤ
1056 1139 1265 1224 CAN
1269 1135 1965 1224 0NIZAT10NIS
2036 1135 2653 1223 BEATORUM

1513 1546 1692 1613 CAN.
1754 1543 1952 1613 1999.

433 1707 466 1787 5
515 1707 579 1770 1.
630 1703 917 1771 Causae
959 1701 1529 1771 beatificationis
1587 1701 1982 1770 Servorum
2038 1701 2181 1768 Dei
2223 1708 2299 1770 et
2340 1701 2927 1770 canonizationis
2985 1703 3239 1772 Beato

252 1831 421 1879 rum
462 1810 684 1879 unius
720 1810 1038 1879 Sanctae
1077 1809 1291 1878 Sedis
1324 1808 1603 1877 iudicio
1638 1812 2116 1877 reservantur
2160 1806 2212 1872 ².

429 1920 463 2004 5
508 1919 576 1986 2.
625 1920 742 1987 Ad
789 1937 1120 1988 normam
1162 1935 1328 1986 can.
1372 1906 1529 2001 253,
1587 1917 1621 2000 5
1665 1918 1710 1985 3
1751 1936 1906 1985 una
1947 1918 2343 1985 Sacrorum
2397 1917 2708 1986 Bituum
2751 1919 3248 2005 Congregatio

251 2027 333 2094 in
384 2028 502 2095 his
539 2028 787 2095 causis
823 2028 1246 2110 competens
1283 2029 1420 2093 est.

436 2135 470 2218 5
515 2134 583 2201 3.
633 2134 1019 2202 Ordinarii
1045 2134 1398 2215 locorum,
1440 2132 1603 2200 iure
1642 2133 1971 2217 proprio,
2006 2137 2320 2217 possunt
2347 2151 2435 2201 ea
2474 2138 2770 2201 tantum
2804 2152 2991 2218 quae
3022 2135 3103 2201 in
3131 2153 3244 2202 ca·

254 2242 575 2310 nonibus
613 2242 739 2326 qui
778 2245 1189 2326 sequuntur
1222 2238 1496 2308 eisdem
1530 2259 1873 2325 expresse
1908 2240 2479 2309 demandantur.

1527 2454 1705 2521 CAN.
1751 2454 1949 2521 m.

436 2597 470 2680 5
516 2598 584 2664 1.
632 2596 921 2666 Causae
969 2597 1393 2665 huiusmodi
1438 2597 1725 2682 duplici
1787 2606 2103 2681 possunt
2156 2596 2547 2681 procedere
2597 2597 2745 2680 via,
2799 2595 3084 2664 scilicet
3132 2596 3249 2663 vel

260 2704 642 2773 ordinaria
681 2724 828 2773 non
865 2705 1117 2773 cultus
1160 2705 1279 2772 vel
1324 2705 1923 2773 extraordinaria
1956 2722 2178 2772 casus
2213 2704 2501 2788 excepti
2549 2722 2678 2772 seu
2716 2704 2991 2772 cultus.

438 2811 473 2895 5
517 2812 585 2879 2.
636 2812 780 2881 Per
815 2812 1269 2883 ordinariam
1305 2813 1501 2880 viam
1540 2812 1994 2897 proceditur,
2039 2812 2358 2897 quando,
2407 2815 2805 2897 antequam
2841 2812 2939 2880 ad
2974 2812 3248 2880 discus·

262 2920 538 2991 sionem
570 2939 794 3007 super
822 2922 1231 2991 virtutibus
1266 2921 1729 3006 deveniatur‚
1765 2920 2068 3007 probari
2102 2920 2523 2990 intenditur
2554 2921 2844 2990 nullum
2876 2921 3254 3007 publicum

259 3030 544 3099 cultum
581 3029 809 3099 Servo
843 3031 984 3099 Dei
1010 3031 1244 3098 fuisse
1271 3030 1715 3115 praestitum
1742 3030 1885 3112 vel,
1915 3030 1982 3097 si
2015 3030 2310 3114 quando
2336 3047 2470 3114 per
2504 3030 2816 3099 abusum
2847 3031 3256 3115 praestitus

262 3137 517 3221 fuerit,
548 3136 922 3206 sublatum
956 3138 1210 3223 fuisse3
1245 3156 1378 3222 per
1403 3137 2075 3206 extraordinariam
2105 3156 2283 3207 vero
2306 3156 2474 3206 cum
2504 3138 2808 3223 probari
2833 3138 3253 3207 intenditur

263 3243 580 3329 aliquem
610 3244 750 3312 Dei
791 3244 1097 3313 Servum
1127 3246 1205 3312 in
1238 3246 1693 3330 possessione
1724 3246 2004 3331 publici
2042 3251 2118 3315 et
2146 3245 2628 3316 ecclesiastici
2658 3245 2909 3315 cultus
2939 3247 3247 3315 versari.

1528 3455 1707 3524 CAN.
1753 3455 1951 3522 2001.

441 3596 475 3680 5
522 3600 588 3663 1.
637 3596 924 3665 Causae
960 3599 1373 3683 martyrum
1407 3597 1561 3666 sive
1598 3597 2004 3682 procedant
2036 3616 2171 3682 per
2203 3599 2399 3666 viam
2444 3598 2899 3667 ordinariam
2936 3599 3091 3667 sive
3125 3617 3259 3684 per

269 3704 934 3772 extraordinariam
1005 3723 1148 3772 non
1234 3710 1410 3774 sunt
1489 3706 2006 3789 cumulandae,
2077 3706 2204 3774 sed
2276 3725 2420 3774 una
2430 3725 2758 3794 quaeque
2817 3707 3256 3794 singillatim

270 3812 661 3879 tractanda
683 3815 820 3896 est,
849 3812 996 3880 nisi
1018 3818 1288 3899 agatur
1309 3813 1403 3883 de
1430 3814 1887 3901 martyribus
1911 3814 2139 3900 quiin
2166 3816 2418 3885 eadem
2443 3816 2951 3900 persecutione
2975 3816 3252 3884 eodem·

273 3936 409 4002 que
454 3920 614 3988 loco
649 3920 854 4005 pasd
889 3922 1091 3989 sunt.

441 4025 477 4110 5
522 4025 588 4092 2.
639 4027 727 4095 Id
761 4028 1059 4097 extendi
1094 4045 1380 4113 quoque
1419 4029 1635 4098 debet
1669 4030 1764 4097 ad
1799 4029 2197 4100 distinctos
2230 4049 2618 4116 processus
2651 4039 2725 4101 et
2763 4032 3259 4102 discussiones

273 4151 454 4219 quae
481 4134 563 4202 in
595 4134 691 4202 iis
719 4135 967 4202 causis
1006 4133 1168 4203 fleri
1207 4137 1820 4221 praescribuntur
1849 4138 2024 4207 inde
2052 4156 2100 4206 a
2136 4156 2407 4207 causae
2441 4139 2993 4210 introductione
3027 4158 3259 4225 usque

271 4241 360 4309 ad
400 4240 641 4310 finem.

1529 4357 1724 4430 CAN·
1771 4356 1970 4423 2002.

440 4494 533 4562 In
561 4496 969 4565 canonibus
1001 4499 1127 4583 qui
1165 4460 1600 4582 sequuntur,
1634 4499 1928 4568 nomine
1957 4498 2340 4567 ordinarii
2374 4518 2520 4568 non
2554 4500 3005 4585 intelligitur
3043 4503 3254 4570 Vica-

276 4600 429 4671 rius
457 4601 867 4689 Generalis,
903 4606 1050 4675 nisi
1079 4605 1426 4677 habuerit
1454 4607 1890 4676 mandatum
1924 4609 2241 4695 speciale
2281 4609 2334 4677 ³.

448 4893 471 4930 ¹
506 4894 572 4947 C.
598 4897 650 4957 1,
678 4896 746 4956 x,
775 4897 846 4947 ac
870 4896 1140 4957 rounam
1165 4900 1223 4949 οε
1249 4897 1627 4950 moratione
1651 4902 2011 4960 summm,
2039 4901 2157 4964 111.
2192 4903 2275 4965 ὥς
2298 4902 2577 4959 Clemens
2599 4905 2704 4968 VI,
2729 4917 2821 4968 ep.
2851 4921 2882 4957 ι
2909 4905 3103 4968 sapor
3134 4909 3257 4968 ‹11⁸6-

282 4983 520 5036 mm
553 4998 603 5045 ι,
632 4983 699 5038 w
732 4988 879 5047 sept.
910 4986 1057 5048 1851:
1085 4986 1360 5040 Urbanus
1386 4988 1554 5050 VIII.
1587 4993 1774 5043 const.
1807 5005 1838 5041 ι
1876 4990 2163 5045 cocleam
2191 4990 2569 5047 Hierusalem
2597 5009 2648 5057 ι,
2677 4995 2713 5048 ⁶
2740 4996 2847 5048 iul.
2879 4996 3028 5060 1084.
3064 4998 3091 5059 2
3124 5000 3177 5060 1.
3208 4999 3258 5062 ἡ

280 5074 628 5128 Bmmetus
654 5076 806 5138 xlv,
838 5079 1023 5129 const.
1058 5092 1089 5128 ι
1118 5076 1211 5129 Λᾶ
1240 5077 1520 5139 sepulcra
1552 5093 1602 5142 ι,
1633 5080 1699 5133 20
1726 5093 1859 5134 nov.
1901 5081 2049 5144 1741,-
2077 5085 2264 5136 const.
2302 5098 2335 5134 ι
2362 5083 2533 5136 laur
2559 5085 2902 5146 conspicuos
2932 5101 2984 5149 ι,
3024 5087 3091 5142 w
3120 5102 3252 5156 aug.

278 5164 420 5227 1744,
466 5165 493 5226 ί
525 5167 607 5229 143
644 5177 736 5228 ep.
772 5182 804 5217 ι
835 5166 1192 5228 lavam-wem
1225 5182 1276 5229 ι,
1313 5169 1379 5222 28
1411 5171 1562 5223 febr.
1606 5171 1755 5233 1⁷47.
1790 5184 1849 5224 n.
1882 5171 1933 5235 ος
1962 5175 2149 5226 σωκ.
2187 5188 2220 5224 ι
2253 5172 2534 5236 Quemvis
2569 5174 2727 5229 mco
2763 5191 2813 5239 ι.
2851 5178 2920 5232 80
2945 5191 3074 5240 apr.
3105 5180 3254 5240 1749,

281 5255 411 5319 212:
438 5267 528 5318 ep.
564 5272 595 5308 ι
618 5256 841 5309 Beatus
867 5258 1133 5311 Andreae
1164 5274 1215 5322 ο.
1241 5259 1307 5312 22
1328 5261 1461 5314 teor
1506 5261 1654 5325 17⁶6,
1683 5263 1712 5324 1
1737 5262 1820 5326 214
1846 5261 1908 5317 Β.
1934 5262 2000 5317 C.
2032 5264 2092 5317 Β.
2123 5263 2265 5328 Μ..
2290 5264 2444 5319 debr.
2477 5267 2543 5320 18
2571 5271 2745 5320 mart.
2778 5267 2927 5330 1025,
2961 5268 2988 5329 8
3018 5271 3071 5331 1;
3097 5268 3255 5322 decr.

278 5345 340 5398 10
371 5348 487 5399 oct.
519 5346 666 5410 102ος
705 5347 764 5400 Β.
797 5348 869 5400 Β.
900 5348 989 5411 0.,
1021 5350 1193 5404 lustr.
1230 5362 1287 5404 a.
1322 5350 1470 5405 1878.

445 5442 472 5478 ²
520 5436 577 5488 S.
613 5436 682 5488 R.
716 5438 803 5498 0.,
838 5438 955 5491 litt.
988 5441 1207 5502 encycl.
1242 5441 1310 5493 12
1336 5445 1512 5495 mart.
1545 5442 1691 5496 1081.
