3753 5871
482 382 766 442 (liet-000

100 572 365 641 tumul:

213 642 372 716 dere,
408 652 525 713 144ς
559 651 826 704 caelibem
858 651 1066 703 ducere
1096 651 1274 704 vitam
1292 652 1352 704 et
1382 652 1544 704 casti·

216 733 398 786 tatem
417 745 662 795 servare,
683 745 755 784 ex
769 730 1045 797 religione
1060 731 1111 784 si
1136 730 1254 784 sint
1267 731 1541 784 maiorum

210 813 500 875 ordinum,
546 811 638 864 18⁵
673 810 705 879 5
740 812 797 873 1;
829 812 967 864 item
1010 811 1061 864 si
1101 810 1221 864 sint
1265 811 1540 865 maiorum

209 893 482 945 ordinum
506 892 675 945 boras
693 891 996 944 canonicas
1015 890 1270 957 quotidie
1284 891 1539 954 recitare,

214 972 339 1034 136ς
366 972 516 1025 aliae
536 971 914 1039 obligationes
934 971 1067 1023 suis
1097 971 1242 1024 locis
1263 985 1540 1037 quaeren-

211 1051 346 1115 dae,
370 1050 512 1114 1237,
536 1050 660 1102 12ae
680 1051 712 1117 5
728 1050 778 1115 4,
799 1053 923 1105 im
946 1052 979 1119 5
999 1052 1051 1116 2,
1074 1051 1216 1114 1833,
1234 1050 1376 1114 iiim,
1395 1051 1536 1115 iiim,

211 1131 345 1184 1516
372 1131 405 1198 5
430 1132 483 1195 1;
518 1145 634 1194 eos,
665 1130 768 1197 qui
800 1132 1191 1186 ecclesiasticis
1209 1132 1538 1185 ministeriis

209 1225 343 1264 sese
378 1211 652 1265 devovere
693 1212 954 1279 eupiunt,
988 1212 1284 1264 instituere
1323 1211 1419 1264 ius
1448 1213 1536 1263 est

211 1292 494 1345 Ecclesiae
541 1293 827 1358 proprium
875 1295 933 1345 et
974 1292 1346 1356 exclusivum,
1385 1291 1533 1352 135&
1555 1311 1576 1334 ν

207 1374 525 1440 coniugati,
548 1374 650 1440 qui
673 1374 912 1426 maiores
932 1373 1175 1436 ordines,
1197 1373 1345 1425 bona
1365 1374 1535 1425 etiam

206 1452 342 1514 ilde,
365 1454 715 1519 receperunt,
738 1454 811 1506 ab
843 1467 1039 1505 eorum
1062 1452 1332 1506 exercitio
1353 1451 1536 1518 prohi-

207 1531 440 1595 bentur,
466 1532 558 1586 132
577 1531 609 1599 5
629 1532 687 1597 33
720 1533 866 1599 quid
891 1533 941 1584 si
962 1533 1277 1598 superiores
1306 1531 1535 1584 ordines

205 1614 458 1679 recipere
500 1612 687 1665 clerici
719 1615 999 1675 recusent,
1029 1612 1127 1664 073
1156 1613 1188 1679 5
1209 1612 1268 1676 Ξς
1302 1626 1537 1665 consue-

205 1693 353 1745 tudo
407 1693 557 1745 vitae
607 1694 923 1746 communis
970 1692 1256 1745 laudanda
1300 1694 1359 1745 et
1405 1694 1533 1745 reti·

206 1772 402 1824 nenda
431 1773 480 1825 si
515 1772 683 1834 adsit,
720 1773 836 1837 13&
877 1772 1284 1839 praecedentia,
1321 1772 1416 1824 401
1448 1772 1535 1840 52

202 1852 363 1917 (vide
407 1854 595 1907 Status
642 1852 984 1919 clenodia„
1036 1853 1106 1905 de
1153 1852 1534 1919 peculiaribus

201 1932 539 1985 clericorum
574 1934 771 1998 poenis
801 1932 1187 1994 vindicativis,
1219 1932 1370 1993 m3
1401 1933 1532 1985 vide

205 2014 468 2078 Habitus,
500 2014 819 2078 suspensio,
851 2014 959 2065 etc.

84 2094 468 2145 -mamm.·
502 2107 616 2145 non
638 2095 777 2146 sunt
795 2093 1135 2146 admittendi
1158 2093 1231 2145 ad
1250 2093 1533 2145 dimissio-

204 2187 343 2225 nem
361 2173 617 2227 beneflcli
640 2175 755 2226 nisi
776 2174 932 2226 certo
952 2173 1198 2226 habeant
1216 2175 1533 2226 necessaria

200 2254 282 2305 ad
314 2255 806 2315 sustentationem,
843 2254 992 2315 11843
1017 2255 1133 2306 imo
1153 2254 1407 2305 dimissio
1437 2255 1530 2307 be-

199 2331 398 2386 neficii
420 2334 492 2386 ad
513 2335 678 2387 cuius
695 2333 929 2386 titulum
951 2334 1084 2400 quis
1098 2336 1186 2386 est
1209 2334 1531 2397 ordinatus,

200 2414 376 2466 irrita
405 2417 513 2477 est,
547 2415 682 2476 nisi,
718 2415 1018 2478 etc.,i‹185;
1055 2413 1306 2467 invalide
1338 2414 1530 2467 matri-

199 2494 467 2546 monium
497 2496 804 2556 attentant,
839 2494 986 2558 10723
1020 2507 1166 2560 quae
1199 2496 1374 2546 cosin
1396 2508 1532 2547 casu
1594 2521 1600 2526 ·

201 2576 481 2626 maneant
533 2588 765 2640 poenae,
817 2572 945 2625 2³88
996 2574 1117 2640 51;
1163 2588 1378 2626 munus
1420 2574 1529 2626 sibi

197 2655 594 2717 commissum,
617 2655 919 2707 ordinario
949 2656 1128 2706 inscio
1153 2657 1255 2707 aut
1278 2655 1529 2719 nolente,

197 2736 466 2786 deserere
507 2735 931 2801 praesumentes
971 2734 1358 2801 suspendendi
1391 2738 1531 2788 sunt

194 2829 235 2866 a
268 2814 511 2877 divinis,
551 2814 704 2875 23993
740 2806 886 2866 ritus
923 2814 983 2866 in
1021 2828 1180 2866 sacro
1213 2814 1531 2868 ministerio

195 2895 458 2962 graviter
504 2895 858 2963 negligentes
902 2894 1185 2961 quomodo
1234 2896 1528 2961 puniendi,

195 2975 362 3035 2³7&
395 2976 507 3027 nisi
540 2976 768 3028 accedat
805 2990 1070 3042 expressa
1105 2976 1338 3029 licentia
1375 2977 1532 3030 Ordi-

199 3055 360 3107 narii
395 3054 548 3108 licite
574 3069 686 3107 non
709 3058 849 3108 sunt
881 3056 1094 3121 patrini
1120 3057 1238 3110 sive
1261 3058 1322 3109 in
1351 3058 1530 3124 bapti·

194 3149 351 3196 smo,
383 3135 477 3186 766
515 3150 572 3187 ιι.
610 3135 660 3198 5,
698 3137 817 3188 sive
851 3138 909 3189 in
950 3137 1394 3201 confirmatione,
1435 3139 1531 3192 796

196 3232 260 3268 ιι.
287 3216 351 3278 3;
385 3216 435 3268 si
469 3217 703 3268 titulum
737 3218 1029 3281 amittunt,
1052 3217 1232 3269 alium
1265 3219 1375 3286 sibi
1410 3234 1531 3286 pro-

196 3296 402 3347 videre
430 3296 656 3358 debent,
691 3297 825 3359 nisi,
858 3299 987 3360 etc..
1019 3297 1116 3349 980
1141 3298 1173 3364 5
1200 3301 1254 3357 1;
1287 3299 1426 3364 quid
1460 3299 1528 3351 de

197 3376 519 3441 recipiente
549 3376 806 3429 ordinem
839 3391 1062 3429 sacrum
1096 3392 1165 3429 ex
1194 3379 1369 3440 metu,
1403 3378 1525 3439 21⁴3

191 3455 347 3521 quid
369 3454 439 3506 de
458 3454 728 3522 religioso
749 3456 916 3509 cuius
944 3458 1212 3522 professio
1234 3457 1305 3510 ob
1325 3459 1531 3511 admis-

192 3549 338 3588 sum
370 3536 443 3588 ab
482 3537 601 3602 ipso
645 3536 838 3589 dolum
877 3538 1159 3590 declarata
1200 3538 1313 3589 suit
1350 3537 1526 3600 nulla,

191 3615 359 3678 238⁹&
395 3629 608 3680 poenae
644 3618 708 3669 in
747 3617 1148 3683 delinquentes
1178 3620 1376 3670 contra
1407 3632 1528 3670 sex·

190 3700 351 3757 tum,
373 3695 499 3749 2359
518 3696 582 3762 55
603 3698 653 3758 Ξ,
675 3695 734 3758 3;
775 3697 905 3749 vide
944 3699 1161 3758 cleriei,
1195 3700 1383 3751 lanu
1416 3700 1528 3751 vlo·

193 3778 389 3829 lentas
422 3777 751 3843 inlicientes,
773 3779 1044 3830 Deductis
1074 3779 1427 3831 clericorum
1448 3781 1529 3830 ad

188 3860 431 3909 statum
464 3857 749 3914 laicalem.
786 3859 1142 3911 Besidentlae
1173 3862 1282 3912 lex.
1310 3859 1314 3863 ’

85 3972 86 3975 =
142 3939 438 3990 eninm-es
470 3939 713 4002 possunt
743 3938 977 4004 nuptias
998 3939 1162 4001 inire,
1196 3940 1292 3991 sed
1314 3941 1456 4006 quid
1478 3941 1527 3992 si

191 4020 425 4079 ineant,
470 4018 561 4071 132
595 4017 628 4084 5
658 4018 717 4078 2;
769 4032 983 4084 poenae
1021 4020 1081 4071 in
1126 4019 1529 4087 delinquentes

201 4099 414 4151 contra
434 4099 677 4161 sextum,
699 4098 851 4158 23583
875 4099 1004 4150 vide
1027 4099 1244 4166 clerici,
1261 4103 1529 4155 &ductio

190 4179 557 4231 clericorum
600 4180 680 4229 ad
713 4181 936 4231 statum
967 4180 1256 4232 laicalem.
1441 4202 1462 4208 -

151 4258 487 4323 reliaiosi:
511 4258 702 4323 quoad
734 4260 946 4321 studia,
968 4259 1203 4324 587-5913
1238 4260 1377 4325 quid
1411 4262 1460 4314 si
1494 4275 1530 4312 a

189 4338 486 4404 religione
517 4339 769 4404 legitime
800 4339 1023 4391 dimissi
1056 4340 1270 4391 fuerint
1297 4340 1528 4405 professi

185 4434 230 4472 a
267 4418 426 4470 votis
464 4419 840 4483 temporariis,
870 4418 983 4482 eis,
1016 4422 1121 4471 aut
1160 4434 1197 4471 a
1232 4421 1380 4473 votis
1415 4436 1533 4486 per-

190 4499 419 4567 petuis,
450 4499 563 4561 669,
595 4498 708 4561 670,
740 4498 832 4551 671
869 4514 964 4551 ιιιι.
1002 4501 1050 4563 1,
1082 4500 1134 4563 Ξ,
1167 4499 1215 4551 3.

141 4580 317 4647 vavi
351 4592 470 4631 non
502 4578 910 4642 admittuntur,
934 4582 1020 4633 111
1057 4579 1152 4647 51.

84 4675 267 4719 erus
302 4660 593 4723 indigena·
627 4659 739 4711 306.

84 4743 300 4798 offla
340 4740 420 4792 ad
460 4741 674 4791 statum
707 4739 1021 4794 clericalem
1065 4743 1169 4794 aut
1205 4741 1528 4809 religiosum

185 4819 683 4886 amplectendum,
715 4819 828 4883 971,
860 4819 1006 4884 2352,
1038 4822 1107 4873 cf
1145 4821 1376 4883 2143211
1417 4837 1530 4874 ma·

185 4899 719 4962 trimonium,1oe7
751 4900 851 4966 51.

85 4985 448 5039 adiumn-
478 4982 542 5033 in
572 4981 882 5043 beneflciis,
910 4980 1048 5033 1433.

127 5063 581 5129 Episcoporum
615 5061 745 5113 vide
775 5063 1028 5127 Episcopi
1065 5060 1464 5115 Goadiutorcs.

84 5142 492 5206 amantiae,
514 5155 644 5193 cum
670 5141 762 5194 vel
783 5143 908 5195 sine
939 5142 1135 5194 futura
1155 5143 1528 5206 successione,

188 5236 322 5277 non
359 5221 605 5273 veniunt
647 5222 880 5275 nomine
924 5223 1199 5285 beneficii,
1244 5223 1367 5275 1412
1400 5239 1456 5276 n.
1479 5227 1527 5278 3.

84 5310 255 5361 aex
288 5302 440 5353 iuris
472 5303 721 5353 monci
752 5314 852 5366 per
881 5316 941 5353 se
972 5303 1198 5370 respicit
1228 5302 1530 5355 Ecclesiam

181 5383 443 5435 lanum
463 5381 708 5443 tantum,
730 5382 783 5444 1;
808 5381 952 5447 quid
971 5383 1193 5434 statuat
1213 5383 1363 5434 circa
1381 5383 1531 5435 ritus

179 5466 253 5517 et
277 5460 673 5515 caeremonias
690 5460 1011 5526 liturgicas,
1030 5461 1091 5525 23
1123 5463 1274 5515 circa
1292 5476 1532 5517 conven-

1128 381 1317 433 Indeo
1349 382 2076 443 auctuum-alphabeticus

2386 383 2666 450 00643911
2987 386 3097 446 725

1647 570 1899 637 [Cedent

1769 650 1957 703 tiones
1971 663 2102 703 cum
2114 651 2287 704 variis
2302 647 2644 706 Nationibus
2658 653 3016 717 exsistentes,
3032 653 3093 718 33

1767 730 1917 782 circa
1957 731 2089 784 iura
2134 730 2264 784 aliis
2310 734 2604 798 quaesita,
2649 733 2964 800 privilegia,
3007 735 3094 787 in·

1767 810 1946 874 dulta,
1969 812 2099 875 etc„
2119 811 2178 872 ἐς
2201 812 2348 864 circa
2367 813 2813 866 consuetudines
2833 814 2940 865 sibi
2961 828 3091 867 con·

1695 947 1700 952 1
1764 891 1989 955 trariss,
2021 890 2080 955 ὃς
2117 891 2450 959 plerumque
2480 893 2692 946 retinet
2735 892 3087 960 disciplinam

1764 970 2069 1036 vigentem,
2111 971 2456 1038 quandoque
2491 972 2777 1037 immutat,
2819 973 2959 1039 quid
2996 987 3091 1027 ex-

1762 1050 1918 1114 inde,
1949 1050 1998 1103 6.

1635 1130 2004 1185 coemeteria
2029 1132 2127 1184 ius
2148 1131 2448 1197 Ecclesiae,
2475 1132 2596 1184 ime
2620 1133 2729 1200 513
2762 1133 3086 1186 coemeterii

1757 1211 2119 1275 constitutio,
2144 1213 2286 1277 im,
2312 1212 2452 1276 1210,
2474 1213 2814 1277 benedictio,
2834 1214 2957 1266 1205
2977 1213 3009 1279 5
3027 1216 3083 1278 1;

1758 1291 1900 1357 quid
1948 1293 2138 1358 quoad
2185 1292 2498 1360 epitaphia,
2541 1293 2914 1357 laudationes,
2955 1296 3085 1358 etc.,

1763 1369 1910 1436 12113
1931 1384 2009 1424 an
2031 1371 2339 1425 interdicta
2360 1373 2597 1425 ecclesia
2617 1374 2696 1426 sit
2716 1373 3081 1427 interdictum

1758 1453 2177 1516 coemeterium,
2199 1454 2301 1505 aut
2325 1455 2660 1506 coemeterio
2681 1454 2987 1507 interdicto
3008 1455 3085 1506 sit

1756 1530 2064 1584 interdicta
2093 1533 2348 1596 ecclesia,
2379 1532 2524 1596 2273,
2559 1533 2628 1586 cf.
2656 1534 2779 1585 1172
2808 1534 2841 1601 5
2861 1533 2920 1596 Ως
2944 1534 3080 1601 quid

1756 1609 1827 1664 de
1869 1614 2204 1665 coemeterio
2244 1614 2570 1677 interdicto,
2612 1614 2739 1666 m!
2779 1614 2811 1680 5
2831 1615 2891 1675 2;
2930 1614 3083 1680 quod

1756 1691 1964 1743 attinet
1987 1692 2059 1744 ad
2082 1694 2465 1767 violationem,
2499 1693 2978 1757 interdictionem,
3000 1707 3084 1747 re-

1754 1774 2233 1837 conciliationem,
2268 1775 2395 1836 ete..
2432 1773 2882 1839 aequiparantur
2914 1773 3082 1827 eccle·

1755 1855 1876 1918 siis,
1913 1854 2059 1917 mm
2095 1868 2311 1921 poenae
2344 1854 2406 1906 in
2438 1853 2738 1916 violantes,
2769 1853 2913 1906 m.

1631 1933 1924 1998 cenatio:
1958 1934 2232 1987 earnalis
2262 1934 2395 1986 vide
2427 1933 2898 1998 consus-inim

1630 2042 1694 2051 —
1723 2014 1967 2079 leuatis:
1984 2014 2451 2081 impedimentum
2474 2013 2838 2082 matrimonii,
2854 2014 3084 2080 quando

1755 2093 2269 2166 impediam-1050,
2302 2094 2530 2160 quando
2562 2094 2853 2156 dirimens,
2892 2093 3031 2145 iim.

1630 2202 1693 2211 —
1723 2173 2096 2241 aperiamus:
2141 2187 2213 2226 ex
2256 2174 2539 2241 baptismo
2575 2174 2922 2227 contrahunt
2960 2176 3082 2226 tan·

1756 2254 1876 2304 tum
1911 2266 2039 2305 cum
2067 2253 2353 2320 baptizato
2385 2254 2681 2320 baptizans
2706 2255 2764 2306 et
2796 2255 3077 2321 patrinus,

1752 2333 1865 2396 768,
1888 2333 1990 2398 qui
2010 2335 2204 2386 tamen
2230 2347 2354 2386 eam
2378 2348 2495 2387 non
2518 2334 2824 2395 contrahit,
2847 2335 2897 2386 si
2920 2334 3082 2386 adhi-

1753 2414 1958 2466 beatur
1988 2415 2051 2466 in
2074 2413 2409 2481 supplendis
2436 2414 2825 2476 caeremoniis,
2848 2413 2945 2465 ‘102
2968 2414 3001 2480 5
3017 2415 3077 2476 23

1753 2495 1854 2546 aut
1887 2494 1952 2545 in
1988 2494 2267 2560 baptismo
2299 2494 2709 2556 conditionato,
2732 2494 2855 2560 ipse
2886 2494 3078 2546 autem

1756 2589 1871 2628 non
1906 2574 2083 2626 ruerit
2113 2575 2378 2640 patrinus
2411 2575 2474 2626 in
2500 2575 2744 2640 utroque
2776 2574 3076 2639 baptismo,

1753 2654 1848 2706 763
1896 2655 1928 2721 5
1971 2654 2027 2718 2;
2085 2668 2156 2706 ex
2208 2654 2641 2707 confirmatione
2697 2655 2883 2707 oritur
2928 2656 3081 2707 inter

1753 2734 2147 2786 confirmatum
2182 2737 2239 2786 et
2270 2735 2581 2801 patrinum,
2620 2734 2742 2795 7973
2776 2735 3080 2788 constituit

1754 2813 2223 2880 impedimentum
2258 2814 2529 2867 dirimens
2563 2814 2985 2870 matrimonium
3011 2828 3082 2868 ea

1754 2895 1976 2947 tantum
2010 2907 2157 2961 quae
2189 2910 2259 2948 ex
2298 2896 2576 2963 baptismo
2616 2896 2724 2959 est,
2764 2895 2913 2958 10793
2947 2909 3079 2950 cum

1752 2989 1822 3027 ex
1865 2976 2206 3028 documento
2253 2977 2408 3029 certo
2445 2979 2503 3029 et
2543 2976 2891 3039 authentico,
2932 2976 3079 3029 nulli

1752 3050 2190 3109 contradictioni
2225 3056 2317 3108 vel
2350 3057 2668 3123 exceptioni
2706 3057 2972 3120 obnoxie,
3006 3058 3077 3109 de

1752 3150 1820 3188 ea
1860 3138 2102 3199 constat,
2152 3137 2339 3203 potest
2387 3136 2716 3189 ordinarius
2767 3138 3080 3190 summario

1753 3216 1920 3269 modo
1944 3217 2213 3270 devenire
2233 3217 2307 3269 ad
2328 3216 2724 3270 declarandam
2756 3216 3078 3269 nullitatem

1752 3297 2124 3358 matrimonii,
2161 3298 2300 3350 1990.

1627 3377 1998 3430 cohabitatio:
2038 3377 2375 3430 clericorum
2412 3392 2542 3431 cum
2582 3377 2916 3430 mulieribus
2948 3377 3077 3429 vide

1750 3457 1984 3517 cler-ich
2040 3458 2350 3525 coniugum
2402 3458 2621 3510 inducit
2673 3458 3080 3525 praesumptio·

1751 3551 1882 3590 nem
1913 3538 1984 3590 de
2014 3539 2516 3599 consummatione,
2553 3539 2677 3590 1015
2708 3537 2809 3605 52.

1626 3617 1859 3671 (Jollatio
1907 3621 2189 3672 beneficii:
2230 3618 2527 3672 collatores
2567 3619 2832 3685 quinam:
2878 3618 3077 3670 Roma-

1754 3713 1865 3751 nus
1911 3698 2171 3752 Pontifex
2201 3700 2264 3751 in
2298 3700 2568 3753 universa
2601 3698 2846 3751 Fax-,lesia
2886 3699 3075 3765 quoad

1751 3780 1962 3835 omnia.
2010 3779 2158 3840 143ss
2193 3779 2515 3832 cardinalis
2547 3780 2607 3831 in
2642 3792 2750 3831 suo
2782 3778 2955 3831 titulo
2991 3778 3077 3831 vel

1752 3858 2031 3919 diaconia,
2056 3858 2385 3912 ordinarius
2417 3859 2527 3912 loci
2552 3860 2614 3911 in
2637 3872 2742 3911 suo
2773 3860 3076 3920 territorio,

1750 3940 1850 4005 qui
1895 3940 1966 3991 de
2008 3939 2113 3991 hoc
2161 3938 2375 3992 habent
2416 3940 2797 3992 intentionem
2844 3940 2903 3991 in
2955 3940 3079 3991 iure

1748 4019 2063 4080 fundatam,
2102 4018 2225 4072 1⁴32
2272 4019 2304 4086 5
2340 4022 2385 4082 1,
2424 4019 2537 4082 ioe,
2581 4021 2696 4084 1523
2734 4035 2847 4073 non
2886 4021 3078 4071 autem

1751 4100 2011 4152 vicarius
2043 4099 2337 4152 Generalis
2370 4102 2475 4154 aut
2501 4100 2761 4153 vicarius
2794 4100 3080 4166 Capitula·

1753 4182 1850 4241 ris‚
1899 4181 2030 4241 nisi,
2066 4182 2194 4241 etc„
2238 4179 2361 4232 1432
2392 4182 2424 4248 5
2457 4181 2507 4244 2,
2549 4182 2665 4244 15s;
2700 4183 2802 4232 aut
2844 4179 3079 4233 inferior

1752 4260 2030 4313 beneficia
2058 4263 2346 4313 reservata
2377 4260 2506 4314 Sedi
2540 4262 2757 4327 Apost„
2795 4261 2944 4321 143&
2978 4263 3079 4313 aut

1751 4342 2294 4407 excommunicatus„
2336 4340 2465 4393 m
2502 4340 2537 4409 5
2571 4343 2598 4394 1
2643 4355 2701 4393 n.
2739 4342 2792 4406 13
2827 4340 2916 4393 vel
2960 4356 3082 4407 per—

1752 4420 2027 4474 sonaliter
2068 4422 2429 4482 interdictus,
2466 4420 2611 4484 me,
2657 4435 2713 4473 n.
2753 4423 2810 4483 3;
2844 4424 2950 4473 aut
2988 4436 3080 4474 su-

1751 4515 2013 4567 spensus,
2055 4501 2208 4565 &33
2256 4502 2399 4568 quid
2447 4503 2497 4554 si
2544 4501 2882 4554 ordinarius
2923 4501 3080 4554 intra

1751 4584 2024 4635 semestre
2075 4582 2410 4635 beneficium
2464 4596 2672 4635 vacans
2721 4596 2835 4634 uon
2882 4583 3079 4634 contu·

1751 4662 1904 4725 ierit,
1946 4661 2070 4714 1432
2109 4663 2142 4730 5
2173 4662 2230 4726 33
2268 4662 2501 4715 cuinam
2541 4662 2819 4715 iacienda:
2858 4661 3078 4725 clerico,

1753 4742 1863 4807 118,
1918 4744 2103 4809 magis
2157 4741 2354 4803 habili,
2415 4741 2524 4807 153;
2576 4757 2688 4795 non
2740 4743 2870 4805 sibi,
2928 4742 3078 4804 14373

1749 4825 1854 4876 aut
1895 4824 2079 4876 invito
2127 4821 2217 4873 vel
2267 4836 2379 4874 non
2429 4837 2693 4888 expresse
2738 4824 3078 4889 acceptanti,

1751 4904 1900 4969 143&
1935 4905 2042 4956 aut
2074 4901 2353 4955 saeculari
2386 4903 2649 4970 religiosa
2680 4903 2770 4956 vel
2812 4904 3082 4967 religioso

1751 4983 2080 5045 saecularia,
2120 4982 2260 5044 1442,
2292 4982 2409 5040 offl;
2440 4986 2542 5034 aut
2574 4984 3079 5049 excommunicato,

1750 5063 1878 5117 m
1924 5063 1957 5130 5
1993 5064 2018 5115 1
2069 5077 2128 5115 n.
2181 5064 2241 5128 23
2292 5063 2382 5116 vel
2429 5064 2806 5130 personaliter
2848 5065 3083 5118 interdi-

1750 5146 1860 5206 cto,
1896 5144 2023 5197 me
2054 5159 2110 5197 n.
2135 5142 2192 5208 3;
2227 5145 2331 5196 aut
2363 5158 2663 5210 suspenso,
2688 5144 2838 5210 8833
2862 5148 2966 5197 aut
2998 5147 3081 5197 in·

1751 5225 1903 5286 rami,
1945 5225 2100 5286 mla
2134 5226 2240 5277 aut
2271 5225 2523 5290 professo
2560 5225 2633 5277 ad
2666 5226 2952 5279 saeculum
2998 5238 3081 5276 re-

1751 5319 1975 5371 gresso,
2011 5306 2061 5358 si
2095 5306 2164 5358 de
2199 5305 2371 5357 certis
2408 5305 2702 5358 beneflciis
2730 5309 2950 5373 agatur,
2983 5305 3081 5356 oa

1752 5385 1784 5451 5
1818 5386 1842 5435 1
1885 5400 1941 5437 ιι.
1986 5386 2040 5449 1;
2085 5399 2465 5452 quorumnam
2508 5385 2654 5437 ratio
2686 5385 2745 5436 in
2778 5383 3080 5437 collatione

1752 5462 1949 5517 haberi
1983 5465 2202 5526 debeat,
2229 5463 2322 5515 180
2353 5464 2385 5530 5
2406 5464 2471 5525 23
2506 5462 2762 5516 facienda
2792 5466 3082 5528 praeterea
