3753 5871
1343 346 1520 398 uber
1548 347 1786 398 Tertius
1818 370 1839 383 ·
1874 344 1965 396 Do
2003 344 2202 396 Rom
3181 338 3287 401 371

482 542 516 623 ὅ
562 540 630 606 2.
678 540 1026 607 vicarius
1060 536 1445 605 Generalis
1482 537 1762 621 nequit,
1803 537 1962 604 sine
1999 535 2352 603 mandato
2395 534 2724 619 speciali,
2763 534 3117 619 reliquias
3159 552 3283 600 au·

306 650 675 720 theuticas
705 648 989 717 edicere
1029 648 1079 715 ².

1573 754 1750 823 OAN.
1800 753 1997 820 1284.

484 896 837 963 Locorum
875 897 1256 965 Ordinarii
1293 896 1706 982 reliquium,
1753 913 1972 980 quam
2012 899 2219 963 certo
2251 913 2400 962 non
2436 913 2592 962 esse
2624 892 3128 961 authenticam
3163 910 3283 959 no·

313 1007 488 1090 rint,
524 1026 574 1074 a.
612 1006 939 1075 fidelium
971 1008 1185 1075 cultu
1217 1007 1621 1091 prudenter
1655 1009 2044 1074 amoveant
2073 1004 2125 1073 ².

1576 1200 1752 1266 CAN.
1811 1199 2007 1265 1285.

478 1343 510 1425 ξ
558 1347 624 1409 1.
678 1344 948 1411 Sacrae
990 1343 1371 1427 reliquiae,
1416 1360 1725 1427 quarum
1769 1342 2368 1409 authenticitatis
2416 1339 2855 1409 documenta
2906 1342 2997 1407 ob
3036 1339 3291 1407 civiles

311 1453 905 1537 perturbationes
934 1454 1052 1522 vel
1094 1454 1185 1520 ob
1218 1452 1448 1526 alium
1487 1452 1882 1537 quemlibet
1916 1470 2168 1519 casum
2205 1452 2652 1533 interierint,
2702 1450 3039 1534 publicae
3081 1468 3285 1518 vene·

313 1565 587 1633 rationi
614 1582 705 1631 ne
735 1568 1225 1648 exponantur,
1258 1565 1404 1630 nisi
1432 1565 1826 1649 praecedat
1854 1563 2210 1630 iudicium
2248 1563 2631 1630 Ordinarii
2657 1562 2822 1635 loci,
2858 1579 3005 1630 non
3041 1564 3287 1628 autem

312 1674 592 1741 Vicarii
632 1674 1017 1741 Generalis
1050 1673 1206 1741 sine
1238 1674 1588 1742 mandato
1620 1674 1924 1758 speciali
1954 1672 1980 1708 ³

487 1785 520 1866 ξ
567 1784 633 1850 2.
683 1784 1068 1870 Reliquiae
1105 1791 1353 1852 tamen
1385 1784 1753 1868 'antiquae
1794 1785 1872 1851 in
1915 1802 2003 1851 ea
2041 1783 2512 1851 veneratione
2556 1802 2700 1867 qua
2742 1784 3098 1850 hactenus
3135 1783 3285 1849 tue·

314 1901 515 1978 runt,
576 1900 753 1962 sunt
799 1894 1247 1976 retinendae,
1309 1895 1452 1962 nisi
1499 1896 1577 1961 in
1624 1896 1875 1979 aliquo
1923 1894 2283 1979 peculiari
2328 1912 2506 1961 casu
2563 1893 2789 1961 certis
2834 1893 3294 1978 argumentis

308 2009 595 2081 constet
628 2024 757 2073 eas
786 2006 1020 2072 falsas
1052 2003 1167 2071 vel
1201 2005 1724 2090 suppositicias
1759 2024 1917 2073 esse
1947 2004 2002 2071 ⁴.

1569 2202 1743 2267 CAN.
1804 2200 1999 2267 1286.

491 2338 846 2405 Locorum
886 2338 1267 2406 Ordinarii
1308 2356 1396 2406 ne
1434 2338 1711 2421 sinant,
1755 2338 2070 2406 maxime
2107 2339 2187 2405 in
2230 2340 2463 2407 sacris
2497 2340 2999 2423 concionibus,
3050 2340 3292 2423 libris,

315 2448 898 2532 ephemeridibus
953 2449 1068 2516 vel
1133 2449 1682 2516 commentariis
1741 2434 2097 2517 fovendae
2163 2451 2429 2534 pietati
2485 2450 2906 2534 destinatis,
2945 2468 3033 2517 ex
3072 2451 3295 2518 meris

314 2559 783 2641 coniecturis,
842 2578 931 2627 ex
975 2560 1155 2626 solis
1202 2560 1707 2644 probabilibus
1761 2561 2221 2643 argumentis
2264 2562 2380 2628 vel
2428 2561 2958 2644 praeiudicatis
3016 2562 3290 2647 opinio·

318 2669 558 2751 nibus,
593 2669 1027 2753 praesertim
1069 2670 1312 2737 verbis
1343 2670 1746 2737 ludibrium
1780 2675 1918 2738 aut
1945 2671 2369 2754 despectum
2413 2671 2895 2754 sapientibus,
2935 2673 3291 2756 quaestio·

319 2797 447 2848 nes
492 2780 767 2865 agitari
804 2779 895 2847 de
932 2797 1311 2847 sacrarum
1361 2780 1842 2867 reliquiarum
1885 2781 2454 2849 authenticitate
2481 2781 2534 2847 ⁸.

1581 2972 1758 3040 CAN.
1806 2971 2003 3039 1287.

494 3108 528 3191 ξ
576 3111 641 3175 1.
691 3109 1099 3195 Reliquiae,
1131 3130 1298 3180 cum
1336 3116 1833 3197 exponuntur,
1867 3113 1947 3179 in
1982 3099 2214 3180 thecis
2246 3131 2372 3180 seu
2405 3113 2650 3198 capsis
2678 3113 2974 3180 clausae
3003 3117 3081 3182 et
3108 3106 3290 3181 obsi·

316 3222 585 3301 gnatae
633 3220 787 3289 sint
826 3226 1132 3305 oportet
1162 3225 1213 3289 ⁸.

494 3329 528 3411 ξ
573 3329 641 3397 2.
691 3330 1076 3415 Reliquiae
1136 3333 1646 3401 sanctissimae
1694 3335 1958 3402 Crucis
2005 3352 2381 3419 nunqua-m
2431 3334 2512 3400 in
2563 3333 2813 3401 eadem
2864 3333 3078 3400 theca
3128 3349 3295 3399 cum

322 3438 655 3523 reliquiis
686 3440 1125 3509 Sanctorum
1159 3443 1496 3528 publicae
1530 3444 1991 3512 venerationi
2027 3444 2537 3527 exhibeantur,
2572 3443 2697 3511 sed
2729 3442 3106 3528 propriam
3144 3443 3293 3511 the·

318 3565 479 3616 cam
520 3555 938 3635 sepa-ratam
987 3552 1306 3621 habeant
1341 3554 1391 3622 ⁷.

323 3831 356 3882 7
390 3833 531 3893 lun„
568 3833 601 3884 2
632 3844 765 3895 aug.
805 3832 953 3892 1755,
989 3832 1068 3884 ad
1102 3831 1184 3894 16;
1229 3830 1286 3884 Β.
1319 3831 1384 3883 Ο.
1420 3831 1670 3893 Indulg..
1708 3831 1774 3884 16
1814 3831 1939 3883 dec.
1970 3831 2116 3894 1749ς
2164 3831 2529 3892 Urbinaton„
2564 3832 2630 3884 24
2664 3831 2782 3884 lun.
2822 3833 2970 3897 18245
3006 3832 3064 3886 Β.
3102 3833 3173 3884 Β.
3209 3833 3297 3893 G..

323 3928 622 3985 Auoustae
648 3925 1010 3985 Praetoriae,
1036 3926 1101 3977 21
1129 3927 1232 3977 iul.
1261 3925 1409 3985 1696,
1440 3925 1517 3977 ad
1544 3926 1592 3987 4;
1618 3924 1901 3985 Laudem,
1935 3925 2002 3978 28
2036 3926 2157 3978 iun.
2187 3925 2335 3987 1892,
2372 3927 2449 3978 ad
2480 3926 2548 3989 Ἲς
2576 3927 2915 3979 vicariatus
2949 3927 3144 3988 Urbis,
3175 3927 3294 3979 litt.

322 4020 539 4080 encycl.
574 4019 640 4071 17
672 4019 791 4071 lan.
825 4018 972 4071 1881.

503 4114 522 4149 ¹
564 4112 621 4166 Β.
656 4113 721 4165 G.
759 4112 1013 4174 Indulg„
1047 4112 1113 4165 23
1145 4115 1293 4173 sept.
1327 4112 1474 4164 1780.

503 4209 530 4245 ²
560 4207 625 4259 G.
661 4206 743 4267 26,
774 4207 846 4258 D.
880 4208 930 4266 1,
960 4209 1031 4257 de
1062 4217 1239 4264 conss
1260 4217 1311 4258 c.
1340 4206 1392 4267 2,
1422 4207 1489 4267 Χ,
1520 4209 1589 4257 de
1616 4205 1884 4266 reliquiis
1919 4211 1978 4258 et
2012 4205 2388 4258 veneratione
2416 4210 2773 4266 sanctorum,
2802 4207 2919 4268 111,
2947 4207 3029 4270 ὥς
3057 4207 3201 4260 Pius
3227 4208 3292 4270 X,

325 4301 441 4352 utt.
474 4302 692 4362 encycl.
724 4316 756 4352 α
784 4300 1072 4354 Pascendi
1101 4316 1151 4360 n,
1180 4300 1215 4352 8
1242 4303 1390 4361 sept.
1423 4283 1583 4363 1907ξ
1606 4303 1768 4353 motu
1808 4312 2001 4361 propr.
2035 4316 2067 4352 α
2099 4300 2413 4351 Sacrorum
2444 4300 2785 4352 antistitum
2815 4316 2865 4362 n,
2901 4304 2936 4352 1
2966 4303 3113 4362 sept.
3150 4301 3299 4361 1910,

324 4406 381 4445 n.
423 4394 524 4455 vn
561 4392 619 4446 Β.
651 4394 716 4446 O.
750 4394 1004 4456 Indum..
1038 4393 1279 4453 lacten„
1316 4393 1382 4446 20
1413 4394 1529 4445 ian.
1564 4394 1711 4456 189oe
1746 4393 1805 4447 S.
1838 4393 1909 4444 Β.
1942 4392 2030 4454 0.,
2063 4393 2394 4453 Amanium,
2435 4394 2469 4446 3
2509 4406 2641 4454 aug.
2678 4394 2825 4445 1697.

501 4490 526 4526 ³
562 4488 626 4540 G.
678 4489 728 4548 2,
761 4489 827 4549 Χ,
882 4490 953 4540 ae
1001 4488 1270 4548 reliquiis
1318 4492 1378 4538 et
1429 4486 1805 4538 veneratione
1855 4491 2214 4546 sanctorum,
2268 4488 2385 4548 111,
2448 4487 2530 4548 ὥς
2594 4487 2737 4538 Pius
2783 4488 2851 4548 X,
2907 4488 3025 4539 litt.
3078 4488 3297 4548 encycl.

327 4598 357 4633 ι
383 4581 671 4633 Pascendi
701 4595 752 4642 ι,
781 4582 817 4633 8
844 4586 991 4643 sept.
1030 4582 1177 4643 1907ς
1204 4587 1367 4634 motu
1398 4593 1590 4642 propr.
1624 4598 1653 4631 ι
1691 4580 2007 4632 Sacrorum
2043 4580 2384 4633 antistitum
2415 4596 2464 4641 ι,
2495 4582 2528 4633 1
2560 4583 2705 4641 sept.
2739 4581 2886 4641 1910,
2917 4593 2976 4631 n.
3012 4581 3112 4641 v1;
3143 4580 3201 4632 S.
3234 4580 3299 4632 G.

328 4676 580 4738 Indulg„
615 4674 946 4731 Divionen„
981 4674 1047 4726 22
1078 4674 1227 4727 febr.
1263 4675 1410 4737 184*st
1447 4675 1505 4726 S.
1539 4676 1609 4726 Β.
1643 4676 1730 4736 O„
1767 4675 2069 4734 Auouctae
2104 4674 2466 4734 Praetoriae,
2510 4675 2576 4726 21
2620 4675 2724 4726 iul.
2760 4674 2909 4734 1696,
2948 4675 3026 4726 ad
3061 4676 3111 4735 45
3155 4673 3301 4724 Lau·

328 4772 481 4828 aen„
516 4769 582 4821 23
614 4769 735 4821 lun.
774 4768 922 4828 1892,
956 4768 1034 4820 ad
1077 4768 1143 4830 V;
1176 4767 1516 4819 vicariatus
1553 4767 1747 4826 Urbis,
1785 4769 1901 4821 litt.
1946 4770 2165 4829 encycl.
2211 4768 2277 4820 17
2310 4768 2430 4819 lan.
2466 4768 2613 4820 1881.

502 4867 534 4904 ⁸
569 4863 712 4914 Pius
746 4863 812 4921 X.
854 4863 971 4915 utt.
1009 4864 1227 4923 encyel.
1267 4876 1298 4910 α
1337 4860 1622 4910 Pascendi
1661 4876 1708 4920 n,
1747 4861 1781 4912 8
1826 4865 1972 4920 sept.
2023 4861 2169 4923 1907;
2205 4865 2367 4932 motu
2408 4874 2600 4924 propr.
2643 4876 2674 4912 α
2721 4860 3034 4912 Sacrorum
3072 4861 3303 4911 antisti-

333 4961 456 5007 tum
493 4972 544 5019 »,
579 4959 612 5010 1
649 4959 796 5017 sept.
832 4957 981 5017 1910,
1026 4969 1084 5007 n.
1123 4956 1226 5018 VI;
1263 4954 1322 5008 S.
1354 4955 1418 5007 G.
1452 4955 1538 5014 G..
1577 4954 1985 5013 Albiuaanen„
2030 4954 2095 5005 14
2138 4959 2313 5006 mart.
2352 4955 2499 5014 1648:
2534 4954 2838 5012 Albunea„
2875 4955 2909 5006 3
2943 4958 3118 5007 mart.
3155 4953 3304 5014 1668,

328 5053 407 5105 ad
439 5054 488 5115 43
521 5051 579 5105 S.
612 5050 678 5104 G.
711 5050 964 5112 Indulg..
999 5050 1392 5109 Andeaaven„
1426 5048 1491 5101 29
1524 5049 1671 5100 febr.
1710 5048 1855 5108 1864;
1888 5046 2131 5105 lacten„
2176 5047 2241 5098 20
2284 5047 2402 5097 ian.
2439 5045 2585 5097 1896.

504 5147 532 5184 ⁵
567 5146 710 5197 Pius
732 5147 798 5205 X,
833 5146 948 5197 utt.
973 5146 1190 5205 encycl.
1221 5158 1253 5194 α
1277 5144 1563 5194 Ραεσοηάί
1592 5157 1640 5205 ι,
1667 5142 1701 5194 8
1725 5145 1871 5202 sept.
1908 5141 2054 5203 1907ς
2084 5143 2246 5192 motu
2273 5152 2465 5201 propr.
2495 5154 2527 5190 α
2553 5138 2865 5190 Sacrorum
2890 5137 3230 5190 antistitum
3255 5156 3305 5202 ι,

329 5241 359 5291 1
395 5242 543 5299 sept.
582 5239 731 5298 1910,
767 5250 825 5289 u.
864 5238 965 5291 VI.

510 5335 537 5372 ⁸
565 5332 631 5385 O.
666 5333 717 5394 2,
753 5333 820 5391 Χ,
855 5333 926 5383 do
959 5329 1228 5391 reliquiis
1258 5335 1317 5382 et
1357 5329 1733 5381 veneratione
1766 5331 2124 5387 sanctorum,
2160 5330 2274 5389 111,
2317 5329 2399 5380 45.

511 5431 538 5469 ⁷
569 5426 627 5479 8.
666 5428 730 5483 O.
770 5427 1021 5488 Indulg„
1060 5425 1465 5484 cenomanen„
1502 5425 1568 5475 22
1600 5426 1749 5476 febr.
1785 5425 1934 5485 18473
1969 5423 2027 5476 8.
2060 5423 2130 5474 Β.
2164 5424 2251 5482 G..
2297 5423 2452 5475 decr.
2499 5435 2626 5483 gen.
2663 5421 2728 5472 27
2763 5421 2905 5472 mali
2951 5420 3097 5482 1826;
3133 5418 3306 5469 Geno-

330 5532 584 5579 manen„
619 5521 686 5572 18
716 5521 863 5572 tebr.
900 5520 1048 5581 18433
1080 5519 1443 5578 Beroomen„
1475 5519 1541 5571 25
1579 5520 1724 5570 mail
1756 5518 1904 5578 1906,
1938 5518 2017 5570 ad
2058 5518 2107 5569 1.
