3753 5871
528 224 640 283 lm
1669 227 1868 279 Codex
1907 226 1935 278 1
1944 225 2067 277 uris
2116 227 2399 279 canonici

1802 503 1981 570 CAN.
2033 502 2227 569 1670.

710 644 744 727 ξ
771 648 837 711 1.
862 645 1094 713 Actor
1121 651 1366 728 potest
1390 663 1539 711 una
1562 645 1930 713 instantia
1955 647 2337 713 cumulare
2362 646 2693 713 actiones
2716 645 3210 729 possessorias
3234 648 3315 711 et
3348 643 3522 728 peti·

531 751 789 833 toi-ias,
829 751 974 818 nisi
1012 752 1233 836 spolii
1266 753 1600 837 exceptio
1631 772 1720 821 ex
1755 753 2066 820 adverso
2109 757 2531 837 opponatur
2581 754 2631 820 ¹.

705 858 739 941 5
785 857 852 924 2.
903 859 1199 927 Pariter
1225 860 1345 927 fas
1379 866 1491 928 est
1521 880 1646 928 reo
1671 867 2035 930 convento
2060 862 2137 928 in
2176 861 2552 946 petitorio,
2586 863 2911 928 actorem
2943 859 3421 927 reconvenire
3451 860 3523 925 in

529 967 999 1050 possessori03
1041 973 1116 1035 et
1155 968 1549 1046 viceversa,
1587 969 1733 1035 nisi
1768 989 1886 1037 res
1918 971 2018 1037 sit
2054 970 2146 1037 de
2178 969 2417 1054 spolio
2460 967 2513 1033 ¹.

1800 1185 1979 1252 CAN.
2041 1183 2237 1250 1671.

702 1326 736 1409 ξ
784 1328 849 1391 1.
900 1325 1090 1392 Item
1112 1325 1233 1392 fas
1257 1330 1369 1392 est
1389 1325 1652 1407 actori,
1680 1331 2079 1410 antequam
2099 1325 2526 1393 conclusum
2549 1325 2781 1393 tuerit
2803 1326 2883 1392 in
2909 1342 3161 1408 causa,
3193 1324 3288 1392 ab
3314 1323 3522 1391 insti·

526 1437 695 1501 tuto
742 1433 1017 1501 iudicio
1055 1435 1409 1518 petitorio
1450 1434 1737 1519 regredi
1777 1434 1872 1501 ad
1924 1434 2454 1519 possessorium
2496 1431 3013 1519 adipiscendae
3055 1433 3173 1501 vel
3225 1450 3519 1517 recupe-

526 1541 802 1609 randae
853 1538 907 1605 ⁸.

700 1648 734 1731 ξ
780 1648 847 1714 2.
900 1649 1060 1717 Imo
1089 1669 1175 1717 ex
1208 1649 1406 1717 iusta
1434 1667 1661 1716 causa
1698 1650 1918 1718 iudex
1956 1650 2180 1718 etiam
2210 1657 2379 1735 post
2410 1649 2952 1718 conclusionem
2990 1650 3072 1717 in
3101 1667 3358 1731 causa,
3393 1650 3520 1717 sed

520 1760 695 1824 ante
723 1758 1166 1825 sententiam
1198 1757 1681 1840 definitivam,
1714 1758 1908 1825 hunc
1939 1776 2348 1841 regressum
2381 1759 2810 1842 permittere
2845 1761 3115 1842 potest.

699 1864 731 1947 ξ
778 1865 845 1932 3.
898 1865 1179 1934 Iudicis
1213 1870 1351 1938 est.
1382 1867 1695 1934 attentis
1723 1869 2050 1951 partium
2087 1867 2683 1952 allegationibus,
2717 1871 2853 1936 aut
2883 1873 3272 1950 utramque
3304 1883 3518 1951 quae·

522 1974 834 2039 stionem
867 1974 1084 2040 unica
1119 1975 1488 2042 sententia
1527 1974 1857 2057 definire,
1895 1980 2029 2043 aut
2062 1976 2272 2059 prius
2310 1976 2464 2056 uni,
2504 1983 2758 2059 postea
2791 1974 3013 2042 alteri
3055 1973 3518 2056 satisfacere,

521 2080 771 2162 prouti
813 2080 1047 2163 magis
1088 2082 1431 2165 expedire
1473 2082 1615 2166 ipsi
1667 2083 2012 2150 videatur
2051 2084 2145 2150 ad
2185 2083 2608 2151 celeriorem
2663 2088 2733 2150 et
2788 2082 3190 2166 pleniorem
3235 2081 3516 2148 iurium

522 2186 911 2253 tuitionem
956 2188 1007 2258 ⁴.

1813 2505 2073 2573 esrom
2120 2507 2184 2572 Ι.

973 2645 1087 2711 De
1117 2649 1225 2714 rei
1261 2646 1843 2731 sequestratione
1875 2653 1948 2714 et
1982 2647 2417 2714 inhibitione
2457 2646 2790 2714 exercitii
2818 2646 3030 2714 iuris.

1795 2859 1972 2926 CAN.
2025 2859 2217 2925 1672.

688 3011 720 3094 §
769 3014 834 3078 1.
886 3012 1029 3092 Qui
1062 3011 1469 3080 ostenderit
1495 3030 1719 3096 super
1752 3012 2005 3096 aliqua
2035 3032 2112 3079 re
2140 3013 2234 3080 ab
2268 3012 2418 3079 alio
2446 3012 2747 3080 detenta
2777 3013 2896 3080 ius
2931 3031 3009 3081 se
3036 3011 3305 3080 habere
3336 3012 3508 3079 sibi·

512 3141 650 3206 que
685 3121 1035 3189 damnum
1068 3121 1448 3188 imminere
1477 3121 1623 3187 nisi
1661 3141 1777 3189 res
1808 3121 1966 3206 ipsa
1994 3121 2478 3189 custodienda
2511 3120 2883 3204 tradatur,
2916 3121 3036 3188 ius
3068 3121 3292 3190 habet
3321 3121 3511 3190 obti-

509 3229 730 3297 nendi
770 3248 818 3297 a
865 3230 1106 3297 iudice
1142 3229 1465 3297 eiusdem
1518 3230 1625 3297 rei
1665 3230 2321 3313 sequestrationem
2361 3229 2413 3295 ³.

688 3336 720 3418 ξ
769 3336 835 3403 2.
886 3336 976 3403 In
1015 3337 1380 3405 similibus
1415 3357 1658 3405 rerum
1687 3338 2063 3405 adiunctis
2093 3337 2424 3406 obtinere
2454 3340 2697 3421 potest
2730 3340 2814 3405 ut
2849 3336 3038 3404 iuris
3066 3335 3510 3405 exercitium

507 3443 734 3511 alicui
769 3444 1216 3512 inhibeatur.

686 3552 718 3633 ξ
765 3553 832 3620 3.
887 3552 1394 3637 sequestratio
1420 3555 1524 3622 rei
1547 3560 1623 3622 et
1645 3555 1993 3622 inhibitio
2016 3554 2351 3622 exercitii
2381 3555 2569 3621 iuris
2590 3573 2637 3621 a
2666 3554 2908 3621 iudice
2929 3553 3226 3621 decerni
3255 3558 3512 3638 potest

504 3680 592 3728 ex
628 3660 884 3736 officio,
925 3662 1254 3729 instante
1290 3662 1724 3747 praesertim
1768 3667 2188 3747 promotore
2221 3662 2558 3730 iustitiae
2592 3665 2728 3731 aut
2768 3661 3152 3729 defensore
3187 3661 3503 3743 vinculi,

507 3769 793 3852 quoties
844 3769 1113 3835 bonum
1157 3769 1530 3854 publicum
1576 3769 1655 3836 id
1699 3770 2080 3856 postulare
2121 3768 2463 3838 videatur
2509 3770 2560 3837 ⁸.

685 4049 706 4085 ²
743 4050 807 4101 C.
836 4050 886 4108 4,
915 4050 979 4109 Χ,
1011 4051 1082 4099 de
1108 4049 1312 4098 ordine
1338 4048 1752 4107 monitionum,
1784 4049 1866 4109 11,
1896 4051 1977 4111 10;
2002 4061 2051 4100 c.
2081 4049 2130 4110 2,
2160 4050 2225 4110 X,
2257 4052 2327 4101 de
2362 4061 2541 4100 causa
2573 4047 2960 4109 possessionis
2994 4052 3053 4100 et
3087 4047 3500 4109 proprietatis,

505 4141 587 4199 11.
620 4140 700 4199 12:
727 4152 775 4191 c.
816 4153 937 4200 un„
972 4142 1042 4191 de
1071 4151 1249 4189 causa
1284 4138 1686 4200 possessionis.
1708 4143 1765 4191 et
1796 4139 2198 4199 proprietatis,
2239 4140 2321 4200 11,
2353 4140 2403 4200 3,
2441 4141 2503 4190 in
2533 4139 2714 4192 clem.

674 4238 698 4271 ²
735 4230 797 4282 C.
833 4230 915 4290 21,
949 4231 1014 4289 Χ,
1049 4232 1119 4281 ‹ie
1154 4229 1409 4289 iudiciis,
1446 4230 1528 4289 11.
1563 4232 1612 4289 1:
1644 4241 1695 4281 c.
1726 4230 1777 4288 3,
1810 4232 1859 4290 4,
1892 4231 1958 4289 X.
1994 4232 2065 4281 ae
2105 4241 2286 4281 causa
2318 4228 2704 4290 possessionis
2747 4233 2805 4281 et
2844 4228 3247 4288 proprietatis,
3280 4227 3368 4288 11,
3406 4228 3490 4289 12

503 4334 551 4373 c.
602 4324 652 4379 1,
692 4321 756 4379 Χ,
799 4320 869 4371 ae
909 4321 1285 4371 restitutione
1322 4316 1726 4379 spoliatorum,
1771 4321 1854 4380 11,
1904 4322 1986 4382 135
2021 4332 2070 4371 c.
2121 4321 2171 4381 3,
2203 4321 2269 4381 Χ,
2310 4323 2382 4372 de
2421 4319 2885 4380 probationibus,
2928 4319 3011 4379 11,
3042 4319 3125 4379 19;
3162 4329 3213 4370 c.
3256 4330 3382 4377 un..
3422 4318 3495 4366 de

504 4423 682 4462 causa
716 4411 1100 4470 possessionis
1132 4415 1189 4462 et
1220 4409 1620 4470 proprietatis,
1656 4410 1738 4469 11.
1771 4410 1821 4470 3,
1857 4411 1921 4461 in
1950 4411 2131 4463 clem.

674 4510 699 4545 ³
740 4504 803 4555 C.
839 4504 889 4560 5,
922 4504 967 4553 X
1021 4505 1091 4554 de
1117 4513 1296 4552 causa
1325 4499 1710 4562 possessionis
1736 4506 1793 4552 et
1821 4502 2223 4562 proprietatis,
2260 4502 2342 4562 11,
2371 4502 2452 4562 12:
2483 4513 2534 4552 c.
2563 4501 2647 4561 36,
2678 4500 2745 4559 X,
2777 4502 2848 4551 de
2878 4499 3128 4567 testibus
3156 4503 3218 4550 et
3245 4500 3490 4549 attesta-

506 4594 779 4653 tionibus,
811 4594 894 4654 ΙΙ,
925 4594 1006 4655 2ος
1034 4605 1083 4645 c.
1116 4607 1238 4654 un.,
1272 4593 1342 4643 de
1374 4603 1553 4643 eausa
1585 4591 1972 4652 possessionis
2001 4596 2060 4644 et
2098 4591 2500 4652 proprietatis,
2533 4590 2616 4651 ΙΙ,
2655 4590 2707 4650 3,
2740 4590 2803 4640 in
2833 4589 3014 4641 Clem.

672 4690 698 4726 ⁴
740 4685 804 4736 O.
844 4684 892 4743 2,
926 4686 974 4743 4,
1007 4685 1057 4742 6,
1090 4684 1155 4742 Χ,
1193 4686 1262 4735 de
1301 4695 1478 4734 eausa
1523 4681 1910 4745 possessionis
1944 4688 2002 4735 et
2037 4680 2438 4742 proprietatis,
2485 4681 2568 4742 ΙΙ,
2604 4681 2685 4742 12;
2725 4692 2774 4731 c.
2811 4679 2895 4740 36,
2927 4679 2994 4739 Χ,
3033 4680 3106 4730 de
3144 4678 3394 4730 testibus
3427 4680 3486 4726 et

497 4773 1001 4831 attestationibus,
1039 4774 1119 4833 ΙΙ,
1156 4774 1237 4826 20.

670 4870 697 4905 ³
735 4866 799 4918 C.
848 4865 930 4923 26,
968 4865 1032 4917 C.
1074 4865 1155 4925 ΙΙ,
1204 4878 1257 4927 q.
1291 4867 1340 4927 6;
1377 4877 1427 4917 c.
1460 4866 1510 4925 2,
1541 4865 1591 4924 3,
1624 4865 1690 4925 Χ,
1730 4866 1801 4914 de
1838 4861 2306 4924 sequestratione
2342 4860 2769 4920 possessionum
2820 4864 2878 4911 et
2914 4858 3241 4918 fructuum,
3282 4858 3367 4918 ΙΙ,
3405 4857 3487 4917 17;

492 4970 542 5009 c.
583 4959 632 5015 7,
671 4960 735 5017 Χ,
778 4959 847 5011 de
888 4958 1301 5008 donationibus
1339 4958 1497 5007 inter
1531 4956 1724 5007 virum
1764 4959 1822 5005 et
1860 4966 2123 5012 uxorem,
2171 4958 2230 5005 et
2268 4954 2340 5004 de
2380 4955 2514 5003 dote
2550 4954 2681 5013 post
2724 4951 3043 5003 divortium
3091 4950 3481 5006 restituenda,

497 5048 594 5106 lv,
626 5048 706 5105 20:
734 5048 992 5108 Regulae
1027 5047 1353 5099 servandae
1388 5048 1450 5098 in
1482 5046 1719 5097 iudiciis
1745 5044 1905 5105 apud
1936 5044 1994 5097 S.
2024 5045 2095 5095 Β.
2137 5044 2325 5096 Rotae
2352 5042 2658 5102 OE'ribunal,
2691 5042 2723 5091 4
2752 5052 2886 5102 aug.
2919 5041 3068 5100 1910,
3100 5039 3129 5101 ί
3158 5039 3242 5098 35,
3270 5051 3329 5089 n.
3363 5040 3415 5089 1.

676 5142 701 5176 ⁶
731 5137 795 5189 C.
827 5138 876 5194 2.
907 5139 971 5197 Χ,
1004 5140 1075 5188 de
1104 5138 1235 5189 doio
1265 5141 1323 5188 et
1353 5137 1743 5195 contumacia,
1775 5135 1857 5196 ΙΙ,
1890 5137 1972 5197 14;
2002 5147 2051 5186 c.
2087 5135 2136 5194 2,
2168 5135 2219 5194 3,
2251 5134 2317 5194 Χ,
2352 5135 2422 5183 de
2459 5130 2928 5191 sequestratione
2957 5127 3392 5189 possessionum
3421 5129 3478 5177 et

490 5232 816 5288 fructuum,
849 5212 930 5287 ΙΙ,
962 5229 1042 5288 17;
1076 5241 1125 5280 e.
1165 5231 1246 5289 14,
1280 5230 1346 5286 Χ,
1383 5231 1452 5280 de
1482 5227 1945 5288 probationibus,
1981 5227 2063 5288 ΙΙ,
2093 5227 2175 5287 19;
2211 5237 2261 5276 c.
2292 5236 2415 5283 un..
2451 5225 2520 5274 de
2551 5221 3018 5282 sequestratione
3050 5218 3484 5279 possessionu-

493 5325 549 5373 et
584 5322 909 5381 fructuum,
950 5320 1030 5380 ΙΙ,
1067 5319 1116 5377 6,
1155 5320 1217 5370 in
1254 5319 1455 5380 Clem.;
1489 5318 1751 5378 Regulae
1788 5317 2115 5369 servandae
2151 5318 2212 5367 in
2260 5315 2496 5367 iudiciis
2530 5313 2688 5375 apud
2728 5312 2786 5366 S.
2825 5313 2895 5364 R.
2939 5311 3129 5364 Rotae
3173 5310 3482 5368 Tribunal,

489 5415 520 5461 4
557 5425 689 5473 aug.
723 5413 869 5471 1910,
904 5412 929 5472 ἃ
968 5411 1050 5469 98,
1087 5423 1143 5460 n.
1175 5412 1223 5461 1.
