3753 5871
1281 315 1453 365 Liber
1482 315 1719 367 Tertius
1753 337 1773 350 ·
1808 313 1898 364 Do
1937 313 2134 364 Rom
3114 300 3221 359 347

240 399 3217 435 ..-——...—--—-—-——-——————-———-—-———-————-—

1509 541 1686 608 CAN.
1735 538 1931 605 1217.

412 690 503 756 In
546 688 772 757 dubio
813 688 905 755 de
945 687 1106 754 iure
1149 685 1345 752 alius
1397 684 1769 768 ecclesiae,
1827 686 1946 752 ius
1991 686 2336 770 propriae
2389 685 2739 752 ecclesiae
2792 681 3229 768 paroecialis

243 816 530 881 semper
562 794 984 880 praevalere
1015 793 1253 861 debet.

1516 917 1692 984 ΟΑΝ.
1740 917 1937 982 1218.

423 1055 457 1137 ξ
504 1058 571 1122 1.
620 1057 826 1125 Licet
868 1075 1067 1124 mors
1100 1056 1454 1125 acciderit
1489 1062 1702 1124 extra
1739 1057 2117 1140 propriam
2153 1055 2593 1140 paroeciam,
2632 1054 2946 1121 cadaver
2981 1058 3228 1120 tamen

248 1163 326 1228 in
376 1164 756 1231 ecclesiam
799 1165 1180 1249 paroeciae
1219 1164 1564 1250 propriae
1605 1184 1792 1248 quae
1841 1165 2155 1232 vicinior
2195 1165 2321 1246 sit,
2369 1164 2460 1231 ob
2511 1164 2741 1229 funus
2783 1164 3228 1229 transferen-

247 1270 422 1337 dum
462 1278 599 1352 est,
643 1273 708 1339 si
744 1273 840 1339 ad
880 1292 1038 1339 eam
1079 1273 1453 1341 commode
1494 1274 1817 1357 pedestri
1867 1274 2134 1340 itinere
2175 1271 2550 1355 asportari
2600 1270 2856 1353 possit3
2903 1287 3112 1336 secus
3151 1269 3230 1335 in

245 1379 626 1445 ecclesiam
669 1380 1049 1463 paroeciae
1082 1382 1161 1447 in
1196 1399 1342 1466 qua
1376 1399 1574 1447 mors
1614 1381 1888 1449 accidit
1923 1382 1972 1448 ¹.

428 1487 461 1569 ὅ
508 1487 574 1552 2.
626 1488 1007 1555 Ordinarii
1052 1494 1166 1556 est
1210 1506 1347 1572 pro
1382 1507 1517 1557 suo
1555 1489 1961 1564 territorio,
2001 1489 2355 1573 inspectis
2396 1488 2894 1572 peculiaribus
2929 1486 3233 1553 circum·

252 1594 578 1676 stantiis,
618 1594 1055 1662 distantiam
1102 1596 1395 1682 aliaque
1435 1596 1791 1663 adiuncta
1825 1596 2238 1681 designare,
2291 1615 2478 1680 quae
2518 1594 3081 1663 translationem
3119 1610 3231 1659 ca·

248 1701 541 1769 daveris
569 1703 663 1768 ad
702 1704 1081 1770 ecclesiam
1112 1704 1399 1771 funeris
1429 1709 1563 1773 aut
1593 1705 1833 1772 locum
1868 1705 2296 1788 sepulturae
2329 1703 2859 1770 incommodam
2899 1700 3234 1783 reddant3

249 1812 326 1877 et
378 1811 442 1877 si
486 1812 868 1894 paroeciae
913 1811 1009 1879 ad
1062 1812 1393 1879 diversas
1434 1812 1800 1880 dioeceses
1848 1812 2297 1896 pertineant,
2356 1810 2775 1895 designatio
2818 1808 3236 1877 attenditur

250 1917 635 1985 ordinarii
672 1918 1025 1987 dioecesis
1062 1919 1142 1985 in
1184 1938 1329 2004 qua
1363 1920 1762 1987 defunctus
1801 1937 2224 2003 supremum
2262 1919 2453 1987 diem
2506 1918 2714 1986 obiit.

430 2025 463 2107 ξ
509 2026 577 2092 3.
628 2025 833 2094 Licet
871 2028 1271 2094 translatio
1317 2027 1414 2095 ad
1455 2027 1835 2095 ecclesiam
1874 2027 2164 2094 funeris
2211 2032 2343 2094 aut
2386 2026 2479 2094 ad
2522 2027 2760 2093 locum
2813 2024 3240 2109 sepulturae

253 2133 713 2201 incommoda
755 2134 880 2215 sit,
928 2152 1213 2218 semper
1254 2139 1503 2202 tamen
1546 2136 1917 2219 integrum
1960 2139 2074 2203 est
2119 2134 2475 2215 familiae,
2524 2133 2937 2215 heredibus,
2984 2134 3242 2201 aliisve

260 2259 569 2324 quorum
605 2242 939 2324 interest,
970 2242 1285 2309 cadaver
1317 2242 1496 2309 illuc
1523 2242 1837 2322 deferre,
1875 2241 2240 2326 susceptis
2267 2240 2788 2309 translationis
2815 2241 3154 2325 expensis
3190 2238 3240 2307 ².

1526 2418 1703 2486 CAN.
1756 2417 1952 2484 1219.

433 2557 467 2641 5
514 2559 581 2624 1.
634 2558 716 2626 Si
745 2558 822 2626 S.
855 2558 945 2625 R.
979 2558 1069 2624 E.
1101 2524 1528 2625 cardinalis
1553 2559 1631 2625 in
1663 2558 1862 2627 Urbe
1889 2559 2309 2635 decesserit,
2340 2576 2611 2642 corpus
2646 2557 3244 2633 transferendum

254 2671 394 2747 est,
433 2665 722 2733 funeris
748 2683 1002 2748 causa,
1037 2666 1115 2731 in
1147 2665 1527 2732 ecclesiam
1565 2683 1782 2750 quam
1816 2665 2194 2733 Romanus
2234 2667 2582 2733 Pontifex
2622 2664 3141 2748 designaverit3
3183 2666 3248 2732 si

256 2776 471 2839 extra
498 2772 795 2854 Urbem,
828 2773 906 2838 in
936 2772 1314 2840 ecclesiam
1345 2772 1821 2857 insigniorem
1850 2774 2183 2841 civitatis
2213 2793 2340 2841 seu
2372 2773 2518 2841 loci
2548 2774 2674 2840 ubi
2712 2791 2910 2844 mors
2946 2772 3245 2854 accidit,

257 2878 404 2947 nisi
449 2879 872 2948 cardinalis
907 2879 1129 2948 aliam
1170 2880 1498 2966 elegerit.

441 2987 475 3070 ξ
522 2987 590 3055 2.
639 2988 1012 3056 Defuncto
1068 2988 1439 3073 Episcopo
1502 2990 1990 3073 residentiali‚
2054 2990 2277 3057 etiam
2337 2989 2816 3056 cardinalitia
2884 2989 3252 3074 dignitate

258 3099 505 3170 aucto,
540 3100 675 3164 aut
701 3096 989 3164 Abbate
1018 3096 1132 3164 vel
1173 3096 1521 3165 Praelato
1560 3098 1870 3178 nullius,
1903 3115 2198 3181 corpus,
2240 3097 2528 3164 funeris
2566 3115 2818 3180 causa,
2855 3095 3255 3164 transferri

259 3202 477 3270 debet
513 3203 591 3268 in
639 3203 1018 3270 ecclesiam
1056 3204 1581 3283 cathedralem,
1632 3204 2076 3272 abbatialem
2115 3205 2231 3272 vel
2269 3204 2801 3289 praelatitiam,
2845 3205 2910 3271 si
2949 3203 3024 3270 id
3064 3222 3249 3271 com·

263 3311 474 3378 mode
519 3310 678 3378 fieri
724 3311 981 3395 possit3
1020 3330 1253 3393 secus,
1301 3312 1379 3378 in
1425 3311 1801 3379 ecclesiam
1844 3312 2322 3395 insigniorem
2359 3312 2690 3379 civitatis
2730 3331 2856 3378 seu
2897 3312 3066 3393 loci,
3110 3309 3252 3377 nisi

260 3417 344 3486 in
382 3422 695 3503 utroque
731 3436 908 3485 casu
945 3418 1344 3487 defunctus
1380 3420 1604 3486 aliam
1649 3419 2029 3487 ecclesiam
2068 3419 2395 3503 elegerit.

1537 3613 1714 3679 CAN.
1766 3613 1961 3679 1220.

442 3747 913 3815 Beneficiarii
943 3748 1453 3817 residentiales
1481 3749 1574 3816 ad
1610 3750 1991 3818 ecclesiam
2021 3750 2138 3817 sui
2163 3750 2496 3818 beneficii
2525 3751 3026 3820 transferendi
3053 3756 3254 3831 sunt,

267 3855 412 3923 nisi
454 3856 680 3923 aliam
716 3856 857 3922 sibi
891 3854 1247 3939 elegerint
1290 3856 1668 3924 ecclesiam
1705 3857 1995 3925 funeris
2027 3858 2080 3926 ⁸.

1530 4050 1708 4118 CAN.
1759 4050 1954 4115 1221.

449 4188 482 4270 5
529 4191 596 4255 1.
647 4190 976 4258 Professi
1029 4191 1358 4276 religiosi
1408 4210 1497 4259 ac
1548 4192 1836 4267 novitii,
1890 4192 2227 4260 defuncti
2287 4211 2454 4261 cum
2520 4193 2699 4275 sint,
2756 4193 3259 4261 transferendi

271 4298 474 4379 sunt,
525 4297 812 4365 funeris
861 4316 1112 4381 causa,
1156 4299 1250 4366 ad
1291 4299 1671 4367 ecclesiam
1712 4300 1829 4366 vel
1871 4301 2279 4367 oratorium
2323 4320 2500 4367 suae
2538 4300 2801 4367 domus
2841 4300 2955 4368 vel
3000 4302 3261 4369 saltem

270 4420 449 4470 suae
511 4404 914 4489 religionis,
979 4407 1119 4473 nisi
1175 4407 1438 4475 novitii
1488 4408 1711 4474 aliam
1763 4407 2144 4474 ecclesiam
2194 4409 2290 4474 ad
2341 4427 2553 4474 suum
2603 4409 2834 4474 funus
2885 4409 3262 4493 elegerint3

272 4510 392 4576 ius
432 4517 679 4578 autem
722 4512 1016 4580 levandi
1059 4515 1373 4581 cadaver
1413 4522 1487 4583 et
1529 4514 1716 4581 illud
1758 4513 2164 4583 deducendi
2221 4516 2314 4582 ad
2370 4515 2750 4582 ecclesiam
2795 4517 3262 4583 funerantem

274 4615 598 4700 pertinet
637 4638 922 4704 semper
960 4621 1052 4688 ad
1098 4621 1563 4705 Superiorem
1606 4621 2029 4705 religiosum
2063 4621 2113 4690 ⁴.

609 4848 675 4901 O.
707 4848 796 4909 0.,
825 4847 1100 4898 Por-tuen.
1137 4851 1197 4898 et
1226 4844 1777 4903 contemnetur-um,
1804 4845 1871 4897 23
1899 4845 2021 4896 iun.
2051 4843 2199 4905 1832:
2229 4843 2287 4896 S.
2322 4843 2394 4894 R.
2433 4843 2521 4903 0.,
2556 4841 2839 4899 mnsam,
2869 4842 2934 4893 15
2963 4842 3081 4892 ian.
3115 4840 3263 4893 1667.

620 4941 672 4996 1,
713 4938 784 4987 de
813 4935 1157 4996 sepulturis,
1190 4935 1308 4996 ΙΙΙ,
1336 4935 1389 4994 6,
1422 4935 1485 4986 ln
1515 4935 1835 4995 Extravag.
1876 4946 2023 4986 com.
2863 4943 2870 4964 ¹

623 5026 689 5079 0.
726 5025 813 5086 0.,
851 5024 1183 5082 Tiburtina,
1218 5024 1285 5076 12
1325 5025 1468 5076 mall
1503 5024 1651 5083 1685,
1688 5023 1767 5075 ad
1798 5024 1849 5084 2;
1885 5021 2339 5079 Tolenumten„
2378 5022 2443 5072 11
2488 5024 2635 5080 sept.
2674 5020 2822 5079 1694,
2860 5019 2937 5071 ad
2974 5018 3088 5078 111;
3127 5015 3270 5065 Nar·

282 5118 464 5176 πίση..
495 5117 563 5169 26
598 5120 746 5176 sept.
780 5115 929 5177 1699,
964 5114 1042 5166 ad
1071 5112 1530 5176 2>Derthonen.,
1563 5114 1628 5165 19
1666 5125 1820 5172 nov„
1857 5113 1892 5164 3
1922 5111 2046 5163 dec.
2079 5111 2228 5171 1718,
2263 5110 2342 5162 ad
2372 5110 2438 5162 16
2475 5112 2537 5162 et
2568 5109 2602 5159 7
2632 5108 2754 5160 dec.
2788 5108 2934 5168 17203
2967 5105 3270 5163 Andr-ten„

281 5207 350 5260 m
372 5207 498 5259 dec.
527 5206 675 5266 1766,
711 5204 778 5256 24
803 5205 946 5265 lan„
975 5205 1042 5256 19
1068 5205 1215 5264 sept.
1246 5203 1394 5263 1767,
1428 5203 1494 5253 15
1529 5204 1677 5261 sept.
1709 5202 1857 5262 1770,
1889 5200 1968 5252 ad
1995 5200 2097 5260 v1.
2129 5198 2389 5261 v11158.
2422 5198 2494 5249 R.
2527 5197 2616 5258 0.,
2651 5196 2712 5248 Β.
2753 5195 2977 5254 severi,
3007 5195 3073 5247 13
3101 5193 3268 5255 mali,

282 5295 351 5347 18
380 5294 505 5346 dec.
550 5294 699 5354 1756,
733 5293 811 5346 ad
845 5295 928 5345 11.

466 5387 495 5423 ⁴
526 5383 591 5436 0.
617 5384 701 5444 16,
733 5384 798 5444 X,
825 5384 897 5433 de
926 5381 1262 5434 accessibus
1285 5381 1686 5441 praelatorum
1708 5384 1767 5432 et
1791 5379 2182 5437 abditorum,
2208 5377 2277 5437 V,
2308 5378 2390 5438 81:
2418 5388 2469 5428 c.
2497 5377 2548 5438 5,
2576 5375 2647 5427 ile
2672 5374 3014 5434 sepultum,
3044 5372 3161 5433 ΙΙΙ,
3189 5371 3276 5431 12,

289 5475 354 5524 ln
387 5473 515 5535 V103
543 5472 603 5527 8.
632 5472 699 5525 O.
733 5472 839 5533 Dp.
867 5475 932 5525 et
957 5471 1121 5532 neg..
1151 5468 1446 5528 Parnon„
1478 5468 1547 5522 21
1579 5470 1681 5521 lul.
1712 5468 1864 5522 1848:

457 4848 578 4900 18.

458 4937 588 4989 ²0.

459 5027 585 5079 ⁸8.
