3753 5871
478 236 483 245 .
522 211 634 257 nv
1665 199 1864 254 Οοάοο
1910 200 2073 256 lm
2112 192 2395 255 Communi

3282 371 3391 407 m·

849 442 1075 509 Sectio
1117 443 1200 509 11.
1241 479 1321 490 —
1363 446 1461 510 De
1489 445 1955 528 peculiaribus
2000 449 2265 512 nonnis
2301 449 2381 512 in
2419 451 2619 514 certis
2672 449 3081 531 qubusdam

1244 561 1523 626 mdieie's
1559 563 1923 626 servandis
1965 610 3085 631 ............
3167 566 3528 632 1925-1998

521 722 667 788 Τιτ.
707 722 948 789 XVIII.
987 757 1069 770 —
1110 723 1209 788 De
1250 722 1473 788 modis
1512 723 1818 791 evitandi
1861 723 2190 791 iudicium
2236 728 2744 794 contentiosum
2767 777 2782 793 .
2866 777 2882 794 .
2967 777 2982 794 .
3066 777 3082 794 .
3164 728 3526 794 1925-1932

679 875 842 942 Car.
885 876 934 942 1.
1036 912 1116 924 —
1157 878 1257 943 De
1296 877 1759 944 transactione
1863 927 3082 947 .............
3165 883 3526 948 1925-1928

683 1006 844 1075 cn.
887 1011 973 1076 ΙΙ.
1042 1046 1120 1058 -
1164 1013 1261 1077 De
1301 1011 1794 1095 compromisso
1833 1010 1910 1076 in
1950 1011 2243 1077 arbitros
2261 1061 3081 1079 .........
3164 1015 3523 1080 1929-1932

520 1199 663 1264 Trr.
705 1198 886 1263 XIX.
988 1234 1068 1245 —
1108 1200 1207 1264 De
1248 1198 1503 1264 iudicio
1536 1198 1876 1265 criminali
1961 1247 3080 1268 ............
3165 1204 3524 1269 1933-1959

680 1350 844 1416 cu.
891 1353 944 1417 1.
1054 1386 1130 1399 —
1174 1353 1273 1418 De
1311 1352 1739 1417 accusatoria
1779 1351 2050 1418 actione
2089 1355 2159 1417 et
2197 1352 2715 1419 denuntiatione
2759 1403 2775 1420 .
2859 1404 2874 1420 .
2959 1404 2975 1420 .
3059 1404 3076 1421 .
3160 1357 3520 1424 1934-1938

677 1484 841 1552 cn.
882 1485 967 1552 11.
1043 1521 1117 1531 —
1161 1487 1260 1551 De
1301 1455 1750 1568 inquisitione
1753 1534 3078 1555 ..............
3162 1491 3522 1557 19994946

677 1618 841 1685 Car.
881 1619 999 1685 111.
1043 1655 1119 1667 —
1161 1620 1261 1685 De
1301 1620 1727 1703 correptione
1766 1620 2233 1704 delinquentis
2256 1671 3075 1690 .........
3157 1626 3520 1692 1947-1953

675 1755 838 1820 Cir.
881 1754 992 1820 lv.
1039 1790 1119 1802 —
1160 1756 1259 1820 De
1301 1754 1751 1821 instructione
1792 1748 2154 1837 processus
2179 1755 2560 1822 criminalis
2584 1757 2764 1822 etde
2790 1757 2888 1822 rei
2917 1775 3077 1823 eon-

1237 1871 1597 1938 stitutione
1640 1920 3065 1940 ...............
3149 1875 3511 1940 1954-1959

514 2061 657 2126 Τιτ.
699 2059 846 2124 ΧΧ.
889 2095 964 2106 -
1006 2059 1106 2124 De
1145 2059 1375 2125 causis
1430 2059 2053 2125 matrimonialibus
2056 2108 3076 2128 ...........
3157 2062 3518 2128 1960-1992

673 2203 835 2269 cle.
879 2205 929 2268 1.
1063 2238 1144 2251 —
1184 2204 1281 2268 De
1325 2202 1474 2267 foro
1513 2193 1970 2285 competenti.
2055 2252 2070 2268 .
2115 2166 2119 2173 ⁴
2155 2252 2871 2269 ........
2907 2244 2971 2269 -.
3056 2254 3071 2269 .
3157 2204 3517 2270 1960-1965

673 2326 836 2394 CAP.
880 2328 965 2394 11.
1072 2364 1148 2374 —
1188 2327 1287 2392 De
1325 2326 1658 2392 tribunali
1699 2328 2184 2393 constituendo
2254 2376 3073 2394 .........
3157 2329 3517 2395 1966-1969

672 2452 835 2518 CAP.
878 2453 994 2519 111.
1061 2489 1139 2501 --
1183 2453 1282 2518 De
1323 2452 1470 2518 iure
1532 2452 1903 2519 accusandi
1965 2452 2475 2518 matrimonium
2539 2456 2608 2517 et
2677 2452 3071 2537 postulandi

1237 2569 1815 2674 dispensationem
1857 2588 2065 2653 super
2103 2573 2281 2641 rato.,
2358 2619 3074 2637 ........
3161 2571 3516 2638 1970-1973

670 2706 832 2775 ΟΑΡ.
876 2707 988 2772 IV.
1066 2741 1138 2755 —
1185 2706 1282 2772 De
1323 2706 1848 2789 probationibus
1947 2754 3069 2773 ............
3154 2707 3513 2774 1974-1982

831 2823 975 2889 Art.
1017 2824 1070 2890 Ι.
1137 2860 1218 2870 -
1259 2823 1358 2888 De
1401 2824 1689 2893 testibus
1749 2872 3071 2890 ..............
3156 2824 3515 2889 1974-1975

832 2941 976 3007 Art.
1022 2942 1103 3008 11.
1138 2977 1218 2990 —
1259 2941 1358 3006 De
1398 2941 1819 3025 inspectione
1859 2941 2197 3025 corporali
2249 2989 3067 3007 .........
3152 2940 3510 3006 1976-1982

667 3075 829 3141 CAP.
873 3077 951 3141 V.
1062 3112 1134 3124 -
1179 3076 1280 3144 De
1320 3075 1786 3159 publicatione
1827 3093 2211 3158 processus,
2255 3076 2693 3142 conclusione
2741 3076 2814 3140 in
2863 3093 3074 3141 causa
3566 3059 3571 3063 ⁴

544 3259 547 3266 ,
1230 3194 1299 3256 et
1339 3190 1679 3256 sententia
1749 3239 3070 3256 ..............
3156 3192 3512 3256 1983-1985

666 3314 827 3382 CAP.
871 3318 984 3382 Vl.
1060 3351 1132 3365 —
1180 3317 1278 3381 De
1319 3316 1898 3400 appellationibus
1950 3365 3069 3382 ............
3153 3316 3514 3384 1986-1989

664 3439 826 3508 Cn.
870 3441 1014 3507 VII.
1059 3478 1133 3489 -
1175 3441 1274 3505 De
1314 3440 1592 3507 casibus
1633 3441 1932 3524 exceptis
1973 3459 2015 3505 a
2057 3440 2311 3525 regulis
2351 3442 2709 3523 hucusque
2752 3441 3022 3507 traditis
3052 3490 3068 3507 .
3153 3441 3512 3505 1990-1992

504 3613 646 3678 Trr.
690 3613 870 3678 XXI.
912 3646 992 3659 —
1032 3612 1130 3676 De
1172 3612 1402 3677 causis
1443 3615 1680 3677 eontra
1720 3630 1984 3677 sacram
2027 3610 2525 3676 ordinationem
2552 3660 3069 3676 ......
3153 3598 3513 3675 1993-19‘98

504 3860 729 3926 PARS
770 3859 1197 3928 SECUNDA.
1237 3897 1317 3908 —
1357 3864 1454 3929 De
1504 3862 1739 3929 causis
1794 3862 2335 3928 beatificationis
2390 3861 2762 3929 Servorum
2809 3859 2934 3925 Dei
2998 3864 3069 3924 et

742 3979 1300 4046 canonizationis
1340 3980 1713 4046 Beatorum
1747 4023 3064 4044 ..............
3150 3972 3499 4071 1999-2141

500 4164 643 4228 Τιτ.
688 4163 901 4229 XXII.
972 4197 1047 4209 —
1092 4165 1188 4227 De
1229 4162 1587 4229 nonnullis
1629 4162 1940 4246 personis
1982 4162 2259 4244 quaein
2289 4159 2399 4225 his
2442 4158 2874 4242 processibus
2916 4175 3066 4239 par·

1220 4283 1363 4344 'tem
1398 4279 1657 4345 habent
1739 4321 3062 4345 ..............
3143 4271 3507 4336 2003-2018

663 4412 826 4479 CAP.
870 4414 916 4479 1.
1014 4451 1089 4461 —
1134 4415 1231 4480 De
1261 4414 1503 4480 Actore
1542 4416 1612 4478 et
1652 4414 2081 4479 Postulatore
2151 4455 3067 4476 ..........
3148 4405 3510 4470 2003—2008

660 4538 822 4604 Gn.
865 4538 945 4604 11.
1015 4576 1093 4586 —
1133 4535 1233 4603 De
1274 4538 1621 4605 Cardinali
1663 4539 1996 4616 Relatore‚
2039 4534 2550 4602 Promotoribus
2590 4531 2745 4597 fidei
2786 4535 2854 4596 et
2895 4531 3066 4596 Sub-

1224 4652 1733 4740 promotorib'us
1737 4696 3059 4722 ..............
3141 4645 3505 4712 2009-2012

660 4783 821 4848 CAP.
865 4784 986 4848 111.
1028 4818 1105 4829 —
1147 4782 1246 4848 De
1287 4783 1578 4862 notario,
1622 4781 2030 4848 cancellario
2071 4782 2139 4844 et
2183 4778 2534 4842 advocatis
2547 4822 3063 4841 ......
3142 4769 3506 4836 2013-2018

499 4970 640 5036 Τιτ.
683 4971 931 5037 XXIII.
972 5009 1053 5019 —
1093 4972 1191 5037 De
1233 4971 1757 5054 probationibus
1797 4969 1870 5035 in
1912 4967 2025 5035 his
2066 4965 2497 5051 processibus
2552 4959 2962 5028 adhibendis
3046 5006 3062 5024 .
3142 4957 3505 5021 2019-2036

660 5113 822 5182 (ΠΛΡ.
864 5116 916 5181 Ι.
1009 5152 1090 5164 -
1132 5118 1231 5183 De
1271 5114 1796 5202 probationibus
1834 5112 2209 5197 generatim
2243 5152 3061 5176 .........
3143 5101 3504 5166 2019-2022

658 5243 820 5309 CAP.
864 5244 949 5309 11.
1013 5280 1088 5290 —
1133 5243 1231 5308 De
1273 5241 1566 5308 testibus
1604 5243 1676 5306 et
1714 5239 1953 5323 peritis
2037 5279 3060 5304 ...........
3139 5228 3496 5294 2023-2031

655 5369 819 5436 cn.
861 5369 977 5433 111.
1012 5404 1079 5416 —
1125 5368 1224 5433 De
1265 5365 1697 5433 documentis
1736 5364 2086 5449 processui
2128 5360 2511 5428 inserendis
2537 5404 3058 5422 ......
3138 5349 3501 5418 2032-2036
