3753 5871
1307 289 1483 341 uter
1528 290 1832 340 socundus
1868 315 1889 326 -
1923 289 2011 339 De
2050 289 2325 340 Pomm
3215 285 3316 342 ml

589 479 689 544 4.·
732 477 912 545 Piae
946 476 1257 545 uniones
1287 444 1711 562 primariae3

592 585 691 652 5.·
731 585 948 654 Aliae
984 585 1152 671 piae
1181 585 1492 652 uniones
1528 585 1578 652 ¹.

511 693 545 776 5
590 692 658 758 2.
707 692 1310 761 confraternitas
1344 692 1796 760 sanctissimi
1827 691 2315 774 sacramenti,
2347 693 2411 758 si
2440 695 2712 776 agatur
2735 691 2829 758 de
2860 690 3323 775 processione

329 803 411 868 in
443 819 590 886 qua
625 800 961 868 defertur
995 800 1543 868 sanctissimum
1577 801 2162 883 Sacramentum,
2202 800 2579 884 praecedit
2608 801 2794 886 ipsis
2821 801 3317 869 archiconfra·

505 907 521 924 .
651 907 668 924 .
850 906 877 943 ,

328 908 981 1097 termgtaglbgllsmioe
1021 1018 1269 1081 autem
1316 1019 1497 1082 tunc
1538 1013 1994 1083 solummodo
2014 1015 2156 1098 ‚ius
2208 1015 2767 1099 praecedentiae
2809 1015 3107 1099 habent,
3150 1032 3320 1083 cum

328 1122 820 1209 collegialiter
841 1121 1196 1191 incedunt
1225 1122 1362 1189 sub
1391 1123 1700 1207 propria
1720 1140 1940 1191 cruce
1962 1123 2081 1191 vel
2104 1123 2376 1192 vexillo
2405 1127 2484 1192 et
2503 1142 2673 1191 cum
2699 1123 2959 1191 habitu
2984 1142 3114 1191 seu
3146 1123 3320 1191 insi·

330 1230 602 1319 gnibus
627 1229 1146 1298 associationis
1178 1230 1242 1291 ³.

1633 1375 1894 1444 CAPUT
1930 1376 1996 1443 Ι.

1119 1497 1233 1566 De
1274 1499 1519 1568 tertiis
1560 1499 1965 1567 Ordinibus
2008 1498 2533 1568 saecularibus.

1627 1675 1805 1742 CAN.
1846 1673 2003 1741 702.

518 1779 553 1862 5
598 1782 665 1847 1.
716 1768 1067 1849 Tertiarii
1111 1782 1528 1850 saeculares
1570 1787 1748 1850 sunt
1793 1783 1923 1867 qui
1966 1783 2045 1849 in
2101 1781 2419 1865 saeculo,
2466 1782 2604 1848 sub
2648 1780 3149 1848 moderatione
3192 1780 3323 1847 ali·

332 1889 550 1954 cuius
578 1888 909 1972 Ordinis,
944 1889 1342 1957 secundum
1377 1890 1702 1959 eiusdem
1736 1889 2113 1975 spiritum,
2155 1889 2251 1957 ad
2283 1890 2769 1957 christianam
2802 1887 3328 1974 perfectionem

333 1995 777 2064 contendere
799 1996 1174 2076 nituntur,
1200 1998 1417 2066 modo
1439 1997 1804 2066 saeculari
1832 1998 2034 2065 vitae
2053 2002 2573 2081 consentaneo,
2604 1997 3003 2065 secundum
3031 1995 3327 2081 regulas

335 2102 430 2169 ab
460 2102 894 2186 Apostolica
933 2102 1118 2172 Sede
1149 2122 1287 2190 pro
1317 2104 1503 2188 ipsis
1534 2105 1988 2190 approbatas
2022 2105 2075 2171 ⁴.
2136 2168 2142 2176 ,
2648 2097 2651 2102 ’

270 2231 284 2238 ·
514 2207 550 2291 5
595 2208 663 2275 2.
715 2209 796 2278 Si
850 2212 1121 2279 tertius
1171 2212 1576 2280 saecularis
1626 2213 1832 2280 Ordo
1876 2213 1958 2279 in
2023 2212 2277 2296 plures
2326 2211 2858 2280 associationes
2904 2208 3314 2293 dividatur,

335 2316 598 2385 harum
637 2317 1018 2400 quaelibet
1042 2320 1370 2407 legitime
1409 2319 1823 2389 constituta
1860 2320 2140 2388 dicitur
2176 2318 2535 2387 sodalitas
2583 2316 3113 2385 tertiat-iorum.

1626 2478 1806 2547 om.
1849 2477 2004 2547 709.

518 2585 553 2668 5
599 2587 667 2651 1.
714 2586 974 2654 Firmo
1024 2584 1416 2670 privilegio
1473 2587 1855 2654 nonnullis
1911 2586 2317 2654 Ordinibus
2365 2604 2736 2668 concesso,
2798 2586 3007 2653 nulla
3070 2585 3330 2671 religio

338 2697 587 2778 potest
609 2694 918 2762 tertium
952 2692 1303 2762 Ordinem
1331 2693 1471 2761 sibi
1506 2693 1935 2779 adiungere.

518 2800 553 2883 5
596 2800 665 2867 2.
714 2800 918 2869 Dato
966 2801 1191 2869 etia-m
1236 2802 1647 2885 apostolico
1688 2802 2102 2887 privilegio,
2154 2802 2588 2887 Superiores
2645 2801 2971 2887 religiosi
3016 2805 3332 2885 possunt

339 2906 631 2994 quidem
657 2927 1011 2994 personas
1033 2910 1527 2994 particulares
1548 2912 1775 2979 tertio
1798 2911 2066 2979 Ordini
2088 2910 2532 2979 adscribere.
2565 2910 2691 2978 sed
2718 2912 3093 2995 nequeunt
3122 2909 3327 2978 soda-

338 3015 628 3086 litatem
661 3017 1173 3085 tertiariorum
1206 3018 1451 3087 valide
1488 3019 1772 3104 erigere
1804 3019 1965 3087 sine
1995 3037 2356 3087 consensu
2394 3018 2778 3087 ordinarii
2820 3018 2990 3103 loci,
3034 3017 3132 3086 ad
3165 3035 3327 3085 nor-

337 3141 534 3191 mam
570 3142 737 3192 can.
770 3124 925 3208 686,
963 3124 1000 3207 5
1031 3123 1077 3193 3
1112 3126 1166 3194 ⁸.

518 3231 553 3314 5
597 3232 665 3300 3.
715 3232 869 3301 Nec
901 3232 1428 3301 sodalitatibus
1461 3251 1511 3300 a
1548 3252 1627 3301 se
1661 3234 1930 3302 erectis
1961 3238 2275 3318 possunt
2309 3233 2706 3301 concedere
2747 3250 2962 3299 usum
3007 3231 3331 3316 particu-

340 3339 613 3407 larium
648 3341 992 3423 vestium,
1032 3341 1112 3407 in
1149 3340 1469 3424 publicis
1506 3341 1741 3410 sacris
1775 3342 2289 3410 functionibus
2323 3340 2916 3424 deferendarum,
2969 3341 3128 3408 sine
3176 3359 3331 3425 spe·

337 3445 514 3514 ciali
560 3447 885 3516 eiusdem
925 3446 1311 3517 Ordinarii
1348 3448 1676 3517 licentia.

521 3697 556 3780 5
603 3699 670 3763 1.
718 3696 866 3776 Qui
898 3700 1073 3763 vota
1106 3695 1567 3780 nuncupavit
1598 3588 1835 3763 vgssiqn
1867 3587 2311 3780 &rpemum
2346 3696 2463 3763 vel
2499 3695 2597 3763 ad
2641 3700 2934 3780 tempus
2968 3697 3047 3763 in
3082 3697 3338 3782 aliqua

346 3804 722 3890 religione,
764 3804 1019 3888 nequit
1056 3803 1278 3870 simul
1311 3803 1408 3871 ad
1456 3804 1689 3871 ullum
1736 3806 2043 3873 tertium
2080 3804 2434 3874 Ordinem
2472 3804 2867 3887 pertinere,
2917 3806 3060 3873 etsi
3099 3806 3334 3874 eidem

342 3914 566 3979 antea
596 3910 833 3979 fuerit
864 3911 1289 3994 adscriptus
1333 3911 1384 3978 ⁸.

523 4122 546 4157 ¹
594 4120 653 4172 8.
690 4121 759 4170 Β.
802 4120 890 4180 0.,
926 4120 1236 4178 Lucci-im,
1269 4120 1335 4172 25
1372 4121 1521 4179 sept.
1563 4118 1709 4180 1875:
1741 4117 2089 4178 Abellinas„
2123 4119 2191 4171 18
2221 4132 2355 4181 aug.
2389 4120 2537 4181 18773
2567 4120 2632 4173 28
2671 4122 2816 4172 maii
2849 4120 2995 4181 188&
3026 4119 3337 4177 Luceriam

350 4211 382 4259 4
421 4211 524 4261 lul.
564 4209 712 4270 1887;
753 4208 1039 4265 rodiano,
1079 4208 1145 4260 17
1180 4210 1354 4261 mart.
1407 4208 1554 4270 18933
1589 4205 2052 4267 uonopoutanffi
2092 4208 2157 4259 27
2195 4211 2371 4262 mart.
2414 4209 2561 4271 1893:
2600 4208 2894 4260 Nucerino
2946 4208 3336 4267 Paucum-sm,

348 4299 381 4349 1
420 4300 594 4350 mart.
631 4298 780 4359 1894ς
813 4296 1050 4355 Bam„
1092 4296 1160 4348 27
1190 4300 1366 4351 mart.
1411 4297 1559 4359 18⁹7:
1591 4295 1829 4355 Bam„
1863 4297 1931 4349 80
1963 4309 2096 4349 nov.
2132 4297 2280 4358 18⁹7:
2313 4296 2712 4355 Salernitana,
2757 4298 2824 4350 18
2856 4298 3005 4349 febr.
3043 4297 3189 4358 1899;
3231 4296 3334 4348 Ur·

349 4387 579 4444 vellen„
612 4386 679 4437 10
705 4397 837 4436 nov.
874 4385 1022 4436 1905.

528 4479 555 4514 2
594 4473 652 4526 S.
699 4475 770 4526 R.
818 4475 904 4534 C..
962 4473 1276 4535 Nepesina,
1320 4475 1389 4528 10
1430 4474 1576 4526 maii
1623 4475 1770 4537 1008;
1814 4474 2404 4533 Lunum-Sarrastes„
2451 4476 2517 4527 18
2562 4476 2683 4527 lun.
2733 4474 2879 4536 163ae
2925 4472 3341 4534 Mediolanum..

349 4565 416 4616 19
438 4564 560 4616 iun.
586 4564 733 4626 1055;
762 4562 1100 4622 Ver-cellen..
1129 4563 1196 4615 20
1218 4566 1367 4624 sept.
1393 4563 1542 4625 108‘13
1572 4563 1913 4625 Ver-cellen..
1941 4565 2009 4617 18
2042 4565 2161 4615 iun.
2192 4564 2341 4624 1095,
2370 4565 2449 4616 ad
2472 4564 2523 4626 ὃς
2556 4562 2893 4622 Novar-ten..
2928 4563 2994 4616 20
3017 4575 3153 4625 aug.
3185 4563 3335 4624 1752,

351 4653 431 4706 ad
452 4656 501 4716 1;
521 4653 806 4712 Meliten..
836 4653 901 4705 23
921 4656 1070 4714 sept.
1096 4653 1242 4714 182ος
1268 4653 1705 4708 Beneventano.
1729 4654 1794 4704 17
1815 4666 1951 4715 aug.
1979 4653 2125 4714 183&
2151 4653 2496 4712 Ateium„
2522 4653 2589 4705 18
2618 4665 2751 4714 aug.
2780 4652 2927 4713 1877:
2959 4651 3340 4712 squillacen„

350 4742 416 4793 17
447 4742 567 4793 ian.
603 4741 749 4804 188*st
788 4742 1011 4799 Gooena,
1053 4742 1117 4793 11
1149 4753 1281 4792 nov.
1323 4742 1470 4802 1904ς
1506 4740 1817 4801 Urcellen„
1852 4743 1919 4794 10
1949 4754 2081 4793 nov.
2115 4742 2264 4801 1905,
2298 4742 2376 4793 ad
2414 4742 2495 4794 11.

528 4835 556 4870 ³
596 4829 654 4882 S.
696 4830 760 4883 G.
795 4831 900 4891 Ep.
931 4835 995 4883 et
1022 4831 1187 4893 neg..
1219 4830 1254 4883 0
1285 4842 1412 4891 apr.
1445 4831 1592 4893 190ος
1623 4832 1682 4885 S.
1715 4831 1786 4883 B.
1818 4831 1907 4892 0..
1942 4830 2007 4883 28
2035 4831 2180 4882 mali
2212 4830 2359 4891 188ος
2398 4829 2683 4889 Fadium,
2718 4831 2785 4882 17
2822 4833 3000 4884 mart.
3043 4831 3190 4893 1898:
3222 4829 3343 4880 Mo·

347 4920 713 4979 nouolutum,
742 4919 809 4972 27
840 4922 1015 4973 mart.
1046 4920 1195 4982 18933
1221 4918 1517 4971 Νίκην-ἕω
1555 4919 1945 4981 Faunorum,
1974 4921 2007 4971 1
2035 4921 2210 4970 mart.
2241 4918 2391 4980 1894.
2425 4918 2503 4970 ad
2541 4918 2591 4971 1.

529 5013 558 5048 ⁴
597 5011 713 5060 Leo
743 5010 907 5068 xiil,
938 5013 1123 5062 const.
1154 5026 1186 5059 ι
1212 5008 1550 5062 Misericors
1579 5010 1692 5060 Dei
1727 5009 1920 5060 Filius
1948 5023 1998 5069 n,
2028 5008 2094 5060 30
2121 5008 2267 5059 maii
2295 5008 2443 5070 188&
2474 5006 2533 5060 S.
2572 5008 2637 5060 G.
2674 5008 2779 5068 Dp.
2823 5012 2884 5060 et
2921 5008 3084 5070 Rex..
3119 5008 3340 5057 Favon-

357 5099 503 5157 tino,
536 5097 604 5149 18
633 5098 754 5149 lun.
795 5096 943 5158 1717,
980 5098 1062 5150 ad
1093 5098 1141 5149 2.

528 5191 557 5226 ⁸
596 5186 654 5239 S.
688 5188 754 5240 G.
781 5188 887 5248 Ep.
912 5189 975 5240 et
997 5188 1160 5250 neg..
1188 5187 1539 5245 Faventino,
1567 5188 1635 5240 18
1656 5188 1777 5239 lun.
1804 5187 1954 5246 1717,
1980 5186 2058 5238 ad
2083 5188 2135 5247 8,
2166 5187 2215 5248 43
2244 5186 2666 5245 Vulturno-ies..
2699 5185 2765 5238 13
2789 5188 2966 5239 mart.
3002 5184 3151 5245 1744,
3186 5185 3264 5238 ad
3291 5185 3343 5245 ὃς

356 5275 415 5329 8.
451 5278 517 5330 0.
552 5276 806 5339 Indulg„
845 5275 1240 5335 Hecminien„
1276 5278 1346 5330 14
1375 5278 1480 5329 iul.
1521 5277 1669 5338 1891:
1701 5276 1889 5327 Tertii
1922 5274 2161 5339 Ordinis
2194 5273 2254 5326 Β.
2288 5274 2611 5334 Francia-i,
2642 5275 2706 5327 31
2741 5274 2862 5327 ian.
2895 5274 3045 5336 1893,
3079 5273 3157 5326 ad
3190 5273 3271 5326 11.

536 5371 562 5406 ⁸
600 5365 659 5418 S.
710 5366 776 5419 Ο.
822 5364 1075 5426 Ιιιᾱιιιε.,
1124 5364 1427 5425 veronen..
1476 5366 1546 5419 10
1585 5367 1689 5419 iul.
1734 5365 1884 5428 1887:
1933 5364 2123 5415 Tertii
2164 5363 2404 5416 Ordinis
2446 5363 2506 5415 Β.
2550 5362 2875 5423 Francisci,
2914 5363 2981 5415 31
3026 5364 3144 5415 ian.
3190 5362 3338 5421 1893.

355 5455 434 5508 ad
468 5455 675 5508 lv-vl.
