3753 5871
483 287 587 348 194
1613 288 1809 340 σοαοο
1855 288 2018 340 luri·
2057 288 2339 341 canonio(

1789 493 1965 559 CAN·
1985 491 2137 560 674.

660 610 879 677 Circa
926 613 1365 680 erectionem
1414 617 1491 681 et
1529 615 2120 698 suppressionem
2162 614 2542 683 societatis
2579 616 2881 701 eiusque
2924 618 3467 701 provinciarum

480 718 597 784 vel
636 718 1044 801 domorum,
1086 720 1339 788 eadem
1386 721 1638 789 valent
1676 740 1862 806 quae
1903 722 1994 790 de
2041 722 2756 809 congregationibus
2798 726 3164 810 religiosis
3199 727 3464 794 consti·

484 829 655 894 tuta
686 830 886 894 sunt.

1776 940 1954 1006 CAN.
1998 939 2151 1006 675.

655 1059 1006 1147 Regimen
1043 1062 1583 1130 determInatur
1629 1064 1707 1131 in
1757 1039 2336 1149 uniuscuiusque
2375 1065 2753 1133 societatis
2788 1065 3469 1150 constitutionibus;

481 1169 608 1236 sed
640 1170 720 1235 in
753 1171 1093 1237 omnibus
1132 1176 1543 1254 serventur,
1584 1189 1913 1255 congrua
1941 1173 2289 1257 congruis
2330 1172 2737 1255 referendo,
2774 1191 2938 1239 can.
2981 1172 3269 1240 499-530
3300 1172 3349 1241 ¹.

1786 1329 1965 1398 CAN·
2008 1328 2160 1397 676.

661 1437 694 1521 5
742 1439 809 1502 1.
862 1437 1192 1505 Societas
1240 1437 1542 1522 eiusque
1585 1438 2007 1522 provinciae
2049 1443 2125 1506 et
2162 1437 2425 1507 domus
2472 1457 2780 1524 capaces
2820 1443 2998 1508 sunt
3037 1441 3469 1525 acquirendi

480 1548 558 1613 et
587 1544 1011 1629 possidendi
1042 1544 1230 1611 bona
1272 1544 1734 1630 temporalia.

662 1651 696 1734 §
742 1652 809 1718 2.
859 1652 1434 1720 Administratio
1486 1652 1843 1721 bonorum
1897 1653 2183 1738 regitur
2224 1654 2689 1739 praescripto
2725 1673 2891 1723 can.
2946 1656 3232 1725 532-537
3266 1655 3318 1723 ².

661 1759 694 1842 ξ
740 1759 808 1827 3.
858 1760 1235 1845 Quidquid
1268 1761 1645 1829 sodalibus
1681 1762 1978 1830 obvenit
2017 1761 2298 1830 intuitu
2330 1762 2733 1846 societatis,
2767 1763 2999 1832 eidem
3031 1765 3468 1850 acquiritur3

473 1871 726 1935 cetera
753 1868 945 1935 bona
972 1867 1259 1935 sodales
1286 1869 1686 1936 secundum
1710 1870 2284 1940 constitutiones
2319 1871 2669 1953 retinent,
2703 1871 3104 1956 acquirunt
3131 1876 3210 1941 et
3235 1872 3461 1940 admi·

479 1973 835 2043 nistrant.

1783 2086 1962 2155 CAN.
2004 2087 2156 2154 677.

654 2208 746 2274 In
772 2208 1256 2278 admittendis
1278 2210 1702 2278 candidatis
1733 2213 2120 2279 serventur
2150 2210 2747 2293 constitutiones,
2777 2212 2983 2279 salvo
3008 2212 3468 2297 praescripto

858 2317 884 2351 ³

476 2332 641 2383 can·
693 2315 824 2382 542
893 2367 910 2383 .
1778 2426 1958 2494 CAN.
2001 2425 2154 2494 678.

655 2550 748 2616 In
791 2551 886 2618 iis
935 2569 1121 2635 quae
1157 2551 1254 2618 ad
1294 2551 1710 2619 studiorum
1751 2552 2113 2618 rationem
2155 2555 2231 2618 et
2280 2551 2376 2618 ad
2418 2551 2923 2636 suscipiendos
2967 2551 3265 2619 ordines
3303 2568 3457 2635 per·

476 2657 746 2738 tinent,
781 2657 1070 2728 sodales
1101 2659 1360 2727 iisdem
1401 2659 1684 2745 legibus
1724 2663 2075 2728 tenentur
2104 2678 2191 2727 ac
2224 2660 2640 2728 saeculares
2671 2659 2948 2742 clerici,
2985 2659 3212 2727 salvis
3250 2677 3457 2744 pecu·

477 2763 790 2836 liaribus
827 2767 1539 2851 praescriptionibus
1572 2786 1618 2834 a
1657 2768 1936 2836 Sancta
1974 2767 2160 2844 Sede
2204 2767 2428 2840 datis.

1824 2939 1939 2993 ΑΝ.
2127 2975 2145 2991 .

651 3035 684 3118 §
733 3037 798 3100 1.
851 3035 1158 3103 Sodales
1220 3034 1622 3116 societatis,
1696 2924 2543 3120 prieterffljbligationes
2617 3035 2906 3119 quibus,
2971 3035 3086 3103 uti
3147 3033 3458 3116 sodales,

473 3141 770 3210 obnoxii
805 3148 982 3211 sunt
1016 3142 1414 3210 secundum
1449 3142 2046 3225 constitutiones,
2085 3147 2435 3210 tenentur
2476 3143 2985 3210 communibus
3026 3141 3461 3210 clericorum

473 3250 1074 3335 obligationibus,
1109 3250 1254 3317 nisi
1284 3269 1373 3317 ex
1406 3254 1679 3317 natura
1710 3250 1817 3318 rei
1844 3251 1961 3318 vel
1999 3270 2087 3317 ex
2122 3251 2479 3318 sermonis
2514 3255 2864 3318 contextu
2898 3250 3103 3317 aliud
3141 3252 3456 3329 constet,

470 3360 899 3443 pariterque
924 3364 1125 3427 stare
1148 3358 1415 3427 debent
1439 3358 1922 3443 praescriptis
1945 3377 2109 3426 can.
2140 3358 2450 3435 595-612,
2481 3358 2623 3425 nisi
2650 3358 3222 3426 constitutiones
3252 3358 3462 3427 aliud

637 3483 683 3530 n
728 3515 744 3530 .

471 3466 632 3533 fem
652 3470 799 3655 §tz
850 3573 1292 3641 clausuram
1354 3578 1646 3642 servent
1692 3575 1788 3642 ad
1837 3592 2169 3641 normam
2220 3574 2837 3642 constitutionum
2890 3574 3027 3641 sub
3076 3572 3458 3640 Ordinarii

469 3680 614 3748 loci
653 3680 1070 3766 vigilantia.
1787 3740 1793 3746 .

1764 3789 1942 3858 CAN·
1988 3790 2141 3858 680.

646 3913 906 3994 Iidem,
969 3913 1193 3981 etiam
1254 3912 1454 3990 laici,
1519 3912 1846 3998 gaudent
1899 3912 2337 3980 clericorum
2409 3911 2843 3997 privilegiis,
2886 3911 2977 3979 de
3047 3911 3314 3996 quibus
3376 3911 3453 3977 in

464 4040 630 4089 can.
691 4021 1001 4101 119-123‚
1049 4020 1364 4105 aliisque
1407 4021 1744 4088 societati
1791 4021 2071 4089 directe
2113 4021 2505 4101 concessis,
2556 4038 2701 4088 non
2744 4023 2994 4088 autem
3051 4018 3459 4104 privilegiis

470 4129 980 4214 religiosorum
1020 4129 1179 4197 sine
1211 4128 1516 4211 speciali
1553 4128 1870 4196 indulto.

1758 4289 1934 4356 CAN.
1975 4287 2127 4355 681.

642 4400 952 4467 Praeter
991 4397 1332 4482 proprias
1366 4396 1723 4480 cuiusque
1759 4396 2137 4463 societatis
2172 4393 2768 4476 constitutiones,
2806 4393 3009 4460 circa
3051 4393 3455 4460 transitum

465 4510 559 4577 ad
587 4509 812 4576 aliam
848 4509 1270 4576 societatem
1304 4508 1420 4575 vel
1453 4506 1547 4574 ad
1575 4504 1900 4588 aliquam
1930 4503 2355 4588 religionem
2386 4506 2520 4569 aut.
2545 4501 2749 4569 circa
2773 4501 3137 4569 sodalium
3174 4499 3451 4567 exitum

465 4638 512 4687 a·
584 4620 936 4686 societate
998 4617 1222 4685 etiam
1274 4614 1462 4682 iuris
1529 4612 1918 4698 pontificii,
1974 4614 2386 4689 serventur,
2451 4627 2783 4695 congrua
2850 4608 3199 4694 congruis
3273 4606 3454 4674 refe-

468 4727 718 4804 rend0‚
780 4724 1244 4809 praescripta
1285 4741 1450 4790 can.
1503 4720 1813 4803 632-635,
1874 4718 2024 4803 645;
2071 4719 2273 4786 circa
2339 4735 2591 4786 eorum
2657 4716 3185 4794 dimissionem,
3248 4732 3450 4799 prae·

467 4835 748 4916 scripta
785 4850 949 4899 can.
986 4830 1230 4897 646·67
1231 4829 1295 4895 2.

649 5022 666 5057 ¹
700 5021 766 5074 O.
804 5021 855 5080 2,
901 5021 973 5071 de
1008 5021 1172 5071 statu
1217 5016 1631 5068 monachorum
1663 5017 1756 5067 vet
1791 5014 2201 5065 canonicorum
2244 5012 2626 5073 renutat-tum,
2664 5013 2781 5074 111,
2819 5013 2902 5071 10,
2940 5011 3000 5063 in
3037 5009 3240 5071 Clem.;
3273 5009 3456 5061 Bene·

465 5112 663 5163 dictus
693 5109 842 5170 x1v,
874 5112 1061 5161 const.
1103 5124 1134 5159 α
1163 5106 1479 5157 &manavit
1507 5117 1696 5166 nuper
1723 5121 1772 5166 ι,
1805 5105 1869 5158 21
1900 5105 2019 5156 ian.
2054 5103 2201 5167 1758:
2233 5102 2292 5155 S.
2334 5103 2399 5155 Ο.
2436 5103 2543 5164 Dp.
2575 5104 2638 5154 et
2678 5102 2840 5163 neg„
2878 5098 3126 5149 Limam
3168 5110 3272 5150 ocu
3310 5097 3451 5148 Gou-

466 5199 827 5260 maationu
863 5197 1124 5249 oratoru
1164 5195 1222 5247 8.
1259 5195 1519 5256 Ρὴίῑίρρί
1555 5194 1744 5253 Moru,
1773 5196 1807 5247 9
1839 5194 1958 5246 lan.
2000 5193 2148 5254 1758,
2181 5193 2260 5245 ad
2291 5191 2340 5253 2;
2371 5191 2430 5245 8.
2465 5192 2531 5245 Ο.
2565 5190 2640 5244 de
2669 5188 3003 5252 Religionis.
3035 5188 3192 5241 decr.
3234 5187 3268 5239 8
3298 5187 3452 5238 febr.

463 5290 613 5349 1913,
647 5301 706 5339 n.
738 5287 822 5348 16:
860 5288 1013 5340 decr.
1047 5287 1081 5339 5
1109 5297 1242 5347 aug.
1277 5283 1424 5338 1913.

648 5381 674 5417 ²
707 5377 766 5428 8.
803 5376 870 5428 C.
908 5377 1013 5436 Ep.
1053 5379 1114 5428 et
1147 5375 1312 5437 Reg„
1342 5373 1695 5433 uanam..
1727 5374 1794 5425 15
1831 5371 1955 5425 dee.
1987 5370 2136 5432 1826,
2171 5369 2249 5423 ad
2277 5369 2327 5423 3.

643 5468 668 5503 ³
709 5467 768 5520 S.
794 5467 860 5519 Ο.
889 5467 996 5527 Ep.
1020 5469 1085 5519 et
1112 5465 1277 5528 neg„
1309 5463 1663 5523 unomen„
1686 5465 1753 5517 15
1775 5463 1900 5515 dec.
1929 5461 2078 5524 1826,
2111 5461 2190 5513 ad
2213 5462 2266 5522 1,
2295 5459 2346 5522 2:
2371 5458 2432 5513 Β.
2458 5458 2525 5512 0.
2555 5458 2630 5510 de
2656 5457 2826 5519 Prop,
2856 5454 3022 5517 Fide,
3048 5454 3114 5507 17
3141 5465 3268 5515 apr.
3300 5451 3453 5505 1820.
