3753 5871
491 93 602 153 686
1629 90 1826 142 Gom
1871 90 2033 142 Iuru
2073 90 2355 142 comtos

496 295 579 340 ex
612 294 792 340 nunc
834 275 1559 339 excommunicationis
1599 292 1818 354 poena
1850 275 2284 338 innodamus.
2329 275 2699 338 Tractatus
2731 280 2962 339 tamen
2996 292 3122 355 pro
3159 276 3493 344 electione

497 384 867 462 habendos,
906 383 1077 446 Sede
1110 386 1417 454 vacante,
1455 387 1687 446 vetare
1719 400 1855 445 non
1890 382 2349 462 intelligimus
2381 385 2428 445 ¹.

679 493 782 555 83.
834 492 1111 555 Pariter
1154 491 1632 554 interdicimus
1687 508 1772 553 ne
1827 490 2258 569 cardinales,
2305 494 2671 570 antequam
2717 492 2807 555 ad
2851 492 3249 556 electionem
3301 495 3488 557 deve·

499 599 723 677 niant,
761 599 1073 677 capitula.
1104 598 1498 676 conficiant,
1534 615 1654 661 seu
1689 599 2019 676 quaedam
2056 598 2397 660 communi
2430 615 2765 662 consensu
2801 603 3145 680 statuant,
3194 602 3287 663 ad
3333 618 3491 680 quo·

498 723 649 767 rum
675 707 1177 769 observantiam
1203 723 1347 769 sese
1378 705 1845 784 adstringant,
1882 706 1940 767 si
1969 706 2058 767 ad
2088 705 2576 768 Pontificatum
2603 710 3069 783 assumentum
3094 723 3273 784 quae
3297 708 3490 774 item.

499 815 560 875 si
621 814 704 877 de
757 815 946 876 facto
1003 813 1528 892 intervenerint,
1581 813 1791 876 etiam
1844 813 2239 877 iuramento
2284 813 2578 892 adiect0,
2635 813 2827 876 nulla
2879 819 2953 877 et
2999 815 3212 877 irrita
3265 814 3486 878 decla-

497 936 732 981 ramus
760 922 811 982 ².

679 1028 1085 1090 84.1isdem
1132 1029 1444 1106 denique,
1486 1029 1734 1106 quibus
1770 1029 2175 1091 Decessores
2212 1029 2476 1108 Nostri,
2525 1031 2825 1107 vocibus,
2868 1030 2938 1093 S.
2989 1031 3071 1092 R.
3115 1033 3201 1093 Ε.
3250 1030 3493 1094 Cardi-

496 1135 688 1197 nales
721 1136 1148 1199 vehementer
1181 1137 1540 1198 hortamur
1581 1140 1664 1199 ut
1703 1137 1776 1198 in
1811 1135 2125 1215 eligendo
2161 1137 2518 1215 Pontifice,
2555 1136 2750 1199 nulla
2787 1138 3241 1215 propensione
3276 1140 3494 1200 animi

498 1245 596 1305 vel
630 1243 981 1306 aversione
1015 1244 1229 1321 ducti,
1272 1243 1533 1306 nullius
1566 1243 1884 1306 inclinati
1923 1245 2154 1322 gratia
2185 1249 2312 1307 aut
2342 1244 2686 1323 obsequio,
2721 1262 2856 1306 non
2889 1245 3392 1308 intercessione
3425 1247 3496 1306 in

497 1351 770 1413 saeculo
799 1350 1208 1428 potentium,
1247 1368 1383 1413 non
1422 1351 1488 1412 vi
1519 1351 1622 1414 vel
1651 1357 1837 1414 metu
1871 1352 1976 1415 vel
2006 1369 2178 1414 a-ura
2210 1353 2531 1431 populari
2561 1353 2755 1430 moti,
2791 1354 2908 1416 sed
2947 1354 3147 1418 unice
3180 1353 3315 1416 Dei
3359 1351 3496 1432 glo·

497 1457 670 1518 riam
694 1463 764 1521 et
794 1458 1140 1520 Ecclesiae
1163 1458 1411 1520 bonum
1438 1476 1606 1536 prae
1629 1458 1846 1522 oculis
1874 1460 2224 1537 habentes,
2250 1461 2324 1521 in
2348 1477 2499 1522 eum
2528 1478 2652 1522 sua
2681 1465 2839 1522 vota
2871 1462 3260 1538 conferant,
3300 1477 3497 1538 quem

497 1564 868 1627 universali
921 1565 1267 1628 Ecclesiae
1317 1567 1671 1630 fructuose
1715 1567 2113 1645 utiliterque
2151 1568 2633 1646 gubernandae
2675 1585 2839 1646 prae
2882 1568 3129 1630 ceteris
3170 1567 3498 1632 idoneum

495 1672 569 1731 in
604 1671 898 1733 Domino
928 1672 1388 1735 iudicaverint
1419 1676 1467 1735 ³.

662 1782 764 1843 85.
797 1781 968 1843 Cum
994 1799 1152 1844 vero
1186 1782 1420 1845 fideles
1446 1799 1580 1845 non
1609 1787 1752 1844 tam
1789 1783 2126 1845 humanae
2153 1783 2540 1845 industriae
2575 1784 2925 1860 subsidiis,
2961 1785 3091 1847 etsi
3125 1782 3503 1860 sollicitae,

496 1889 704 1951 inniti
743 1890 1059 1965 debeant,
1106 1907 1308 1967 quam
1345 1891 1418 1951 in
1456 1889 1738 1951 humilis
1774 1891 2187 1968 devotaeque
2234 1891 2571 1953 orationis
2607 1891 2947 1953 instantia
2987 1908 3296 1968 sperare,
3342 1893 3499 1953 huic

495 1996 861 2059 adiicimus
911 1997 1278 2075 sanctioni,
1335 2001 1415 2060 ut
1457 1997 1529 2057 in
1571 1998 1888 2058 omnibus
1926 1998 2350 2075 civitatibus,
2400 1999 2778 2075 ceterisque
2819 1998 2988 2060 locis
3033 1999 3283 2060 saltem
3332 2000 3497 2061 insi·

493 2104 874 2182 gnioribus,
918 2105 1032 2166 ubi
1071 2104 1366 2183 primum
1400 2105 1483 2167 de
1518 2105 1878 2166 Pontificis
1920 2104 2111 2167 obitu
2148 2105 2473 2166 nuncium
2508 2107 2916 2183 pervenerit,
2952 2124 2996 2167 a
3029 2105 3233 2169 Clero
3270 2112 3357 2169 et
3390 2125 3497 2186 po·

497 2212 683 2288 pulo,
721 2212 1136 2274 solemnibus
1170 2228 1297 2289 pro
1337 2229 1418 2275 eo
1458 2212 1798 2288 exsequiis
1830 2211 2216 2290 celebra-tm,
2260 2212 2553 2290 singulis
2587 2213 2827 2275 diebus
2871 2212 3105 2289 (donec
3139 2213 3499 2275 Romanae

495 2318 844 2381 Ecclesiae
872 2318 956 2382 de
993 2336 1118 2381 suo
1148 2320 1438 2383 Pastore
1466 2318 1685 2381 fuerit
1714 2319 2083 2397 provisum)
2128 2318 2419 2382 humiles
2448 2320 2897 2397 assiduaeque
2930 2337 3161 2398 preces
3193 2320 3489 2383 fundan-

495 2428 613 2487 tur
644 2426 733 2487 ad
766 2426 1158 2503 Dominum,
1200 2430 1281 2489 ut
1318 2427 1500 2505 Ipse,
1535 2427 1650 2504 qui
1681 2426 2115 2488 concordiam
2145 2426 2322 2488 facit
2351 2427 2424 2488 in
2457 2425 2864 2488 sublimibus
2903 2428 3070 2502 suiS,
3107 2426 3209 2488 sic
3241 2427 3497 2489 efficiat

494 2533 882 2595 eorumdem
918 2532 1394 2595 cardinalium
1429 2535 1638 2597 corda
1674 2535 1746 2596 in
1781 2534 2094 2612 eligendo
2125 2534 2513 2612 concordia,
2552 2539 2633 2598 ut
2671 2534 2971 2613 provisio
3005 2534 3277 2610 celeris,
3330 2553 3495 2597 una·

496 2640 704 2702 nimis
733 2646 802 2703 et
835 2640 1033 2702 utilis
1081 2643 1314 2719 (prout
1354 2640 1739 2703 animarum
1775 2641 1965 2703 salus
1999 2640 2238 2719 exigit,
2272 2645 2344 2704 et
2377 2642 2597 2704 totius
2630 2642 2816 2703 orbis
2859 2641 3150 2718 requirit
3185 2642 3493 2704 utilitas»

496 2765 577 2810 ex
622 2747 927 2824 ipsorum
976 2749 1436 2810 unanimitate
1491 2753 1840 2826 sequatur.
1892 2751 1983 2810 Et
2030 2767 2114 2812 ne
2168 2753 2312 2811 tam
2359 2748 2630 2810 salubre
2678 2749 3064 2827 praesentis
3108 2749 3497 2810 sanctionis

495 2855 818 2931 edictum,
851 2855 1286 2933 ignorantiae
1312 2854 1566 2935 negligi
1603 2860 1966 2934 praetextu
2002 2858 2384 2934 contingat,
2419 2856 2877 2934 praecipimus
2904 2860 2985 2918 ut
3012 2855 3493 2930 Patriam-chae,

497 2963 1037 3042 Archiepiscopi,
1068 2964 1392 3042 Episcopi
1418 2970 1486 3027 et
1520 2963 1640 3026 a-lii
1670 2965 2133 3027 Ecclesiarum
2162 2963 2493 3041 Praelati,
2529 2965 2893 3042 ceterique,
2922 2963 3170 3040 quibus
3199 2964 3493 3026 officium

496 3075 604 3133 est
642 3071 1007 3133 enuntiare
1047 3072 1322 3134 verbum
1367 3072 1520 3150 Dei,
1575 3070 1848 3134 Clerum
1903 3075 1974 3135 et
2016 3074 2367 3150 populum,
2416 3075 2700 3149 propter
2740 3071 2866 3133 hoc
2911 3069 3312 3148 specialiter
3364 3072 3471 3133 fre

496 3178 819 3255 quentius
845 3179 1380 3257 congregandos,
1409 3180 1483 3240 in
1521 3180 1667 3242 suis
1694 3180 2122 3243 sermonibus
2150 3180 2239 3242 ad
2276 3180 2657 3257 supplicum
2691 3195 2964 3257 precum
2997 3176 3340 3256 suffragia
3374 3195 3496 3256 pro

496 3286 698 3348 celeri
725 3292 794 3349 et
825 3284 1011 3348 felici
1043 3287 1232 3349 exitu
1260 3289 1443 3350 tanti
1467 3288 1727 3366 negotii
1752 3285 2253 3366 frequentanda
2284 3287 2572 3350 solerter
2596 3285 2921 3361 excitent,
2950 3288 3022 3348 et
3052 3285 3233 3364 ipsis
3259 3286 3493 3348 eadem

496 3394 916 3456 auctoritate
955 3411 1091 3456 non
1143 3395 1361 3457 solum
1402 3394 1792 3457 orationum
1833 3395 2316 3473 frequentiam,
2362 3394 2480 3457 sed
2531 3392 3033 3455 observantiam
3086 3395 3330 3471 (prout
3370 3394 3492 3456 cir·

496 3502 956 3564 cumstantiae
996 3502 1385 3577 pensandae
1418 3502 1787 3577 suaserint)
1830 3503 2241 3565 ieiuniorum
2275 3501 2642 3564 hortentur
2669 3503 2719 3561 ⁴.

681 3609 782 3670 86.
816 3609 1142 3671 Electum·
1161 3626 1316 3670 vero
1350 3608 1705 3672 haeredem
1735 3613 1806 3672 et
1835 3608 2304 3672 successorem
2334 3609 2663 3671 Nostrum
2682 3625 3043 3686 rogamus,
3074 3625 3161 3671 ne
3186 3609 3496 3671 muneris

497 3714 850 3778 arduitate
891 3715 1269 3778 deterritus
1308 3716 1395 3777 ab
1429 3716 1659 3779 eodem
1696 3717 2046 3779 subeundo
2081 3734 2152 3779 se
2188 3717 2525 3791 retrahat,
2561 3721 2639 3778 at
2671 3716 2907 3794 potius
2947 3714 3228 3778 divinae
3264 3715 3493 3778 volun·

498 3822 673 3885 tatis
717 3822 1007 3885 consilio
1056 3823 1412 3886 humiliter
1467 3841 1539 3886 se
1587 3823 1950 3889 subiiciat:
2005 3840 2163 3886 nam
2213 3822 2400 3886 Deus
2457 3824 2573 3901 qui
2621 3823 2918 3901 imponit
2960 3838 3162 3896 onuS,
3216 3839 3493 3885 manum

497 3929 706 3992 etiam
746 3931 905 4007 Ipse
942 3934 1304 4008 supponet,
1345 3948 1430 3993 ne
1475 3931 1537 3994 ei
1584 3931 1865 3994 ferendo
1908 3932 2004 3994 sit
2037 3933 2280 4009 impar3
2317 3931 2379 3994 is
2425 3931 2606 3994 enim
2645 3932 2762 4008 qui
2801 3930 3028 3992 oneris
3065 3934 3179 3992 est
3224 3933 3493 3993 auctor.

501 4036 659 4113 Ipse
699 4042 807 4099 est
844 4038 1475 4100 administrationis
1521 4039 1821 4113 adiutor3
1861 4044 1934 4103 et
1972 4057 2056 4102 ne
2096 4040 2223 4101 sub
2271 4038 2750 4117 magnitudine
2785 4037 3052 4116 gratiae
3094 4036 3497 4099 succumbat

497 4145 839 4221 infirmus,
885 4145 1082 4207 dabit
1113 4146 1440 4208 virtutem
1478 4145 1594 4223 qui
1633 4145 1935 4209 contulit
1966 4147 2376 4225 dignitatem
2412 4148 2463 4208 ⁸.

683 4485 698 4512 ¹
732 4481 898 4558 Greg.
935 4482 980 4534 X
1025 4499 1146 4548 cap.
1181 4484 1214 4534 3
1250 4504 1275 4530 «
1308 4484 1782 4553 Ubiperieulum
1803 4506 1851 4547 ιι,
1888 4484 1920 4551 5
1949 4484 1998 4545 4,
2033 4488 2105 4537 do
2138 4484 2293 4537 elect.
2329 4483 2372 4546 1,
2405 4483 2438 4535 6
2467 4484 2530 4536 in
2573 4483 2749 4547 Sext.;
2784 4481 2869 4535 Pii
2901 4482 2977 4535 IV
3010 4482 3206 4535 Const.
3250 4502 3277 4526 α
3302 4481 3379 4533 In
3408 4480 3500 4532 eli·

490 4581 706 4649 vendis
728 4602 776 4643 ι,
811 4581 843 4648 ἕ
873 4580 953 4646 263
988 4580 1152 4647 Greoe.
1189 4581 1286 4634 XV
1319 4582 1509 4636 Connt.
1548 4604 1575 4629 ε
1599 4583 1839 4635 Aeterni
1871 4582 2079 4635 Patris
2099 4601 2148 4644 t,
2184 4581 2217 4649 5
2251 4581 2329 4635 18.

681 4680 702 4709 ⁸
734 4679 821 4732 Pii
855 4679 928 4731 Ν
961 4678 1154 4731 Const.
1199 4698 1226 4727 ι
1246 4679 1322 4731 In
1353 4680 1642 4746 eliqendis
1662 4701 1711 4742 ι,
1746 4680 1779 4747 5
1810 4680 1859 4744 3;
1895 4679 2063 4745 Greg.
2096 4679 2196 4731 XV
2227 4678 2420 4731 Const.
2459 4699 2484 4725 ι
2504 4678 2748 4731 Aeterni
2780 4677 2987 4730 Patris
3011 4698 3060 4739 ι,
3094 4675 3130 4743 5
3164 4675 3246 4729 18.

684 4779 704 4809 ⁸
735 4778 902 4845 Greg.
927 4777 973 4829 X
1007 4792 1129 4843 cap.
1152 4780 1185 4831 3
1223 4798 1247 4823 ι
1280 4778 1392 4830 Ubi
1422 4778 1766 4845 periculum
1786 4797 1836 4840 ι,
1870 4778 1903 4846 5
1935 4777 1969 4828 4
1999 4777 2070 4829 de
2113 4777 2268 4830 elect.
2302 4777 2346 4839 1,
2377 4776 2411 4827 6
2441 4777 2504 4829 in
2548 4776 2723 4838 Sext.;
2768 4776 2855 4828 Pii
2900 4774 2973 4827 Iv
3005 4773 3209 4827 Const.
3248 4794 3276 4819 ο
3305 4773 3379 4826 In
3408 4771 3499 4823 eli·

487 4879 704 4945 flendis
730 4898 775 4938 ι,
824 4878 856 4944 5
896 4878 988 4941 263
1012 4876 1177 4942 Greg.
1233 4874 1330 4927 XV
1373 4874 1567 4928 Const.
1616 4875 1910 4930 «Aeterni
1950 4875 2157 4929 Patris
2180 4895 2229 4939 ι,
2274 4876 2307 4943 5
2347 4873 2436 4940 233
2481 4874 2650 4928 Clem.
2697 4872 2800 4925 xn
2841 4873 3034 4926 Const-
3072 4871 3499 4940 «Apostolum

493 4978 749 5043 officium
771 4999 820 5039 ι,
855 4977 886 5044 5
920 4977 980 5035 5;
1015 4976 1096 5028 Pii
1132 4974 1205 5027 IX
1250 4974 1441 5028 Const.
1481 4994 1506 5020 ι
1529 4969 1694 5028 Licet
1715 4989 1830 5043 per
1860 4974 2225 5044 Apostolioas
2246 4995 2295 5037 ι,
2330 4988 2386 5026 vt
2420 4974 2556 5027 Idus
2589 4972 2896 5040 Septembr.
2933 4970 3085 5033 187&
3122 4970 3337 5023 Leonis
3378 4965 3496 5023 xm

494 5074 687 5127 Const.
729 5095 753 5120 α
776 5075 1264 5129 Praedeoessores
1296 5073 1506 5125 Nostri
1524 5088 1575 5133 »ς
1610 5071 1695 5124 Pil
1727 5073 1776 5124 X
1807 5071 2002 5127 Const.
2044 5094 2069 5119 α
2093 5073 2489 5128 Commissum
2520 5072 2706 5125 Nobis
2726 5090 2774 5123 ι.

683 5174 704 5201 ⁴
738 5172 901 5240 Greg.
938 5174 987 5225 X
1020 5187 1140 5240 cap.
1174 5173 1207 5223 3
1243 5192 1268 5218 «
1301 5171 1408 5225 Ubi
1435 5170 1842 5237 periculum»,
1876 5171 1909 5237 5
1941 5173 1991 5233 5,
2026 5171 2097 5225 de
2128 5173 2284 5225 elect.
2319 5169 2363 5232 1,
2398 5170 2431 5222 6
2461 5171 2526 5223 in
2560 5168 2716 5223 Sext.

681 5272 703 5302 ⁸
735 5269 941 5324 Leonis
975 5271 1102 5323 xlll
1136 5270 1329 5324 Const.
1370 5288 1396 5316 e
1417 5268 1908 5322 Praodocouores
1939 5270 2149 5322 Nostri
2170 5289 2215 5320 ο.
