3753 5871
495 271 571 329 80
1636 273 1831 324 codex
1871 272 1900 322 1
1910 273 2032 322 uria
2082 274 2362 323 canonici

1798 498 1977 565 CAN.
2015 497 2167 564 298.

681 633 762 701 Si
796 652 940 718 qua
979 634 1290 702 dissidia
1321 636 1399 700 in
1435 634 1531 701 iis
1567 653 1754 718 quae
1784 635 1882 702 ad
1915 653 2170 701 curam
2211 639 2627 702 animarum
2663 637 3064 720 pertinent,
3110 637 3262 704 sive
3295 637 3500 704 inter

503 742 835 827 singulos
871 742 1402 826 missionarios,
1450 743 1601 810 sive
1642 744 1841 810 inter
1873 744 2205 811 diversas
2240 744 2656 829 religiones,
2696 744 2848 811 sive
2883 746 3081 812 inter
3114 746 3498 813 missiona-

505 850 655 917 rios
699 858 774 919 et
828 851 1016 917 alios
1064 852 1428 936 quoslibet
1474 852 1658 919 oriri
1702 852 2125 936 contigerit,
2173 871 2261 919 ea
2308 852 2848 937 quamprimum
2895 870 3331 937 componere
3370 871 3497 920 cu·

504 962 671 1025 rent
700 958 985 1024 Vicarii
1012 976 1099 1025 ac
1134 957 1506 1026 Praefecti
1534 959 1974 1043 Apostolici‚
2008 961 2133 1043 qui
2170 960 2590 1027 huiusmodi
2622 960 3112 1044 quaestiones,
3153 960 3281 1027 ubi
3307 979 3503 1044 opus

504 1065 761 1148 fuerit,
798 1066 1182 1148 dirimant,
1213 1067 1505 1151 integro
1534 1072 1783 1135 tamen
1813 1068 1978 1135 iure
2008 1086 2350 1135 recursus
2379 1069 2475 1135 ad
2503 1068 3008 1152 Apostolicam
3048 1068 3333 1150 sedem,
3369 1069 3501 1153 qui

504 1171 781 1240 decreti
823 1174 1163 1241 effectum
1199 1192 1343 1240 non
1380 1176 1759 1259 suspendit
1788 1175 1838 1242 ¹.

1804 1334 2171 1403 ΟΑΝΗ299

679 1459 963 1525 Vicarii
990 1458 1404 1542 Apostolici
1437 1459 1885 1544 obligatione
1920 1465 2270 1528 tenentur
2299 1461 2531 1528 Sacra
2556 1462 2848 1528 Limina
2878 1461 3279 1528 Beatorum
3305 1462 3504 1546 Apo-

508 1565 867 1633 stolorum
909 1565 1116 1634 Petri
1148 1571 1225 1634 et
1264 1566 1484 1633 Pauli
1514 1567 1872 1634 visitandi
1907 1568 2158 1635 eadem
2198 1586 2502 1652 prorsus
2536 1569 2718 1653 lege,
2759 1587 2904 1652 qua-
2936 1568 3290 1652 Episcopi
3326 1569 3503 1637 resi·

507 1671 872 1741 dentiales
902 1674 998 1741 ad
1040 1692 1370 1740 normam
1402 1692 1566 1741 can.
1609 1674 1760 1759 3413
1791 1677 1915 1742 cui
1948 1680 2196 1744 tamen
2229 1677 2542 1758 muneri,
2582 1677 2644 1743 si
2683 1677 2857 1761 quid
2895 1675 3224 1761 graviter
3258 1677 3511 1744 obstet

510 1800 599 1849 ne
630 1801 761 1865 per
797 1801 874 1850 se
902 1783 1049 1866 ipsi
1084 1783 1270 1850 illud
1304 1783 1674 1867 expleant,
1710 1756 2144 1852 satisfacere
2179 1789 2492 1868 possunt
2521 1804 2653 1869 per
2684 1789 3236 1868 procuratorem
3275 1784 3505 1851 etiam

508 1889 587 1954 in
624 1889 821 1955 Urbe
856 1889 1236 1972 degentem
1276 1890 1327 1955 ².

1810 1997 1990 2063 ΟΑΝ.
2027 1996 2180 2064 300.

690 2120 723 2202 §
772 2123 837 2185 1.
886 2119 1005 2188 Ad
1046 2138 1376 2187 normam
1417 2138 1581 2187 can.
1623 2119 1780 2203 340,
1821 2120 2108 2187 Vicarii
2154 2139 2242 2188 ac
2281 2119 2653 2187 Praefecti
2702 2121 3116 2205 Apostolici
3150 2120 3512 2188 ‘tenentur

510 2226 960 2312 obligatione
994 2228 1167 2296 Sedi
1202 2228 1676 2311 Apostolicae
1706 2228 2097 2295 exhibendi
2128 2229 2430 2323 'plenam
2461 2232 3031 2314 accuratamque
3073 2229 3508 2297 relationem

509 2336 601 2403 de
644 2355 781 2404 suo
824 2337 1129 2420 quisque
1174 2336 1535 2420 pastorali
1584 2336 1841 2413 officio,
1891 2336 2123 2420 deque
2165 2336 2506 2404 omnibus
2552 2355 3027 2421 quaecunque
3081 2336 3177 2402 ad
3225 2340 3510 2403 statum

508 2441 917 2509 vicariatus
947 2444 1063 2510 vel
1096 2442 1634 2527 praefecturae,
1671 2444 1768 2511 ad
1802 2445 2335 2527 missionarios,
2381 2444 2475 2510 ad
2522 2444 2928 2529 religiosos,
2964 2444 3062 2511 ad
3098 2444 3356 2528 populi
3398 2443 3508 2510 di-

513 2549 928 2633 sciplina-m,
957 2551 1052 2617 ad
1089 2551 1505 2617 scholarum
1534 2550 2058 2635 frequentiam,
2096 2552 2191 2619 ad
2220 2550 2547 2619 fidelium
2579 2551 2893 2635 denique
2923 2551 3251 2633 ipsorum
3280 2569 3513 2619 curae

510 2657 1064 2724 commissorum
1093 2658 1408 2726 salutem
1438 2659 1699 2743 quavis
1730 2659 2018 2726 ratione
2045 2660 2490 2743 pertineant;
2527 2677 2711 2743 quae
2740 2660 3005 2726 relatio
3040 2659 3321 2743 scripta
3347 2677 3513 2726 esse

510 2764 727 2832 debet
756 2768 829 2832 et
859 2765 1283 2848 subscripta
1310 2772 1467 2833 tum
1499 2766 1593 2833 ab
1629 2767 1792 2850 ipso
1819 2767 2124 2834 Vicario
2159 2771 2293 2835 a-ut
2326 2767 2714 2834 Praefecto
2749 2771 2909 2833 tum
2942 2766 3035 2833 ab
3063 2784 3213 2837 ‚uno
3243 2765 3510 2834 saltem

516 2889 606 2938 ex
649 2871 1100 2940 consiliariis
1136 2873 1226 2941 de
1265 2872 1533 2959 quibus
1569 2873 1647 2952 in
1683 2891 1849 2940 can.
1890 2874 2021 2942 302
2061 2874 2114 2941 ³.

692 2978 727 3061 ξ
774 2979 840 3045 2.
893 2981 1052 3047 Imo
1081 2981 1305 3047 etiam
1334 2981 1470 3048 sub
1495 2981 1850 3066 cuiusque
1876 2982 2056 3048 anni
2092 2981 2370 3048 exitum
2397 2981 2493 3047 ad
2532 2980 2880 3048 Sanctam
2913 2980 3171 3048 Sedem
3199 2981 3514 3049 mittant

512 3086 892 3154 elenchum
923 3107 1049 3154 seu
1075 3106 1459 3154 numerum
1480 3106 2027 3171 conversorum,
2051 3089 2595 3172 baptizatorum
2626 3106 3060 3172 annuaeque
3084 3087 3515 3155 Sacramen-

516 3196 763 3260 torum
793 3195 1471 3263 administrationis
1503 3215 1652 3262 una
1691 3215 1858 3262 cum
1893 3196 2065 3263 aliis
2108 3200 2371 3263 notatu
2405 3195 2868 3282 dignioribus
2911 3197 2963 3260 ⁴.

1819 3373 1994 3439 CAN.
2035 3373 2189 3440 301.

693 3494 728 3576 ξ
777 3498 841 3560 1.
894 3497 984 3562 In
1048 3497 1343 3581 regione
1392 3496 1534 3563 sibi
1592 3497 1983 3563 commissa
2030 3500 2602 3574 commorentur,
2654 3514 2903 3580 aqua
2954 3497 3113 3564 sine
3163 3496 3379 3580 gravi
3441 3506 3517 3563 et

518 3603 813 3686 urgenti
851 3620 1079 3669 causa
1117 3622 1250 3687 per
1288 3603 1615 3672 notabile
1654 3607 1948 3688 tempus
1987 3605 2084 3672 iis
2122 3605 2375 3672 abesse
2423 3623 2515 3671 ne
2565 3603 2812 3686 liceat,
2857 3603 3281 3671 inconsulta
3326 3603 3516 3681 Sede

520 3711 586 3775 A
640 3731 683 3776 o
805 3710 860 3776 li
987 3711 1041 3778 ⁵.

588 3729 636 3793 p
686 3715 843 3897 {toz
862 3730 1290 3902 classegionem
1328 3818 1470 3885 sibi
1495 3819 2024 3900 concreditam,
2064 3818 2671 3903 quandocumque
2697 3818 2800 3886 sit
2829 3837 3039 3902 opus,
3069 3815 3342 3885 debent
3368 3818 3513 3901 ipsi

519 3942 652 4007 per
690 3942 766 3991 se
805 3925 947 4005 vel,
998 3926 1063 3991 si
1100 3926 1428 4009 legitime
1466 3926 1805 4009 impediti
1845 3925 2156 4007 fuerint,
2199 3945 2332 4010 per
2379 3926 2609 3994 alium
2650 3925 2958 3993 visitare
2993 3943 3228 4010 eaque
3265 3931 3517 3993 omnia

517 4030 597 4097 in
651 4031 1080 4099 visitatione
1124 4033 1556 4116 expendere,
1605 4051 1793 4117 quae
1836 4035 1934 4101 ad
1981 4033 2222 4116 fldem,
2271 4034 2501 4102 bonos
2544 4052 2811 4116 mores,
2867 4033 3515 4101 Sacramentorum

691 4273 713 4308 ¹
752 4273 1028 4326 Urbanus
1057 4273 1226 4333 VIII,
1267 4274 1384 4325 litt.
1424 4285 1519 4333 ap.
1559 4289 1591 4323 ι
1622 4272 1714 4323 Ex
1744 4273 1941 4325 debito
1970 4288 2021 4334 ι,
2053 4274 2118 4324 22
2148 4275 2297 4326 febr.
2331 4275 2482 4335 1633,
2517 4274 2543 4335 ἱ
2577 4276 2627 4336 9;
2656 4274 2927 4327 Clemens
2958 4274 3056 4333 IX,
3087 4277 3275 4325 const.
3320 4288 3351 4324 ι
3381 4271 3520 4332 Spo-

521 4361 816 4412 oulatores
843 4375 893 4421 ι,
929 4362 995 4413 13
1022 4365 1169 4422 sept.
1202 4361 1348 4423 1⁰09:
1378 4361 1436 4414 S.
1469 4362 1533 4414 C.
1566 4361 1641 4434 de
1673 4362 1843 4422 Prop.
1881 4362 2027 4415 Fide
2064 4363 2153 4422 (G.
2186 4364 2250 4413 Ρ.
2282 4374 2388 4423 pro
2422 4362 2594 4424 Sim),
2632 4364 2698 4414 13
2734 4375 2869 4423 aug.
2910 4362 3059 4423 10⁰9,
3092 4362 3169 4413 ad
3198 4362 3249 4412 7.

684 4452 712 4488 ²
750 4450 808 4501 S.
841 4451 907 4502 O.
941 4450 1016 4502 de
1053 4451 1225 4510 Prop.
1277 4450 1425 4502 Fide
1479 4451 1568 4510 (Ο.
1603 4450 1720 4512 0.),
1769 4450 1837 4504 ae
1875 4452 1981 4502 lul.
2020 4451 2167 4511 162ος
2213 4452 2301 4512 (C.
2345 4452 2410 4502 P.
2454 4464 2560 4512 pro
2604 4451 2775 4510 Sum,
2816 4452 2883 4503 11
2922 4451 3029 4502 inl.
3060 4451 3207 4512 lm&
3244 4451 3365 4503 utt.
3415 4448 3517 4509 (ad

521 4539 644 4590 Vlc.
674 4541 781 4600 Δρ.
816 4540 1073 4590 Tunkln.
1102 4538 1377 4600 orient),
1406 4539 1440 4592 3
1465 4541 1608 4591 mall
1636 4539 1784 4601 1828:
1813 4541 1930 4592 ntt.
1973 4540 2075 4600 (ad
2103 4541 2228 4591 Vlc.
2261 4542 2369 4601 Δρ.
2400 4541 2658 4592 Tunkln.
2691 4540 3038 4600 occident),
3067 4540 3133 4591 23
3157 4543 3337 4592 mart.
3370 4539 3521 4600 1844:

523 4627 640 4678 litt.
684 4628 749 4678 24
789 4626 913 4679 dec.
956 4627 1105 4690 1849:
1138 4628 1309 4679 lnstr.
1358 4628 1460 4687 (ad
1494 4629 1617 4680 vic.
1651 4633 1715 4681 et
1750 4629 1949 4681 Praet.
1988 4630 2144 4689 Δρ.),
2183 4630 2216 4680 1
2251 4628 2373 4680 lan.
2405 4628 2555 4686 1877.
2593 4641 2649 4679 n.
2682 4628 2765 4679 11.

686 4719 711 4755 ³
752 4718 812 4768 S.
843 4716 909 4769 C.
947 4717 1024 4769 de
1062 4717 1231 4777 Prop.
1284 4717 1447 4778 Fide,
1486 4717 1605 4771 litt.
1652 4717 1756 4777 (ad
1786 4719 1911 4769 vic.
1945 4719 2052 4779 Δρ.
2084 4717 2341 4768 Tunkln.
2374 4716 2647 4778 orient),
2690 4718 2723 4768 3
2762 4717 2905 4768 mast
2947 4715 3094 4777 1828:
3134 4717 3253 4768 litt.
3294 4717 3519 4777 encycl.

521 4806 588 4857 31
612 4809 726 4858 oct.
756 4805 904 4866 18383
941 4805 1032 4864 (C.
1066 4807 1129 4856 P.
1165 4818 1270 4866 pro
1303 4806 1473 4867 Sin),
1505 4806 1570 4857 27
1606 4810 1755 4867 sept.
1792 4806 1942 4868 184&
1979 4808 2097 4859 litt.
2139 4807 2241 4866 (ad
2271 4806 2395 4857 Vlc.
2430 4807 2539 4865 Δρ.
2573 4806 2830 4857 Tnnkln.
2865 4804 3214 4864 occident),
3245 4804 3312 4857 23
3340 4808 3520 4857 mart.

523 4895 669 4956 1844;
704 4896 820 4947 ntt.
850 4894 916 4945 24
941 4894 1065 4946 dec.
1096 4895 1243 4957 18493
1272 4895 1389 4947 litt.
1420 4897 1639 4957 encycl.
1673 4895 1738 4945 24
1768 4907 1896 4956 apr.
1927 4895 2075 4955 1861:
2107 4897 2276 4946 insu.
2316 4894 2422 4952 (ad
2450 4895 2574 4945 vic.
2607 4898 2671 4947 et
2706 4894 2905 4945 ruet.
2944 4894 3103 4954 Δρ),
3143 4895 3177 4945 1
3204 4893 3331 4959 lun.
3365 4892 3518 4944 1877.

686 4986 715 5022 ι
754 4983 813 5035 s.
846 4983 911 5035 ο.
945 4984 1022 5036 de
1056 4984 1228 5043 rrop.
1259 4952 1417 5036 ‘mue
1458 4985 1548 5043 (c.
1597 4982 1714 5045 a),
1759 4985 1792 5034 4
1835 4984 1978 5035 mnu
2014 4983 2161 5045 162oe
2202 4984 2294 5039 (o,
2328 4984 2392 5033 P.
2436 4996 2541 5043 pm
2578 4982 2752 5043 sm),
2789 4983 2857 5034 κο
2891 4985 3039 5043 sept.
3076 4983 3225 5043 mn
3267 4980 3359 5041 (c.
3401 4981 3521 5043 (3.),

522 5073 589 5125 13
619 5074 944 5135 martum:
970 5074 1086 5125 lltt.
1112 5075 1334 5135 encycl.
1372 5073 1472 5133 (ad
1500 5073 1608 5132 Dp.
1637 5075 1700 5125 et
1725 5072 1850 5124 Vlc.
1884 5074 2041 5133 Δρ.),
2070 5073 2135 5124 17
2163 5073 2284 5123 lun.
2320 5072 2468 5134 1747;
2502 5072 2620 5123 litt.
2657 5073 2876 5133 encycl.
2906 5071 2973 5122 31
2999 5074 3115 5123 oct.
3144 5070 3293 5131 183&
3327 5069 3420 5127 (0.
3452 5070 3518 5121 P.

525 5173 631 5222 pro
653 5161 824 5223 Sim),
847 5161 913 5213 27
936 5164 1084 5222 sept.
1108 5161 1256 5224 1843;
1285 5163 1402 5214 litt.
1439 5161 1546 5221 (ad
1573 5162 1698 5213 vic.
1725 5163 1833 5222 Δρ.
1859 5162 2116 5212 Tunkln.
2147 5161 2493 5221 occident),
2519 5160 2585 5213 23
2607 5163 2784 5212 mart.
2811 5160 2957 5220 1844:
2980 5160 3097 5211 litt.
3124 5159 3191 5210 24
3210 5159 3335 5209 dec.
3370 5158 3519 5211 1849.

689 5251 716 5287 ³
753 5251 813 5301 S.
847 5251 912 5302 C.
938 5251 1012 5303 de
1038 5252 1207 5311 Prop.
1238 5251 1383 5302 Fide
1412 5249 1504 5310 (C.
1533 5250 1652 5311 0.),
1679 5252 1746 5303 19
1774 5250 1893 5301 lan.
1922 5250 2069 5307 1644:
2103 5250 2191 5308 (0.
2228 5251 2345 5310 Gn),
2379 5250 2447 5300 10
2481 5251 2583 5301 lul.
2613 5248 2760 5310 166&
2797 5248 3097 5309 (Queboe),
3120 5248 3190 5297 m
3216 5247 3343 5299 iun.
3376 5247 3525 5309 170&

523 5340 680 5390 decr.
715 5338 782 5389 17
814 5338 933 5390 lun.
971 5340 1120 5402 1715ς
1152 5339 1269 5392 ntt.
1326 5339 1428 5398 (ad
1469 5340 1594 5390 vic.
1627 5341 1736 5399 Δρ.
1768 5340 2076 5400 Tunkin.),
2120 5340 2154 5391 9
2186 5342 2299 5390 oet.
2339 5338 2484 5400 17233
2522 5338 2639 5391 litt.
2688 5337 2791 5396 (ad
2820 5337 2943 5387 Vlc.
2977 5338 3085 5397 Δρ.
3118 5337 3378 5387 Tunkln.
3420 5336 3524 5388 Oe·

524 5427 789 5487 emant),
829 5427 894 5479 23
926 5431 1101 5481 mart.
1141 5428 1290 5490 18443
1322 5428 1439 5481 litt.
1471 5430 1692 5490 encycl.
1727 5427 1793 5478 24
1822 5438 1950 5487 apr.
1984 5427 2130 5489 18613
2161 5427 2226 5477 24
2251 5420 2394 5488 ang.
2432 5426 2584 5479 1861.
