3753 5871
550 340 661 400 588
1693 336 1892 387 σοαοω
1928 334 2091 386 tum
2139 334 2421 386 comm

1821 563 1998 630 CAN.
2056 563 2253 630 2187.

729 703 847 770 Ad
885 703 1265 770 ferendam
1297 704 1497 771 hanc
1545 705 2099 790 suspensionem
2140 723 2374 790 neque
2410 704 2693 772 formae
2731 704 3132 773 iudiciales
3171 722 3421 787 neque
3453 722 3547 771 ca·

555 810 863 879 nonicae
891 814 1333 879 monitiones
1369 814 1883 898 1·equiruntur;·
1904 814 2031 881 sed
2059 814 2245 880 satis
2277 818 2392 882 est
2426 815 2492 881 si
2518 813 2991 896 ordinarius,
3022 818 3341 881 servato
3369 830 3546 897 prae·

554 918 838 1001 scripto
874 937 1238 987 canonum
1284 921 1411 1006 qui
1451 926 1890 1005 sequuntur,
1937 922 2258 1006 simplici
2308 923 2606 990 decreto
2646 922 2973 991 declaret
3016 941 3100 990 se
3145 921 3547 1005 suspensio

555 1043 720 1093 nem
758 1026 1105 1094 indicere.

1818 1137 1997 1205 CAN.
2049 1137 2247 1205 2188.

730 1257 1181 1327 Huiusmodi
1216 1260 1594 1328 decretum
1629 1262 1851 1330 detur
1895 1262 1976 1328 in
2015 1262 2343 1347 scriptia,
2384 1261 2530 1329 nisi
2574 1262 2929 1329 adiuncta
2973 1261 3196 1329 aliud
3238 1258 3547 1347 exigant,

553 1364 945 1451 designato
976 1367 1122 1450 die,
1162 1385 1408 1437 mense
1445 1375 1520 1437 et
1565 1387 1783 1453 anno;
1824 1370 1906 1436 in
1943 1388 2213 1455 eoque:

818 1475 915 1539 1.⁰
959 1474 1325 1559 Expresse
1369 1476 1667 1545 dicatur
1713 1479 2266 1561 suspensionem
2300 1479 2487 1545 ferri
2524 1497 2613 1546 ex
2657 1478 3065 1545 informata
3102 1478 3551 1546 conscientia

556 1597 686 1647 seu
725 1600 812 1648 ex
849 1582 1097 1649 causis
1136 1583 1285 1668 ipsi
1324 1584 1725 1652 Ordinario
1764 1585 1984 1668 notis;

815 1693 915 1759 2.⁰
960 1694 1345 1761 Indicetur
1385 1699 1676 1778 tempus
1714 1693 2138 1762 durationis
2188 1713 2485 1778 poenae;
2527 1694 2900 1762 abstineat
2938 1699 3199 1762 autem
3257 1695 3547 1762 Ordina-

556 1802 717 1869 rius
750 1802 844 1869 ab
880 1803 1048 1885 ipsa
1080 1800 1482 1886 infligenda-
1513 1802 1595 1869 in
1632 1807 2097 1887 perpetuum.
2149 1803 2409 1871 Potest
2439 1822 2613 1871 vero
2648 1802 2890 1889 infligi
2923 1804 3151 1871 etiam
3207 1806 3549 1887 tanquam

555 1927 894 1992 censura,
937 1909 1334 1977 dummodo
1372 1910 1508 1977 hoc
1548 1911 1630 1976 in
1667 1928 1845 1977 casu
1887 1911 2156 1978 clerico
2196 1910 2506 1995 patefiat
2546 1928 2771 1978 causa
2824 1915 3130 1995 propter
3176 1930 3415 1996 quam
3457 1930 3549 1978 su·

555 2016 852 2101 spensio
896 2017 1297 2100 irrogatur;

816 2127 917 2195 3:
959 2127 1180 2195 Clare
1226 2127 1651 2196 indicentur
1698 2131 1913 2195 actus
1964 2128 2089 2213 qui
2141 2127 2650 2212 prohibentur,
2714 2128 2781 2219 si
2830 2128 3227 2211 suspensio
3279 2147 3438 2197 non
3491 2130 3552 2195 in

558 2237 799 2302 totum
837 2235 963 2302 sed
1000 2254 1088 2303 ex
1135 2241 1349 2319 parte
1384 2231 1773 2321 infligatur
1823 2234 1872 2303 ².

1830 2392 2009 2460 CAN.
2068 2392 2266 2461 2189.

736 2517 769 2599 ξ
816 2519 883 2584 1.
937 2517 1020 2585 Si
1057 2519 1374 2585 clericus
1416 2537 1818 2603 suspensus
1859 2520 1961 2587 sit
2005 2519 2099 2586 ab
2152 2518 2386 2588 officio
2428 2520 2508 2586 in
2551 2537 2695 2604 quo
2746 2519 2941 2585 alius
2985 2519 3067 2585 in
3109 2519 3282 2586 eius
3328 2520 3554 2588 locum

430 2686 444 2697 .
556 2625 1122 2694 substituendus
1162 2632 1299 2709 est,
1338 2631 1449 2709 ut,
1494 2647 1605 2695 εκ.
1653 2646 1794 2710 gr„
1830 2646 2268 2696 oeconomus
2303 2628 2381 2694 in
2421 2645 2604 2695 cura
2638 2629 3080 2710 animarum,
3120 2630 3255 2712 qui
3297 2630 3552 2697 substi-

556 2733 803 2801 tuitur
841 2734 1243 2801 mercedem
1291 2754 1378 2802 ex
1419 2736 1792 2803 fructibus
1828 2735 2163 2805 beneficii
2202 2735 2569 2821 percipiat
2606 2735 3003 2803 secundum
3043 2736 3393 2820 prudens
3440 2737 3553 2804 Or·

555 2839 836 2908 dinarii
880 2842 1238 2909 iudicium
1280 2843 1943 2910 determinandam.

737 2950 771 3032 ξ
817 2950 884 3016 2.
935 2951 1269 3019 Clericus
1316 2971 1742 3037 suspensus,
1785 2954 1851 3020 si
1898 2973 1977 3021 se
2011 2958 2401 3039 gravatum
2440 2953 2779 3035 senserit,
2822 2957 3068 3038 potest
3104 2954 3550 3022 imminutio-

561 3081 724 3130 nem
763 3063 1140 3146 pensionis
1183 3066 1430 3147 petere
1465 3062 1560 3130 ab
1593 3062 2026 3130 immediato
2059 3061 2455 3146 Superiore
2500 3063 2626 3147 qui
2659 3063 2739 3128 in
2773 3063 2895 3128 via
2932 3061 3344 3129 iudiciaria
3378 3068 3551 3130 esset

556 3170 779 3238 iudex
816 3170 1368 3255 appellationis.

1827 3278 2005 3346 CAN.
2065 3277 2261 3345 2190.

737 3400 1207 3485 ordinarius,
1264 3402 1389 3487 qui
1434 3402 1588 3470 fert
1626 3403 2179 3487 suspensionem
2232 3421 2320 3469 ex
2364 3402 2767 3469 informata
2819 3402 3307 3486 conscientia,
3354 3403 3553 3470 debet

560 3530 648 3578 ex
685 3511 1009 3595 peractis
1045 3511 1742 3596 investigationibus
1779 3512 1972 3578 tales
2009 3511 2391 3596 collegisse
2427 3511 2925 3595 probationes,
2980 3529 3167 3595 quae
3203 3529 3378 3577 eum
3416 3529 3552 3578 cer·

560 3624 720 3687 tum
757 3618 1071 3687 reddant
1101 3619 1450 3686 clericum
1490 3618 1843 3687 delictum
1880 3638 2134 3689 revera
2177 3623 2640 3704 perpetrasse
2672 3624 2747 3688 et
2786 3618 3073 3704 quidem
3118 3618 3312 3687 adeo
3345 3637 3555 3705 grave

561 3730 650 3794 ut
691 3725 1051 3793 eiusmodi
1088 3744 1325 3811 poena
1358 3727 1803 3794 coercendus
1840 3728 1941 3795 sit
1973 3727 2025 3792 ².

1832 3888 2012 3957 ΟΑΝ.
2059 3887 2258 3956 2191.

741 4010 774 4094 ἓ
821 4013 888 4076 1.
942 4011 1425 4098 Suspensioni
1466 4031 1554 4081 ex
1589 4012 1993 4081 informata
2027 4011 2482 4080 conscientia
2518 4011 2789 4078 iustam
2828 4028 2914 4078 ac
2951 4009 3363 4094 legitimam
3398 4028 3555 4076 can·

561 4140 717 4188 sam
750 4121 1056 4205 praebet
1079 4122 1432 4189 delictum
1470 4121 1838 4188 occultum
1870 4120 1967 4188 ad
2006 4137 2337 4187 normam
2374 4137 2538 4184 can.
2579 4117 2776 4198 2197,
2819 4138 2891 4184 n.
2926 4119 2969 4182 4
3004 4115 3059 4183 ³.

741 4227 774 4309 ξ
821 4228 889 4293 2.
939 4228 1050 4295 Ob
1090 4228 1461 4296 notorium
1497 4227 1850 4296 delictum
1897 4227 2285 4312 suspensio
2320 4247 2409 4294 ex
2446 4226 2851 4294 informata
2885 4226 3347 4294 conscientia
3388 4244 3555 4292 nnn·

564 4352 781 4419 quam
820 4335 1006 4402 ferri
1043 4339 1311 4419 potest.

742 4442 774 4523 ξ
822 4442 888 4509 3.
939 4444 1043 4511 Ut
1102 4442 1453 4510 delictum
1525 4442 1900 4526 publicum
1962 4444 2440 4527 suspensione
2496 4461 2583 4510 ex
2646 4443 3049 4510 informata
3105 4441 3556 4509 conscientia

565 4550 789 4635 plecti
822 4551 1081 4634 possit,
1117 4554 1460 4619 occurrat
1491 4568 1782 4619 necesse
1813 4555 1928 4619 est
1955 4552 2256 4637 aliquod
2297 4572 2386 4619 ex
2417 4551 2795 4619 adiunctis
2836 4569 3020 4635 quae
3051 4553 3514 4632 sequuntur:

827 4661 925 4725 1.⁰
971 4658 1052 4726 Si
1102 4663 1330 4727 testes
1377 4659 1591 4744 probi
1638 4663 1714 4727 et
1757 4678 2017 4745 graves
2063 4661 2416 4728 delictum
2478 4659 2769 4745 quidem
2830 4657 3235 4726 Ordinario
3284 4658 3554 4740 patefa-

563 4768 794 4849 ciant,
845 4768 972 4835 sed
1014 4768 1223 4835 nulla
1272 4767 1560 4837 ratione
1598 4767 1851 4836 induci
1894 4769 2183 4856 possint
2223 4774 2307 4837 ut
2345 4770 2435 4837 de
2476 4788 2564 4836 eo
2600 4766 3106 4837 testimonium
3157 4764 3237 4832 in
3293 4763 3557 4833 iudicio

747 4984 768 5019 ¹
809 4983 867 5036 S.
910 4984 975 5036 C.
1018 4986 1124 5046 Ep.
1170 4988 1235 5037 et
1269 4985 1433 5046 Res..
1475 4982 1713 5036 Ordinis
1752 4983 2254 5041 Praedicator-um,
2291 4983 2325 5033 2
2368 4986 2543 5034 mart.
2584 4981 2733 5043 1866,
2772 4980 2850 5032 ad
2887 4980 2937 5041 3;
2985 4979 3043 5031 8.
3075 4978 3142 5030 Ο.
3175 4978 3267 5038 C..
3310 4976 3553 5030 Num-⁸,

566 5076 598 5125 3
628 5074 778 5127 febr.
810 5075 957 5137 159&
985 5074 1320 5134 Lucionen„
1349 5075 1382 5127 8
1408 5086 1537 5135 apr.
1577 5074 1724 5135 1848,
1757 5074 1836 5125 ad
1863 5075 1913 5136 13
1942 5074 2000 5125 S.
2044 5073 2310 5133 Auathae
2342 5071 2686 5131 Gothorum,
2718 5071 2781 5122 24
2814 5072 2963 5123 febr.
2995 5068 3143 5121 1852.

744 5167 766 5200 2
803 5164 869 5216 Ο.
912 5167 962 5225 1,
1005 5165 1069 5218 G.
1110 5165 1192 5226 11,
1225 5178 1280 5228 q.
1316 5168 1366 5229 1;
1407 5164 1465 5218 S.
1502 5165 1566 5217 O.
1602 5164 1690 5227 0.,
1726 5164 1997 5224 oritana,
2032 5164 2097 5217 20
2127 5177 2283 5226 aug..
2317 5163 2382 5214 2-1
2418 5165 2565 5222 sept.
2603 5162 2751 5221 1735,
2785 5161 2863 5213 ad
2897 5160 2946 5222 2·,
2980 5159 3293 5219 Boiam„
3324 5159 3393 5212 18
3418 5170 3553 5219 ιμ’..

568 5257 602 5308 9
633 5256 795 5315 mall,
829 5254 893 5307 27
924 5256 1045 5307 iun.
1078 5256 1224 5308 1744.
2349 5255 2359 5265 ’

744 5353 770 5385 ³
815 5347 1170 5399 Benedictus
1205 5348 1356 5407 xlv.
1393 5351 1577 5400 const.
1616 5364 1647 5398 ι
1691 5348 1782 5398 Aa
1822 5346 2140 5398 militantis
2177 5361 2226 5406 n,
2263 5346 2330 5398 30
2373 5348 2547 5397 mart.
2587 5344 2734 5404 1742,
2776 5344 2802 5405 5
2840 5343 2921 5404 23;
2969 5341 3028 5394 S.
3060 5340 3129 5393 C.
3164 5342 3275 5402 Ep.
3314 5348 3375 5394 et
3411 5341 3556 5401 Bet.

574 5437 931 5487 elericorum
972 5437 1375 5499 Remulos-ium,
1416 5438 1450 5489 2
1490 5439 1595 5489 iul.
1636 5438 1784 5501 10272
1826 5438 1884 5491 S.
1918 5438 1982 5490 C.
2016 5437 2102 5498 C..
2158 5436 2436 5494 Ater-ten„
2479 5435 2543 5486 24
2581 5447 2715 5486 nov.
2759 5434 2906 5495 1⁰5·st
2956 5430 3275 5492 Boiam„
3315 5432 3382 5485 18
3422 5442 3551 5491 apr..

571 5528 605 5578 9
636 5527 800 5588 mali,
841 5527 905 5578 27
934 5527 1055 5578 iun.
1090 5529 1236 5589 1744:
1268 5531 1326 5578 8.
1365 5526 1631 5587 Δοαὶὴαο
1666 5528 2008 5588 Gothorum,
2051 5527 2114 5580 26
2146 5529 2294 5580 febr.
2329 5525 2477 5586 1853,
2514 5525 2592 5577 ad
2633 5527 2681 5576 1.
