3753 5871
511 277 616 335 124
1645 277 1841 328 σοαπ
1880 276 2042 328 turn
2089 276 2369 327 Gamla

1808 486 1986 553 CAN.
2023 487 2177 552 440.

685 607 1032 676 Vicarius
1066 608 1529 693 Capitularis
1569 600 2021 693 obligatione
2055 613 2351 677 tenetur
2389 607 2758 677 residendi
2790 609 2870 676 in
2902 609 3217 677 dioecesi
3252 613 3326 677 et
3368 627 3490 693 ap·

512 716 899 798 plicandae
933 716 1203 784 Missae
1237 735 1373 802 pro
1405 717 1680 802 populo
1720 717 1816 784 ad
1852 735 2182 783 normam
2214 735 2379 784 can.
2424 717 2578 799 338,
2622 717 2776 785 339.

1798 895 1977 961 Cffl.
2013 897 2166 961 441.

684 1019 850 1085 Nisi
880 1018 1102 1086 aliter
1130 1019 1362 1086 fuerit
1391 1017 1717 1103 legitime
1754 1017 2127 1102 provisum
2158 1037 2174 1083 :

767 1130 862 1191 1.⁰
908 1119 1255 1193 Vicarius
1291 1126 1752 1210 Capitularis
1786 1130 1862 1194 et
1897 1144 2331 1193 oeconomus
2366 1127 2484 1192 ius
2518 1126 2790 1194 habent
2823 1126 2918 1193 ad
2952 1144 3353 1211 congruam
3390 1145 3497 1193 re·

510 1235 1014 1316 tributionem,
1048 1235 1125 1300 in
1163 1234 1499 1301 Concilio
1529 1234 1968 1319 provinciali
1996 1234 2454 1319 designatam
2495 1234 2611 1301 vel
2645 1240 2932 1318 recepta
2965 1233 3501 1301 consuetudine

508 1342 807 1408 concedi
842 1342 1162 1423 solitam,
1192 1325 1712 1409 desumendani
1739 1360 1827 1409 ex
1857 1342 2219 1409 reditibus
2247 1358 2541 1409 mensae
2569 1341 3008 1427 episcopalis
3042 1347 3175 1409 aut
3203 1360 3292 1409 ex
3321 1340 3499 1407 aliis

508 1448 1041 1532 emolumentis3
1101 1521 1108 1529 ,

766 1556 863 1622 2.⁰
907 1557 1174 1624 Cetera
1216 1557 1731 1636 emolumenta,
1779 1575 1924 1641 quo
1976 1565 2304 1640 tempore
2346 1557 2552 1623 sedes
2604 1555 3043 1642 episcopalis
3095 1556 3497 1638 vacaverit,

510 1665 771 1732 futuro
811 1664 1178 1747 Episcopo
1216 1682 1353 1747 pro
1397 1663 1748 1730 dioecesis
1790 1662 2353 1730 necessitatibus
2402 1668 2891 1746 reserventur,
2936 1663 3001 1729 si
3051 1663 3148 1731 ad
3195 1662 3494 1744 Episco-

512 1790 711 1859 pum,
745 1764 1054 1838 ecclesia
1090 1755 1233 1838 non
1266 1774 1599 1852 vacante,
1633 1768 2168 1854 pertinuissent
2210 1768 2258 1836 ¹.

1816 1946 1992 2011 CAN.
2031 1946 2185 2010 442.

684 2070 1138 2149 Oeconomus
1179 2089 1420 2138 rerum
1462 2037 2127 2138 ecclesiasticarum
2162 2075 2235 2138 et
2267 2074 2753 2155 proventuum
2785 2086 3040 2135 curam
3076 2073 3152 2136 et
3185 2066 3494 2133 admini-

509 2182 943 2249 strationem
984 2186 1220 2266 gerat,
1259 2182 1395 2249 sub
1430 2180 1879 2249 auctoritate
1913 2185 2160 2248 tamen
2195 2178 2478 2245 Vicarii
2522 2176 3005 2260 capitularis.

1796 2358 1974 2425 OAN.
2019 2356 2172 2423 443.

685 2481 717 2563 ἓ
766 2485 830 2546 1.
884 2481 1164 2548 vicarii
1212 2479 1674 2565 capitularis
1717 2485 1793 2546 et
1828 2477 2201 2545 oeconomi
2250 2478 2557 2543 remotio
2599 2476 2918 2543 Sanctae
2965 2474 3140 2543 Sedi
3177 2490 3496 2541 reserva·

509 2594 656 2672 tui-3
698 2589 1157 2656 renuntiatio
1199 2586 1633 2654 authentica
1678 2587 1918 2653 forma
1959 2592 2072 2652 est
2109 2585 2517 2653 exhibenda
2555 2584 2932 2668 Capitulo,
2975 2601 3023 2649 a
3063 2600 3209 2666 quo
3245 2587 3496 2648 tamen

506 2716 665 2763 eam
696 2696 1069 2780 acceptari
1099 2713 1388 2763 necesse
1416 2714 1567 2763 non
1593 2700 1732 2776 est,
1768 2699 1852 2762 ut
1882 2693 2146 2776 valeat3
2180 2694 2347 2760 novi
2380 2697 2624 2760 autem
2661 2691 2943 2758 Vicarii
2979 2691 3092 2758 vel
3122 2690 3499 2757 oeconomi

505 2796 946 2870 constitutio
973 2807 1144 2888 post
1174 2803 1447 2892 prioris
1481 2791 2134 2882 renuntiationem,
2165 2801 2446 2868 obitum
2474 2800 2588 2869 vel
2617 2799 3089 2867 remotionem
3123 2798 3215 2864 ad
3249 2797 3496 2882 ipsum

505 2910 937 2995 Capitulum
973 2910 1321 2996 pertinet,
1358 2910 1700 2978 facienda
1734 2910 1827 2978 ad
1875 2927 2205 2983 normam
2241 2926 2405 2975 can.
2443 2907 2575 2975 432
2627 2905 2680 2974 ².

688 3019 720 3101 ξ
768 3019 834 3084 2.
884 3019 1144 3087 Cessat
1173 3022 1556 3103 praeterea-
1581 3037 1833 3086 eorum
1864 3036 2134 3084 munus
2169 3037 2301 3102 per
2334 3017 2599 3083 initam
2629 3033 2675 3082 a
2709 3034 2898 3082 novo
2926 3014 3294 3098 Episcopo
3331 3030 3491 3097 pos-

508 3128 900 3194 sessionem
934 3126 1029 3193 ad
1066 3143 1411 3225 normam·
1435 3144 1599 3192 can.
1634 3127 1789 3208 334,
1830 3126 1861 3207 ξ
1895 3126 1939 3193 3
1993 3127 2044 3192 ³.

1800 3300 1978 3369 ΟΛΝ.
2018 3302 2171 3367 444.

686 3428 717 3509 ξ
766 3431 831 3494 1.
884 3429 1135 3496 Novus
1193 3427 1607 3511 Episcopus
1656 3445 1703 3493 a
1761 3418 2235 3510 Capitulo,'a
2293 3424 2594 3491 Vicario
2653 3422 3101 3508 Capitulari,
3152 3421 3245 3488 ab
3297 3437 3496 3487 oeco-

510 3553 724 3602 nomo
758 3539 834 3603 et
865 3537 958 3601 ab
997 3535 1169 3602 aliis
1202 3534 1659 3615 officialibus,
1697 3534 1847 3619 qui,
1885 3531 2054 3600 sede
2095 3536 2440 3611 vacante,·
2466 3532 2774 3599 fuerunt
2814 3528 3232 3610 constituti,
3272 3528 3494 3595 ratio·

509 3661 671 3709 nem
710 3643 996 3726 exigere
1031 3644 1245 3711 debet
1293 3643 1719 3724 officiorum,
1761 3641 2325 3721 iurisdictionis,
2368 3638 3043 3734 administrationis
3080 3639 3501 3703 munerisve

509 3750 836 3833 ipsorum
878 3751 1299 3834 cuiuslibet,
1338 3755 1412 3818 et
1454 3751 1532 3817 in
1568 3769 1692 3818 eos
1724 3749 2336 3828 animadvertere,
2375 3748 2500 3833 qui
2543 3748 2621 3814 in
2661 3740 2798 3813 suo
2833 3745 3065 3813 officio
3100 3763 3224 3811 seu
3265 3742 3493 3810 admi-

508 3858 950 3926 nistratione
978 3858 1811 3942 deliquerint,.-etiamsi,
1846 3856 2160 3925 redditis
2192 3855 2630 3936 rationibus,
2665 3873 2709 3921 a
2742 3852 3094 3938 Capitulo
3127 3852 3242 3919 vel
3273 3870 3320 3918 a
3356 3852 3490 3919 Ca·

506 3966 730 4048 pituli
762 3967 1142 4050 deputatis
1175 3965 1708 4034 absolutionem
1745 3971 1880 4034 aut
1923 3965 2431 4033 liberationem
2472 3961 3033 4046 impetraverint
3084 3961 3137 4025 ⁴.
3353 3960 3360 3965 ’

681 4076 711 4157 ξ
763 4076 827 4141 2.
880 4076 1509 4147 Iidem-rationem
1556 4076 1870 4143 reddant
1907 4093 2092 4142 novo
2127 4073 2494 4158 Episcopo
2528 4069 3070 4153 scripturarum
3107 4066 3204 4134 ad
3246 4064 3494 4132 Eccle-

506 4185 689 4249 siam
727 4183 1284 4266 pertinentium,
1328 4183 1393 4250 si
1436 4201 1621 4268 quae
1654 4183 1750 4250 ad
1792 4184 1995 4267 ipsos
2028 4179 2498 4265 pervenerint
2536 4180 2587 4244 ⁵.

691 4462 710 4496 ¹
749 4462 812 4512 C.
844 4464 895 4522 7,
937 4463 1009 4512 de
1056 4460 1337 4512 electione
1383 4467 1443 4513 et
1480 4462 1651 4512 electi
1689 4465 2002 4522 potestate,
2048 4465 2097 4523 1,
2129 4463 2179 4523 3,
2223 4465 2282 4514 in
2321 4464 2523 4528 Clem.;
2565 4466 2622 4518 S.
2655 4467 2721 4519 C.
2756 4468 2860 4527 Ep.
2911 4470 2975 4519 et
3014 4466 3177 4527 Reg„
3223 4464 3496 4523 Oretana,

507 4551 572 4601 29
604 4563 736 4602 nov.
773 4550 919 4613 100ος
952 4551 1241 4611 Prognen..
1276 4552 1341 4604 10
1382 4553 1524 4602 maii
1561 4553 1706 4614 16343
1743 4554 1800 4604 S.
1833 4554 1898 4605 C.
1932 4553 2018 4613 C..
2064 4552 2408 4612 Μαιανίεπ..
2446 4567 2642 4607 mense
2679 4556 2796 4607 ian.
2836 4556 2982 4615 1587,
3024 4555 3100 4606 nd
3134 4555 3185 4615 3;
3220 4554 3494 4614 Annaeu-

511 4640 656 4698 tina,
696 4640 761 4691 17
798 4653 929 4692 nov.
964 4641 1110 4702 159-ss
1143 4640 1557 4700 cephaluden„
1591 4643 1655 4692 17
1689 4655 1819 4693 nov.
1857 4643 2003 4704 1504;
2034 4640 2428 4703 Syracusana,
2464 4644 2529 4695 12
2567 4657 2701 4705 aug.
2738 4645 2884 4706 1004ς
2917 4642 3270 4700 Messenen..
3313 4643 3347 4695 7
3375 4646 3492 4695 oct„

506 4730 652 4790 1004ς
683 4729 939 4785 Nullius,
973 4730 1038 4780 11
1072 4730 1175 4781 inl.
1210 4729 1356 4790 16263
1397 4729 1772 4789 Aquinatem„
1808 4733 1838 4782 1
1873 4744 1998 4791 apr.
2033 4731 2180 4791 165&
2220 4730 2582 4791 Maior-icen..
2620 4733 2652 4784 ἰ·
2686 4735 2806 4785 lun.
2844 4733 2990 4795 10593
3030 4731 3333 4790 onumen..
3368 4733 3402 4783 7
3432 4736 3498 4785 et

507 4819 572 4868 as
608 4818 712 4869 iul.
761 4818 907 4878 1708,
955 4818 1033 4869 ad
1068 4819 1117 4869 3.
1646 4798 1651 4804 “
3255 4814 3258 4815 ’

679 4908 705 4944 ⁸
747 4908 889 4959 Plus
921 4908 1017 4969 IX,
1045 4912 1229 4959 const.
1260 4924 1299 4958 α’
1323 4909 1621 4959 Romanus
1648 4909 1926 4968 Pontifex
1955 4925 2002 4970 n,
2032 4909 2096 4962 28
2119 4922 2253 4969 aug.
2279 4891 2431 4971 ’1873;
2457 4908 2514 4961 S.
2546 4909 2610 4962 Ο.
2645 4911 2751 4970 1321).
2780 4913 2843 4963 et
2867 4911 3029 4972 neg„
3067 4909 3492 4968 Actaeo-unum,

506 4997 570 5047 23
607 4997 708 5047 inl.
743 4996 888 5058 160&
923 4996 1335 5056 Neapolitana,
1365 4999 1396 5048 1
1426 5000 1574 5057 sept.
1610 4998 1756 5059 160&
1788 4998 1845 5050 S.
1879 4999 1943 5050 C.
1978 5000 2067 5058 0.,
2102 4997 2440 5057 civitaten„
2472 5000 2506 5050 9
2537 4999 2657 5051 iun.
2691 4999 2837 5051 1725.

683 5084 709 5119 ³
749 5085 892 5137 Pius
920 5087 1016 5146 lx,
1047 5089 1232 5138 const.
1267 5101 1298 5137 ι
1326 5085 1626 5137 Romanus
1661 5086 1940 5145 Pontifex
1971 5102 2018 5147 xo,
2051 5088 2116 5137 28
2152 5098 2284 5148 aug.
2317 5087 2463 5138 1873.

685 5162 715 5214 ⁴3
749 5175 922 5226 Cone.
955 5175 1241 5236 Trident„
1271 5188 1411 5227 sess.
1442 5175 1642 5236 XXIV,
1680 5178 1751 5227 de
1780 5177 1914 5235 res„
1949 5188 1998 5227 c.
2032 5177 2112 5238 16;
2142 5176 2497 5229 Benedictus
2523 5178 2672 5238 xlv,
2705 5179 2890 5229 const.
2922 5192 2952 5241 ᾳ
2981 5178 3071 5228 Λα
3101 5176 3420 5228 militantis
3447 5192 3498 5237 n,

505 5266 570 5316 30
602 5267 775 5315 mart.
807 5264 954 5324 1742,
994 5265 1020 5324 ξ
1048 5265 1128 5325 35;
1156 5266 1212 5316 S.
1247 5265 1309 5317 Ο.
1347 5266 1451 5326 Ep.
1483 5269 1545 5318 et
1576 5264 1738 5326 neg..
1772 5265 2174 5325 Hyan-imum,
2204 5267 2270 5318 10
2297 5268 2441 5318 maii
2461 5267 2612 5327 ‚16233
2643 5266 2701 5319 S.
2731 5267 2797 5318 C.
2828 5265 2915 5325 0.,
2955 5265 3267 5325 Apo-unna,
3295 5265 3332 5316 0
3365 5276 3475 5325 apr

508 5354 653 5414 1595;
681 5353 1020 5411 cananaea„
1049 5354 1113 5405 20
1143 5353 1246 5405 iul.
1285 5355 1431 5415 161ος
1463 5353 1766 5411 Ostuncn..
1804 5355 1837 5406 7
1859 5359 1925 5407 et
1952 5355 2017 5408 28
2048 5356 2151 5407 iul.
2183 5355 2330 5417 1708,
2363 5356 2439 5407 ad
2469 5357 2518 5416 ὃς
2548 5354 2858 5413 anconem,
2888 5356 2954 5407 14
2991 5366 3117 5415 apr.
3148 5353 3297 5406 1725.

684 5446 712 5482 ⁸
750 5442 923 5494 Cone.
961 5443 1247 5501 Trident„
1293 5454 1435 5496 sess.
1482 5444 1680 5505 xxiv,
1719 5445 1789 5494 de
1823 5428 1958 5503 νεῖ..
1993 5456 2042 5496 c.
2081 5444 2161 5497 16.
