3753 5871
1661 310 1969 371 Praefatio
3166 329 3317 372 xxut

312 500 692 585 siquidem,
723 499 804 567 ob
853 502 1003 566 tam
1047 500 1480 584 multiplices
1508 520 1906 586 oravesque
1934 521 2179 568 rerum
2203 504 2272 570 et
2299 503 2659 571 societatis
2687 506 3058 572 humanae
3087 506 3322 572 muta-

312 644 559 726 tiones‚
610 644 790 729 leqes
861 645 1285 727 permultae,
1337 644 1701 729 quaedam
1757 645 2079 728 inutiles,
2130 646 2331 714 aliae
2412 645 2786 714 observatu
2840 648 3321 734 impossibiles

314 788 446 852 aut
490 786 957 870 difficillimae
1016 787 1419 854 evaserunt.
1475 786 1579 853 De
1638 788 2054 855 &inumeris
2112 806 2387 872 quoque
2444 788 2843 857 canonibus
2901 788 3311 875 amabimur,

312 929 564 994 utrum
608 927 848 995 adhuc
904 928 1211 1013 viyeant,
1260 947 1496 996 necne.
1544 927 1851 994 Demmn
1901 948 2041 1014 per
2100 930 2196 997 tot
2255 929 2712 998 saeculorum
2768 930 3149 1000 decursum
3210 934 3312 999 ita

310 1072 614 1138 eoecrevit
664 1070 894 1154 lenum
937 1071 1582 1138 ecclesiasticarum
1627 1090 1977 1139 numerus
2020 1073 2084 1138 et
2134 1073 2313 1157 leves
2356 1072 2534 1140 illae
2562 1075 2647 1141 in
2674 1073 3084 1157 inuentibus
3124 1076 3320 1142 iuris

314 1208 852 1279 Collectionibus
920 1212 1101 1307 adeo
1160 1212 1573 1279 cumulatae
1631 1215 1823 1295 sunt,
1882 1215 1964 1280 ut
2034 1214 2285 1300 aliquo
2342 1232 2560 1283 sensu
2632 1214 2864 1282 dicere
2912 1218 3320 1301 possimus.-

313 1349 720 1421 Omumnm
766 1369 1099 1422 nmmos.
1146 1353 1342 1421 Hine
1381 1353 1463 1438 fit
1507 1356 1589 1422 ut
1632 1356 1962 1422 studium
2007 1357 2203 1423 iuris
2247 1357 2580 1424 canonici
2629 1358 2950 1443 infinitis
2981 1377 3210 1443 prope
3253 1362 3318 1427 et

306 1493 934 1563 inextricabilibus
976 1496 1517 1580 difficultatibus
1545 1498 1979 1583 implicetur,
2006 1500 2506 1567 controversiis
2534 1518 2623 1566 ac
2640 1500 3091 1583 processibus
3123 1502 3318 1569 latis·

305 1639 542 1705 simus
588 1637 782 1705 locus
815 1639 1100 1722 pateat‚·
1131 1640 1194 1705 et
1238 1640 1711 1707 conscientiae
1755 1640 1956 1707 mille
1999 1639 2497 1707 anoeietatibaoe
2541 1644 2921 1726 anqantur
2950 1645 3015 1709 et
3042 1644 3127 1709 in
3156 1663 3315 1712 con-

308 1781 654 1864 temptum
702 1781 877 1867 lepis
923 1783 1419 1866 impellantur.

489 1950 525 1984 «
564 1921 965 1992 Concilium
1007 1927 1238 2010 iaitur
1283 1926 1385 1993 ad
1423 1926 1706 2011 arande
1749 1926 1875 1993 hoc
1920 1929 1985 1993 et
2014 1929 2504 1996 necessarium
2547 1947 2731 2012 opus
2775 1931 3317 2014 reformationis

303 2068 502 2135 iuris
531 2069 883 2135 canonici
929 2068 1291 2136 attondere
1336 2069 1632 2136 omnino
1674 2069 2081 2154 optandum
2111 2071 2212 2136 est
2227 2092 2251 2150 ‚·
2288 2069 2482 2155 quod
2511 2072 2592 2137 ut
2621 2073 3112 2139 convenienter
3138 2073 3269 2156 fiat
3295 2098 3317 2140 .-

489 2236 525 2270 «
563 2214 633 2276 1⁰
674 2207 1075 2278 Concilium
1107 2230 1247 2295 per
1289 2212 1610 2295 seipsum
1677 2212 2077 2279 decerneret
2108 2214 2550 2297 praecipuos
2594 2214 2659 2279 et
2702 2213 2940 2298 maqis
2983 2218 3315 2300 umentes

303 2353 851 2436 reformationis
896 2353 1263 2436 articulos,
1312 2354 1677 2440 &mulque
1720 2356 2078 2422 indicaret
2135 2374 2285 2440 qua
2344 2357 2572 2423 mente
2626 2357 2688 2422 et
2748 2375 3066 2442 quonam
3120 2378 3316 2442 qene-

305 2493 461 2558 rali
506 2495 842 2579 conceptu
888 2495 1307 2578 reformatio
1350 2497 1545 2562 iuris
1579 2496 1847 2580 peravi
1892 2494 2154 2563 debeat.
2919 2490 2920 2493 '

486 2662 522 2696 «
555 2638 631 2702 2⁰
659 2635 1168 2704 Institueretur
1216 2636 1680 2723 Conpreqatio
1738 2638 2001 2724 aliqua
2044 2640 2389 2723 specialis
2440 2640 3010 2709 doctissimorum
3072 2642 3316 2711 theolo-

298 2797 559 2862 aorum
615 2780 679 2845 et
740 2781 1314 2862 canonistarum,
1360 2781 1587 2848 simul
1645 2782 1708 2847 et
1768 2782 2094 2848 virorum
2161 2783 2482 2850 maoeime
2537 2785 3029 2866 practicorum
3094 2787 3157 2851 et
3225 2806 3315 2851 ex

300 2920 634 2990 omnibus
678 2924 1218 3007 assumptorum
1262 2921 1697 3007 nationibus,
1749 2925 1882 3008 qui
1939 2925 2363 2993 universum
2422 2926 2544 2993 ius
2602 2927 3034 2995 canonicum
3093 2929 3311 2995 atten-

300 3065 587 3132 tissima
646 3066 995 3134 recisione
1061 3067 1605 3151 introspicerem
1649 3068 1734 3149 et,
1802 3068 2082 3134 reiectis
2147 3086 2335 3153 quae
2400 3069 2819 3152 reiicienda,
2884 3070 3316 3155 modificatis

301 3226 491 3293 quae
534 3207 1043 3293 modificando,
1099 3208 1378 3277 additis
1421 3229 1607 3295 quae
1653 3210 1997 3278 addenda
2040 3209 2472 3294 videroeuur,
2508 3230 2771 3279 novum
2805 3210 3079 3297 Corpus
3121 3214 3315 3280 iuris

298 3350 734 3435 conficerent,
784 3352 975 3438 quod
1016 3353 1251 3420 statui
1285 3355 1661 3435 praesenti
1690 3354 2047 3423 Ecclesiae
2090 3355 2344 3441 aptius
2388 3356 3014 3440 accommodatum,
3052 3357 3308 3439 titulis,

301 3489 672 3575 capitibus
699 3493 761 3560 et
792 3493 1131 3560 articulis
1159 3493 1377 3559 iuaeta
1408 3495 1894 3562 materiarum
1928 3496 2256 3563 ordinem
2285 3496 2648 3581 dioestum‘
2667 3497 2836 3565 huic
2870 3496 3178 3566 Concilio
3206 3498 3314 3564 vel

304 3635 525 3702 alteri
549 3637 887 3718 prooeimo
916 3637 1389 3718 convocando,
1428 3638 2012 3705 examinandum
2050 3617 2663 3726 sanciendumque
2697 3643 3219 3726 proponeretur
3249 3668 3310 3708 ».

494 3773 694 3845 Haec
739 3774 1009 3848 deinde
1059 3774 1496 3847 Germaniae
1558 3777 1941 3867 Episcopi:
1994 3808 2030 3842 «
2073 3781 2262 3864 Quia
2313 3783 2558 3850 autem
2615 3784 2698 3851 in
2759 3781 3062 3868 Corpore
3119 3785 3314 3852 iuris

304 3920 638 3988 emwniei
678 3922 1054 4005 permulta
1098 3923 1583 3991 inveniuntur
1616 3926 2101 4010 praescripta,
2146 3945 2333 4011 quae
2384 3929 2470 3993 in
2520 3928 3111 4011 praesentiarum
3166 3948 3314 3996 non

310 4061 637 4146 amplius
663 4063 923 4130 liabent
944 4066 1272 4149 morem,
1304 4066 1623 4132 niaoeime
1639 4066 2044 4150 optandum
2074 4071 2193 4151 est,
2225 4070 2306 4134 ut
2336 4087 2524 4135 nova
2569 4069 2876 4137 collectio
2903 4070 3034 4154 fiat
3065 4090 3313 4139 eorum

314 4221 700 4287 canonum,
724 4205 855 4290 Qui
884 4205 1127 4273 adhuc
1171 4209 1426 4291 vigent,
1457 4209 1749 4277 omissis
1778 4194 2129 4293 omnibus,
2161 4213 2290 4296 qui
2334 4214 2492 4280 iam
2519 4211 2851 4298 abrooati
2881 4231 3030 4287 esse,
3073 4213 3313 4300 diqno·

304 4348 608 4413 mur
638 4372 697 4416 ».
3289 4343 3298 4356 ⁸

486 4485 995 4559 concinebant
1044 4489 1435 4580 Belgarum
1497 4453 1880 4582 Episcopi:
1932 4522 1969 4557 «
2003 4496 2298 4580 Eoepleto
2360 4495 2673 4565 Concilio
2733 4497 3075 4567 Vaticano
3133 4519 3311 4567 com-.

302 4631 579 4697 mittere
642 4631 809 4698 velit
870 4631 1395 4702 Sanctissimus
1456 4635 1811 4706 Dominus
1870 4639 2054 4706 viris
2113 4640 2197 4705 in
2255 4641 2492 4707 sacris
2550 4640 2950 4708 canonibus
3007 4645 3312 4711 versatis

300 4791 577 4840 munus
625 4775 996 4860 rediqendi
1040 4777 1401 4862 inteorum
1444 4779 1892 4863 compleoeum
1941 4779 2178 4866 houm
2220 4782 2868 4850 ecclesiasticarum
2909 4786 2994 4852 in
3047 4804 3311 4854 novum

307 4911 631 4984 Codicem
673 4917 1067 4986 hodiernae
1102 4921 1337 5004 praoei
1370 4923 1997 5006 accommodatum
2030 4926 2093 4991 et
2121 4927 2207 4991 in
2253 4927 2496 4994 varios
2536 4927 2799 5011 titulos,
2851 4931 3117 5016 capita,
3168 4931 3312 5011 etc„

290 5075 435 5140 pro
478 5059 959 5127 materiarum
1001 5065 1345 5131 varietate
1389 5063 1854 5133 distributum
1886 5091 1948 5134 ».
2801 5085 2805 5089 ’

481 5195 673 5267 Tum
743 5216 918 5268 vero
993 5199 1545 5291 Archiepiscopi
1617 5208 1691 5274 et
1758 5202 2108 5294 Episcopi
2178 5227 2268 5276 ex
2329 5204 2731 5293 provinciis
2793 5208 3309 5280 ecclesiasticis

301 5338 770 5424 Quebccensi
830 5346 899 5412 et
973 5341 1493 5416 Halifaxiensi:
1562 5375 1599 5410 «
1633 5348 2093 5418 Postulatum
2153 5352 2231 5418 ut
2294 5351 2514 5420 totius
2571 5353 2768 5422 iuris
2825 5354 3302 5438 ecclesiastici,

297 5486 608 5553 curante
654 5485 949 5583 Summo
1001 5487 1358 5575 Pontifice,
1386 5492 1679 5575 peracto
1726 5490 2044 5563 Concilio
2097 5494 2464 5580 Vaticano,
2508 5497 2641 5580 fiat
2689 5497 3103 5582 Oodifieatio
3147 5517 3309 5566 cum
