3753 5871
1283 388 1456 439 Liber
1488 387 1790 438 secundm
1831 412 1850 423 ·
1887 387 1975 437 De
2016 387 2290 438 Pes-coms
3174 386 3279 444 103

287 574 690 642 Ordinatio
716 579 966 644 autem
1004 578 1425 642 reservatur
1454 574 1780 641 facultas
1810 573 2260 657 prorogandi
2290 573 2425 639 hoc
2456 575 2771 656 tempus,
2810 589 2994 656 quae
3025 575 3270 639 tamen

287 684 716 768 prorogatio
745 682 1042 750 nonnisi
1075 682 1449 754 moderate
1472 682 1923 750 concedatur
1975 681 2022 747 ¹.

468 790 502 872 ξ
548 789 614 855 2.
664 790 811 871 Qui
822 790 1162 876 ,aliquam
1188 791 1636 875 scripturam
1660 809 1747 858 ex
1771 790 2072 882 archivo
2097 788 2337 871 effert,
2372 787 2866 874 syngrapham
2892 804 3027 853 sua
3051 802 3270 868 manu

284 898 683 983 signatam,
727 899 862 965 hoc
900 900 1142 983 ipsum
1185 899 1749 983 significantem,
1790 896 2235 964 cancellario
2281 896 2652 981 relinquat
2690 893 2743 960 ².

1578 1075 1755 1142 CAN.
1794 1075 1947 1142 379.

467 1198 501 1281 ξ
550 1201 615 1265 1.
665 1198 1015 1267 Habeant
1043 1202 1424 1283 praeterea
1451 1198 1804 1283 Episcopi
1835 1196 2041 1264 aliud
2070 1197 2450 1263 archivum
2479 1201 2840 1265 secretum
2865 1197 2981 1265 vel
3014 1196 3275 1264 saltem

286 1311 369 1377 in
420 1312 792 1378 communi
838 1310 1140 1376 archivo
1192 1308 1596 1375 armarium
1645 1326 1772 1374 seu
1820 1306 2190 1397 scrinium
2225 1305 2522 1373 omnino
2561 1306 2895 1371 clausum
2943 1311 3019 1373 et
3074 1304 3267 1371 obse-

288 1425 561 1502 ratum,
603 1419 795 1504 quod
824 1418 916 1485 de
950 1420 1111 1486 loco
1140 1417 1464 1484 amoveri
1492 1420 1831 1500 nequeat.
1868 1414 1959 1480 In
1991 1434 2078 1481 eo
2108 1414 2522 1498 scripturae
2554 1416 2834 1480 secreto
2873 1412 3274 1480 servandae

284 1527 715 1593 cautissime
758 1525 1300 1607 custodiantur;
1347 1523 1473 1590 sed
1522 1522 1837 1608 singulis
1886 1522 2104 1589 annis
2156 1522 2696 1607 quamprimum
2745 1520 3277 1589 comburantur

284 1637 729 1702 documenta
775 1650 1169 1700 causa-rum
1208 1630 1709 1699 criminalium
1759 1631 1841 1697 in
1893 1629 2206 1697 materia
2246 1647 2557 1711 morum,
2615 1647 2926 1714 quarum
2972 1629 3078 1695 rei
3119 1630 3275 1695 vita

282 1743 644 1809 cesserint
695 1741 809 1808 vel
856 1758 1041 1825 quae
1094 1759 1139 1808 a
1182 1740 1537 1807 decennio
1577 1739 1945 1806 sententia
1999 1722 2600 1805 condemnatoria
2646 1738 3029 1804 absolutae
3072 1739 3271 1818 sunt,

284 1853 578 1917 retento
621 1849 809 1916 facti
845 1849 1048 1915 brevi
1088 1847 1492 1915 summario
1525 1865 1693 1914 cum
1735 1851 1947 1914 textu
1988 1845 2398 1913 sententiae
2437 1844 2861 1913 definitivae
2901 1843 2953 1910 ³.

464 1955 498 2037 ς
544 1955 612 2021 2.
662 1954 914 2024 Etiam
953 1955 1176 2022 huius
1222 1954 1486 2022 secreti
1522 1954 1805 2021 archivi
1851 1953 1969 2021 vel
2015 1954 2320 2019 arma-rii
2362 1939 2858 2020 inventarium
2909 1971 3034 2019 seu
3074 1954 3269 2018 cata·

283 2063 501 2149 logus
528 2058 969 2131 conficiatur
999 2063 1092 2130 ad
1130 2080 1460 2130 normam
1494 2081 1658 2129 can.
1693 2061 1848 2144 375,
1888 2062 1922 2143 ξ
1954 2062 2020 2128 2.

466 2170 500 2252 ς
546 2171 613 2236 3.
663 2171 828 2237 Hoc
873 2171 1254 2239 archivum
1300 2169 1416 2244 vel
1452 2170 1856 2237 armarium
1905 2169 2194 2237 duabus
2230 2161 2564 2235 clavibus
2601 2168 2799 2236 inter
2848 2187 2924 2234 se
2962 2167 3274 2234 diversis

281 2277 695 2362 aperiatur,
733 2296 1046 2363 quarum
1077 2279 1313 2346 altera
1349 2278 1548 2362 apud
1590 2277 2039 2362 Episcopum
2072 2276 2188 2344 vel
2221 2276 2920 2343 Administratorem
2964 2277 3272 2359 Aposto-

283 2385 537 2469 licum,
573 2386 813 2452 altera
850 2385 1050 2469 apud
1079 2385 1462 2452 vicarium
1497 2385 1930 2454 Generalem
1960 2385 2099 2466 vel,
2138 2403 2226 2451 eo
2252 2383 2660 2459 deficiente,
2692 2383 2964 2450 Curiae
2994 2382 3270 2450 cancel·

282 2491 556 2561 larium
609 2495 1053 2561 asservetur.

466 2600 500 2681 ξ
547 2600 613 2665 4.
665 2600 1079 2684 Episcopus
1108 2600 1220 2666 vel
1260 2600 1848 2667 Administrator
1880 2601 2378 2685 Apostolicus‚
2417 2601 2732 2685 repetita
2772 2601 3009 2669 altera
3041 2602 3271 2683 clave,

283 2707 445 2791 ipse
487 2708 712 2789 solus,
761 2708 1047 2775 nemine
1080 2707 1449 2791 adstante,
1486 2707 1865 2800 archivum
1903 2709 2016 2775 vel
2052 2709 2454 2775 armarium
2494 2712 2881 2792 secretum,
2924 2709 3049 2776 ubi
3089 2727 3274 2793 opus

283 2817 545 2900 fuerit,
597 2817 888 2901 aperire
933 2821 1008 2884 et
1056 2816 1419 2902 inspicere
1469 2821 1738 2902 potest,
1794 2816 1985 2901 quod
2044 2816 2310 2884 deinde
2358 2820 2679 2902 ‘utraque
2735 2816 2930 2883 clavi
2990 2817 3258 2884 iterum

282 2923 709 2992 claudatur.

1579 3030 1755 3097 CAN,
1794 3030 1948 3099 380.

463 3155 738 3223 Statim
763 3174 809 3221 a
833 3160 1056 3239 capta
1080 3154 1562 3238 possessione,
1592 3154 2006 3239 Episcopus
2040 3154 2491 3222 sacerdotem
2524 3154 2885 3239 designet,
2919 3156 3069 3239 qui,
3104 3154 3271 3223 sede

281 3266 595 3330 vacante
641 3268 775 3331 aut
818 3262 1201 3348 impedita,
1258 3262 1534 3335 clavem
1583 3263 1846 3331 secreti
1905 3262 2261 3331 tabularii
2308 3282 2435 3330 seu
2480 3262 2790 3329 armarii
2841 3280 3025 3347 quae
3072 3263 3265 3347 apud

284 3369 736 3454 Episcopum
780 3374 967 3451 erat,
1012 3373 1367 3438 assumat.

1589 3476 1764 3543 CAN.
1805 3475 1959 3542 381.

462 3600 497 3683 5
546 3603 611 3666 1.
660 3600 828 3668 Nisi
873 3599 1461 3668 Administrator
1504 3599 1980 3684 Apostolicus
2019 3599 2335 3666 dioecesi
2378 3599 2602 3666 datus
2647 3598 2923 3665 fuerit:

546 3710 643 3774 1:
690 3709 875 3776 Sede
911 3707 1270 3792 impedita
1304 3707 1400 3774 ad
1437 3725 1766 3774 normam
1809 3725 1976 3773 can.
2014 3705 2169 3788 429,
2220 3706 2254 3789 ξ
2294 3710 2360 3789 1,
2399 3705 2740 3774 sacerdos
2775 3706 2870 3773 ab
2905 3706 3272 3791 Episcopo

276 3815 742 3901 designatus,
786 3817 852 3883 si
893 3815 1186 3901 quidem
1228 3816 1551 3899 regimen
1601 3815 1955 3883 dioecesis
2006 3816 2106 3882 sit
2147 3833 2369 3899 penes
2410 3815 2652 3881 virum
2695 3813 3268 3882 ecclesiasticum
3337 3796 3346 3805 ί
3407 3826 3434 3841 ”

277 3924 378 3991 ab
408 3923 780 4007 Episcopo
815 3922 1260 4009 delegatum,
1293 3924 1573 3992 clavem
1613 3922 1844 3991 eidem
1879 3924 2236 4007 remittat;
2271 3924 2334 3998 si
2372 3941 2594 4007 penes
2627 3923 3008 3989 vicarium
3043 3922 3268 3991 Gene-

281 4030 542 4113 ralem,
575 4049 735 4098 eam
775 4031 934 4116 ipse
973 4032 1314 4115 retineat3

549 4138 648 4204 2.⁰
693 4138 880 4207 Sede
920 4158 1096 4207 vero
1129 4143 1440 4208 vacante
1484 4143 1620 4207 aut
1653 4140 2011 4224 impedita
2045 4140 2140 4207 ad
2183 4157 2514 4207 normam
2553 4140 2682 4207 cit.
2722 4157 2888 4209 can.
2929 4138 3085 4221 429,
3129 4138 3164 4221 §
3200 4138 3269 4218 3,

277 4246 479 4314 idem
514 4247 855 4315 sacerdos
894 4247 1174 4315 clavem
1220 4248 1557 4316 remittat
1590 4247 1893 4315 Vicario
1928 4247 2352 4332 capitulari
2388 4248 2644 4315 statim
2684 4251 2853 4332 post
2890 4248 3049 4315 eius
3087 4247 3269 4315 desi·

276 4354 730 4441 gnationem3
774 4355 1122 4424 Vicarius
1160 4375 1338 4425 vero
1388 4356 1774 4442 Generalis
1818 4357 1934 4423 vel
1973 4356 2466 4424 cancellarius
2508 4357 2733 4423 aliam
2787 4356 3066 4423 clavem
3107 4373 3158 4423 a
3199 4374 3276 4422 se
3351 4418 3352 4421 ,

280 4462 651 4531 retentam
695 4463 1072 4531 remittere
1111 4464 1362 4533 eodem
1404 4468 1734 4548 tempore
1783 4463 2000 4532 debet
2055 4464 2337 4548 primae
2380 4464 2714 4548 Capituli
2759 4464 3114 4549 dignitati
3157 4464 3272 4531 vel

272 4570 693 4638 consultori
720 4570 1153 4639 dioecesano
1184 4589 1487 4640 munere
1525 4572 1971 4657 antiquiori

462 4676 498 4759 ξ
545 4676 612 4742 2.
660 4678 1078 4763 Antequam
1120 4679 1365 4747 claves
1405 4680 1528 4762 iis,
1574 4680 1840 4766 quibus
1892 4679 2093 4747 tradi
2144 4681 2414 4748 debent
2452 4680 2548 4748 ad
2591 4699 2921 4748 normam
2970 4680 3005 4763 ξ
3053 4683 3120 4764 1,
3166 4701 3269 4759 re·

275 4784 552 4854 missae
585 4786 895 4870 fuerint,
934 4787 1283 4855 vicarius
1310 4786 1698 4857 Generalis
1729 4788 1845 4855 vel
1873 4790 2365 4858 cancellarius
2395 4792 2471 4857 et
2500 4789 2866 4872 sacerdos,
2902 4794 2988 4858 ut
3019 4807 3271 4875 supra,

274 4894 378 4961 ab
418 4893 788 4979 Episcopo
837 4894 1294 4980 designatus,
1351 4897 1804 4964 tabularium
1846 4897 1966 4965 vel
2008 4898 2414 4964 armarium
2458 4898 2728 4983 sigillis
2770 4897 3042 4967 Curiae
3086 4898 3268 4966 obsi·

273 5005 534 5086 gnent.

464 5212 490 5249 ²
526 5211 883 5265 Benedictus
914 5214 1080 5274 x111,
1116 5217 1300 5266 const.
1344 5230 1375 5266 ι
1407 5215 1672 5266 Maxima
1708 5216 2022 5277 mouentia
2057 5233 2106 5278 n,
2144 5219 2209 5269 14
2253 5218 2372 5270 iun.
2416 5218 2564 5279 1727,
2605 5219 2632 5280 ς
2677 5218 2760 5281 22;
2797 5220 2940 5271 Pius
2974 5220 3039 5281 X,
3085 5224 3270 5273 const.

277 5315 311 5349 ι
344 5301 479 5350 mci
506 5300 628 5352 Noe
658 5317 708 5361 ιι,
747 5304 780 5353 1
817 5303 936 5354 ian.
967 5303 1116 5363 1912,
1149 5316 1207 5354 n.
1247 5303 1330 5356 79.

455 5392 483 5429 ²
527 5390 881 5443 Benedictus
914 5393 1079 5452 xnl,
1112 5383 1297 5445 eonst‘.
1343 5409 1374 5445 α
1415 5392 1679 5444 Maxima
1712 5394 2027 5455 vigmanno
2060 5412 2109 5457 ι,
2153 5397 2219 5447 14
2243 5396 2374 5448 iun.
2412 5396 2635 5458 172⁷st
2672 5396 2752 5447 22.

456 5483 483 5518 ³
526 5480 881 5534 Benedictus
903 5482 1054 5543 XIV,
1079 5494 1170 5544 ep.
1195 5485 1413 5545 encycl.
1447 5499 1478 5535 α
1503 5483 1667 5536 Saus
1696 5483 1871 5537 Vobis
1897 5499 1947 5546 ι,
1982 5485 2048 5537 17
2073 5498 2205 5538 nov.
2237 5485 2385 5546 1741,
2418 5486 2445 5547 ς
2476 5487 2561 5546 10,
2592 5487 2675 5546 11,
2708 5487 2790 5547 143
2814 5486 2959 5569 Pius
2980 5486 3049 5547 X,
3084 5490 3269 5540 const.

278 5584 312 5618 ι
342 5569 479 5620 Bm
517 5569 639 5620 Noe
670 5584 720 5629 n,
755 5571 787 5621 1
829 5571 946 5621 ian.
983 5571 1131 5631 1912,
1165 5584 1223 5622 n.
1267 5571 1349 5624 78.
