3753 5871
1299 317 1477 368 aanor
1504 316 1744 369 rorum
1776 339 1796 352 ·
1832 313 1923 366 De
1961 314 2160 366 ηοω.
3145 304 3257 366 449

1400 657 1698 725 TITUL
1710 656 1826 725 ΠΒ
1873 655 2073 722 XXX.

1306 786 1409 854 De
1451 786 1596 871 piis
1640 784 2206 854 fundatIonibus.

1516 979 1695 1048 CAN.
1744 979 1942 1046 1544.

430 1126 467 1208 ξ
512 1101 579 1191 1.
629 1124 944 1193 Nomine
1006 1124 1301 1209 piarum
1360 1123 1887 1190 fundationum
1935 1119 2480 1207 *significantur
2543 1120 2737 1189 bona
2807 1119 3250 1205 temporalia

252 1232 481 1301 alicui
542 1250 900 1318 personae
961 1232 1226 1300 morali
1286 1231 1366 1299 in
1418 1231 1754 1298 Ecclesia
1804 1248 2099 1316 quoquo
2148 1230 2364 1296 modo
2412 1234 2618 1313 data,
2672 1247 2841 1296 cum
2893 1248 3113 1297 onere
3164 1228 3245 1295 in

252 1347 690 1426 perpetuum
724 1341 841 1408 vel
884 1341 960 1407 in
998 1339 1438 1408 diuturnum
1485 1344 1778 1424 tempus
1812 1357 1902 1407 ex
1941 1338 2305 1406 reditibus
2340 1337 2612 1405 annuis
2646 1337 2940 1422 aliquas
2978 1337 3248 1404 Missas

250 1448 698 1533 oelebrandi,
754 1449 871 1517 vel
914 1447 1106 1515 alias
1149 1445 1585 1532 praefinitas
1628 1447 2053 1514 functiones
2107 1446 2646 1514 ecclesiasticas
2690 1445 3060 1531 explendi,
3113 1448 3249 1514 aut

254 1557 614 1624 nonnulla
642 1556 948 1641 pietatis
977 1558 1055 1624 et
1081 1555 1426 1624 caritatis
1458 1573 1677 1640 opera
1714 1554 2139 1640 peragendi.

427 1664 461 1747 ξ
508 1663 575 1729 2.
625 1664 1028 1746 Fundatio,
1064 1663 1392 1748 legitime
1421 1668 1833 1748 acceptata,
1878 1668 2227 1731 natura-m
2258 1662 2510 1732 induit
2538 1667 2970 1731 contractus
3003 1663 3242 1750 synal-

253 1772 678 1858 lagmatici:
727 1775 821 1840 do
850 1776 938 1839 ut
972 1771 1234 1868 jacias.

642 1911 645 1914 ’
1515 1896 1692 1964 cm.
1745 1896 1940 1963 1545.

424 2039 601 2108 Loci
652 2039 1039 2108 Ordinarii
1087 2042 1201 2108 est
1254 2056 1553 2109 normas
1613 2038 2113 2124 praescribere
2162 2038 2253 2106 de
2314 2037 2513 2106 dotis
2566 2037 2988 2122 quantitate
3039 2037 3245 2105 infra

249 2166 465 2234 quam
488 2149 617 2232 pia
635 2148 983 2217 fundatio
1003 2147 1306 2218 admitti
1327 2153 1645 2232 nequeat
1663 2150 1742 2217 et
1760 2148 1852 2216 de
1876 2147 2038 2215 eius
2056 2146 2431 2215 fructibus
2453 2146 2598 2215 rite
2622 2144 3160 2215 distribuendis
3185 2141 3237 2212 ¹.

1502 2271 1689 2393 cm.
1739 2324 1935 2390 1546.

428 2464 465 2546 ς
510 2464 577 2530 1.
628 2465 733 2533 Ut
768 2462 1191 2530 huiusmodi
1237 2461 1719 2530 fundationes
1758 2479 1804 2528 a
1842 2478 2161 2546 persona
2207 2459 2475 2529 morali
2513 2459 2889 2545 acceptari
2925 2459 3241 2545 possint,

251 2571 660 2656 requiritur
696 2589 1097 2639 consensus
1133 2570 1517 2638 Ordinarii
1562 2570 1732 2654 loci,
1774 2571 1855 2637 in
1902 2569 2207 2655 scriptis
2242 2570 2492 2652 datus,
2536 2569 2664 2654 qui
2700 2586 2866 2637 eum
2905 2586 2997 2636 ne
3035 2585 3239 2653 prae-

250 2678 447 2761 beat,
487 2684 884 2763 antequam
933 2679 1260 2765 legitime
1293 2679 1736 2763 compererit
1777 2695 2168 2762 personam
2216 2678 2568 2746 moralem
2608 2684 2768 2746 tum
2810 2697 2998 2747 novo
3037 2680 3244 2747 oneri

249 2787 742 2872 suscipiendo,
794 2791 953 2854 tum
1004 2787 1336 2872 antiquis
1383 2788 1533 2854 iam
1594 2787 1958 2871 susceptis
2010 2786 2443 2854 satisfacere
2503 2804 2736 2871 posse;
2785 2787 3243 2872 maximeque

246 2900 505 2964 caveat
537 2900 622 2965 ut
643 2894 929 2964 reditus
954 2896 1253 2965 omnino
1284 2895 1780 2982 respondeant
1801 2894 2148 2965 oneribus
2170 2894 2548 2963 adiunctis
2572 2895 2974 2964 secundum
2997 2896 3238 2965 cuius·

247 3014 386 3087 que
417 3001 773 3071 dioecesis
804 3020 1074 3071 morem
1111 3003 1166 3073 ².

427 3111 461 3193 ξ
506 3110 573 3177 2.
625 3112 717 3178 In
766 3112 1298 3196 acceptatione,
1352 3111 1887 3180 constitutione
1938 3115 2015 3181 et
2073 3112 2723 3188 administratione
2775 3114 3242 3183 fundationis

247 3223 611 3303 patronus
651 3218 1001 3287 ecclesiae
1034 3220 1321 3286 nullum
1356 3218 1477 3288 ius
1511 3220 1755 3287 habet.

1525 3400 1703 3468 οΑΝ.
1760 3400 1958 3466 1547.

416 3539 745 3607 Pecunia
770 3545 847 3608 et
873 3541 1063 3607 bona
1097 3539 1423 3621 mobilia,
1459 3540 1869 3608 dotationis
1910 3541 2202 3608 nomine
2234 3541 2642 3626 assignata,
2678 3541 2935 3608 statim
2968 3541 3046 3608 in
3084 3541 3248 3608 loco

248 3653 442 3731 tuto,
476 3650 568 3717 ab
594 3649 843 3717 eodem
873 3648 1273 3717 Ordinario
1297 3647 1777 3734 designando,
1813 3649 2285 3733 deponantur
2314 3649 2407 3716 ad
2443 3668 2606 3715 eum
2635 3649 2853 3717 finem
2882 3652 2968 3716 ut
2994 3646 3245 3717 eadem

251 3756 563 3842 pecunia
611 3757 729 3824 vel
778 3756 1135 3824 bonorum
1184 3755 1564 3824 mobilium
1615 3757 1938 3841 pretium
2000 3758 2524 3825 custodiantur
2576 3762 2652 3825 et
2703 3758 3244 3842 quamprimum

246 3869 465 3932 caute
494 3868 571 3933 et
599 3864 891 3932 utiliter
929 3864 1329 3932 secundum
1365 3865 1690 3949 prudens
1729 3866 2054 3933 eiusdem
2090 3865 2475 3933 Ordinarii
2508 3866 2930 3948 arbitrium,
2966 3866 3249 3933 auditis

247 3975 327 4040 et
365 3971 461 4039 iis
497 3990 806 4058 quorum
846 3973 1162 4041 interest
1203 3978 1279 4041 et
1312 3973 1744 4042 dioecesano
1780 3972 2457 4041 administrationis
2492 3974 2850 4056 Consilio,
2888 3973 3240 4041 collocen-

247 4082 377 4146 tur
411 4080 491 4146 in
530 4081 988 4148 commodum
1028 4080 1352 4149 eiusdem
1400 4081 1868 4149 fundationis
1908 4100 2075 4148 cum
2125 4100 2473 4165 expressa
2508 4085 2587 4150 et
2623 4082 3009 4150 individua
3051 4099 3240 4149 men·

245 4187 448 4254 tione
483 4186 729 4254 oneris
771 4187 823 4254 ³.

1522 4311 1701 4379 CAN·
1752 4312 1947 4377 1518.

369 4436 376 4443 ’
421 4451 455 4535 §
502 4453 569 4518 1.
619 4452 1154 4536 Fundationes,
1195 4453 1420 4522 etiam
1464 4453 1633 4521 viva
1667 4472 1842 4521 voce
1888 4454 2158 4537 factae,
2203 4454 2485 4539 scripto
2519 4455 3073 4540 consignentur.

429 4557 463 4641 ἕ
510 4559 577 4626 2.
627 4558 969 4627 Alterum
1022 4561 1447 4628 tabularum
1498 4561 1874 4645 exemplar
1926 4562 2007 4628 in
2059 4561 2333 4630 Ouriae
2394 4562 2748 4645 archivo„
2779 4563 3097 4630 alterum
3163 4563 3243 4629 in

248 4665 550 4735 archivo
582 4684 939 4750 personae
970 4668 1300 4751 moratis,
1334 4669 1433 4737 ad
1477 4686 1695 4753 quam
1733 4669 2085 4738 fundatio
2117 4675 2430 4755 spectat,
2478 4676 2646 4741 tuto
2679 4679 3124 4743 asservetur.

433 4929 456 4965 ¹
494 4930 874 4981 Innocentius
900 4929 1034 4991 xn,
1065 4932 1251 4982 const.
1291 4945 1323 4981 α
1352 4928 1554 4991 Nuper
1581 4945 1632 4992 n,
1663 4932 1728 4983 23
1759 4932 1883 4983 dec.
1916 4933 2063 4994 1697,
2098 4933 2125 4995 ς
2156 4933 2239 4994 15,
2272 4934 2350 4985 ad
2387 4934 2501 5000 5,‚5
2540 4935 2623 4995 16,
2654 4935 2736 4997 30;
2768 4935 2825 4987 S.
2860 4935 2926 4988 0.
2959 4935 3047 4997 0.,
3083 4935 3222 4988 decr

250 5019 317 5071 23
345 5031 479 5071 nov.
514 5019 663 5080 1697,
698 5019 777 5071 ad
817 5020 867 5071 5.
1274 5035 1282 5043 ·

430 5114 457 5149 2
495 5109 875 5162 Innocentius
910 5110 1044 5171 811,
1084 5113 1270 5163 const.
1311 5127 1343 5163 ι
1387 5110 1591 5172 Nuper
1626 5127 1676 5173 ι,
1715 5113 1779 5165 23
1819 5112 1943 5165 dec.
1985 5114 2134 5175 1697,
2176 5114 2203 5176 Ι
2241 5113 2292 5175 7,
2323 5115 2374 5176 8,
2406 5115 2490 5175 16,
2522 5116 2606 5177 18,
2637 5116 2720 5178 303
2761 5116 2820 5168 S.
2849 5117 2918 5168 0.
2951 5116 3039 5179 0.,
3090 5118 3229 5169 decr

252 5200 320 5251 21
348 5199 470 5251 iun.
511 5200 658 5262 1625:
685 5200 841 5252 decr.
875 5201 939 5253 23
968 5214 1101 5253 nov.
1141 5202 1289 5265 1697;
1321 5201 1646 5262 Celsum„
1676 5202 1743 5253 22
1775 5205 1876 5255 iul.
1913 5205 2061 5264 1741.
2098 5204 2177 5256 ad
2206 5206 2257 5267 1;
2290 5203 2350 5257 Β.
2393 5204 2458 5257 0.
2493 5205 2568 5258 de
2603 5207 2774 5266 Prop.
2812 5206 2958 5259 Fide
2999 5206 3088 5266 (0.
3129 5207 3246 5269 0.),

249 5290 317 5340 zi
342 5289 448 5342 lul.
480 5290 629 5351 1856,
659 5294 775 5343 art.
814 5291 896 5351 20,
927 5304 983 5342 a.

424 5384 449 5419 ³
492 5381 872 5434 Innocentius
910 5382 1044 5442 xn.
1076 5386 1262 5435 const.
1299 5399 1331 5435 ι
1360 5382 1563 5444 Nuper
1601 5399 1650 5445 n,
1684 5384 1749 5438 23
1780 5385 1906 5436 dec.
1941 5385 2090 5445 1697,
2127 5385 2239 5447 ,7,
2271 5385 2354 5447 16,
2385 5386 2468 5448 30;
2507 5385 2564 5438 S.
2597 5387 2663 5439 0.
2695 5387 2784 5449 0.,
2819 5388 2973 5439 decr.
3012 5388 3077 5439 21
3118 5389 3242 5440 iun.

246 5470 395 5531 1025:
424 5470 580 5522 decr.
615 5471 681 5523 23
710 5484 843 5524 nov.
884 5472 1033 5524 1697.

375 5611 568 5662 Codex
600 5612 631 5663 1
636 5615 762 5666 uris
798 5614 1097 5665 canonici.
3063 5619 3119 5663 D
