3753 5871
1146 224 1322 276 Liber
1357 223 1618 286 Quartus
1652 246 1673 258 ·
1707 219 1795 273 Dc
1827 220 2209 273 Procumbite
3060 217 3171 277 465

1355 528 1781 599 TITULUS
1832 528 1984 596 ΙΙΙ.

884 678 988 745 De
1035 674 1411 760 disciplina
1454 673 1534 740 in
1578 671 2061 740 tribunalibus
2106 671 2470 740 servanda.

1480 849 1739 917 Garum
1786 848 1852 915 Ι.

701 991 813 1060 De
857 990 1090 1077 officio
1132 989 1461 1057 iudicum
1507 995 1580 1057 ct
1630 988 2029 1057 tribunalis
2083 987 2620 1056 ministrorum.

1434 1170 1613 1239 CAN.
1673 1169 1867 1236 1608.

350 1297 584 1365 Iudex
643 1301 1063 1382 competens
1125 1295 1327 1380 parti
1396 1294 1723 1380 legitime
1782 1292 2191 1377 requirenti
2262 1311 2476 1361 suum
2537 1292 3034 1361 ministerium
3075 1311 3167 1361 nc
3268 1325 3274 1339 ·

196 1414 492 1493 recuset,
524 1407 737 1475 firmo
766 1407 1228 1492 praescripto
1252 1423 1417 1472 can.
1451 1403 1648 1485 1625,
1687 1402 1720 1485 ξ
1752 1405 1794 1469 1
1818 1400 1867 1469 ¹.

1440 1564 1620 1632 cin.
1668 1536 1863 1630 1609.

356 1691 389 1774 ξ
435 1695 501 1757 1.
550 1691 785 1759 Iudex
821 1695 1216 1775 antequam
1263 1689 1582 1772 aliquem
1621 1689 1716 1755 ad
1763 1705 1976 1755 suum
2017 1686 2271 1755 trahat
2317 1685 2649 1754 tribunal
2685 1689 2761 1754 et
2799 1684 3162 1754 iudicatu-

191 1818 311 1867 rus
345 1799 620 1881 sedeat,
665 1798 914 1866 videat
953 1804 1203 1865 utrum
1241 1798 1399 1882 ipse
1435 1798 1535 1867 sit
1567 1801 2014 1880 competens,
2057 1813 2282 1862 necne
2322 1794 2372 1858 ².

358 1907 389 1989 ξ
436 1906 503 1972 2.
553 1898 973 1990 Eodemque
1012 1906 1228 1978 modo
1273 1909 1668 1990 antequam
1710 1905 2030 1988 aliquem
2080 1904 2175 1970 ad
2218 1902 2579 1989 agendum
2630 1904 3009 1988 admittat,
3050 1923 3160 1974 co·

184 2034 522 2101 gnoscere
550 2021 847 2089 tenetur
884 2033 1056 2080 num
1089 2015 1155 2081 is
1191 2016 1269 2081 in
1298 2014 1575 2082 iudicio
1601 2013 1839 2098 possit
1868 2014 2031 2080 iure
2065 2013 2492 2080 consistere.

355 2123 388 2205 §
434 2124 501 2191 3.
552 2123 720 2191 Non
757 2126 870 2191 est
900 2129 1145 2189 tamen
1187 2139 1475 2189 necesse
1507 2126 1590 2189 ut
1627 2122 1716 2188 de
1746 2122 1862 2188 his
1893 2121 2263 2188 referatur
2292 2122 2372 2187 in
2410 2120 2622 2188 actis.

1448 2282 1623 2349 CAN.
1675 2281 1868 2348 1610.

357 2408 391 2491 ξ
440 2412 506 2474 1.
559 2409 640 2476 Si
682 2409 1016 2493 exceptio
1049 2411 1508 2491 proponatur
1540 2412 1800 2475 contra
1837 2407 2106 2476 iudicis
2147 2408 2739 2493 competentiam,
2778 2408 2915 2476 hac
2958 2408 3050 2476 de
3088 2429 3167 2477 re

182 2516 336 2600 ipse
386 2516 603 2584 iudex
644 2514 895 2583 videre
934 2515 1148 2584 debet
1188 2516 1243 2585 ³.

359 2624 392 2707 ξ
438 2623 507 2690 2.
556 2624 647 2690 In
682 2642 861 2691 casu
902 2624 1355 2708 exceptionis
1388 2624 1478 2693 de
1519 2624 2094 2708 incompetentia
2129 2624 2467 2707 relativa,
2505 2623 2569 2690 si
2605 2624 2824 2691 iudex
2868 2643 2944 2691 se
2976 2642 3161 2692 com·

182 2736 548 2816 petentem
584 2733 1042 2816 pronuntiet,
1080 2733 1238 2800 eius
1273 2730 1549 2800 decisio
1592 2751 1736 2800 non
1773 2731 2110 2800 admittit
2154 2732 2750 2816 appellationem.

356 2839 391 2922 ξ
436 2840 504 2907 3.
554 2839 768 2920 Quod
814 2841 880 2907 si
918 2840 1137 2908 iudex
1175 2859 1253 2908 se
1288 2841 1901 2924 incompetentem
1949 2840 2298 2922 declaret,
2342 2858 2518 2925 pars
2569 2858 2754 2924 quae
2796 2859 2872 2908 se
2909 2858 3162 2926 grava·-

176 2953 333 3044 tam
368 2952 694 3034 reputat,
732 2953 979 3033 potest
1007 2950 1211 3017 intra
1251 2950 1495 3018 decem
1529 2950 1815 3017 dierum
1852 2950 2175 3033 spatium
2218 2950 2791 3034 appellationem
2830 2949 2924 3017 ad
2959 2968 3163 3034 supe·

181 3056 338 3123 rius
376 3056 708 3123 tribunal
753 3057 1245 3142 interponere.

1455 3170 1630 3238 CAN.
1682 3171 1842 3237 1611
1859 3219 1875 3236 .

357 3292 589 3363 Iudex
623 3295 879 3379 quovis
913 3295 990 3361 in
1033 3295 1276 3362 stadio
1307 3312 1575 3363 causae
1606 3315 1683 3362 se
1715 3296 2051 3363 absolute
2093 3296 2702 3380 incompetentem
2737 3313 3165 3381 agnoscens,

175 3420 389 3469 suam
430 3403 1076 3485 incompetentiam
1112 3403 1492 3471 declarare
1523 3406 1842 3472 tenetur.

1450 3579 1628 3647 CAN.
1679 3578 1873 3645 1612.

360 3701 393 3784 ξ
443 3704 508 3769 1.
561 3703 643 3770 Si
686 3703 882 3770 inter
933 3702 1119 3769 duos
1164 3702 1502 3786 pluresve
1565 3702 1846 3770 iudices
1907 3704 2412 3770 controversia
2476 3704 2767 3770 oriatur
2833 3704 3168 3788 quisnam

170 3828 432 3877 eorum
470 3810 565 3877 ad
605 3810 906 3896 aliquod
943 3812 1315 3895 negotium
1351 3816 1770 3895 competens
1813 3812 1940 3893 sit,
1980 3830 2095 3878 res
2126 3811 2543 3880 definienda
2576 3818 2689 3881 est
2730 3830 2778 3878 a
2812 3811 3172 3879 tribunali

170 3917 603 3985 immediate
651 3918 1052 4002 superiore.

361 4024 394 4107 §
442 4024 508 4091 2.
560 4025 771 4105 Quod
822 4028 887 4094 si
925 4026 1229 4107 iudices,
1294 4027 1491 4094 inter
1552 4045 1734 4111 quos
1804 4027 2098 4109 exsistit
2161 4029 2695 4112 competentiae
2755 4027 3171 4111 conflictus,

170 4132 478 4202 subsint
530 4133 909 4201 distinctis
958 4134 1461 4202 tribunalibus
1505 4136 2034 4220 superioribus,
2084 4137 2628 4204 controversiae
2683 4135 3019 4204 definitio
3070 4155 3173 4203 re·

170 4245 526 4308 servatur
551 4241 913 4309 tribunali
940 4242 1305 4325 superiori
1332 4242 1540 4309 illius
1567 4242 1862 4325 iudicis,
1891 4262 2139 4311 coram
2178 4260 2322 4328 quo
2347 4244 2547 4312 actio
2570 4244 2812 4328 primo
2839 4249 3178 4328 promota

167 4352 315 4431 est;
362 4350 430 4416 si
469 4367 614 4416 non
661 4349 982 4417 habeant
1018 4350 1348 4417 tribunal
1387 4351 1752 4434 superius,
1795 4352 2185 4420 conflictus
2230 4351 2631 4420 dirimatur
2665 4352 2782 4420 vel
2818 4371 2863 4420 a
2902 4352 3182 4437 Legato

169 4454 506 4524 Sanctae
547 4456 784 4540 Sedis,
821 4459 884 4523 si
916 4457 1139 4537 adsit,
1175 4459 1288 4525 vel
1321 4459 1413 4525 ab
1445 4459 1871 4542 Apostolica
1910 4459 2339 4544 signatura.

1445 4616 1620 4684 CAN.
1679 4616 1872 4684 1613.

364 4738 397 4821 ξ
447 4742 512 4805 1.
564 4739 797 4808 Iudex
838 4739 1414 4824 cognoscendam
1466 4758 1556 4807 ne
1597 4741 1959 4824 suscipiat
1996 4759 2322 4823 causam,
2374 4741 2453 4808 in
2496 4758 2641 4826 qua
2683 4741 2974 4809 ratione
3011 4758 3176 4808 con-

165 4848 720 4932 sanguinitatis
758 4849 875 4915 vel
914 4847 1302 4916 affinitatis
1342 4849 1419 4915 in
1463 4849 1789 4932 quolibet
1839 4849 2075 4934 gradu
2119 4849 2382 4917 lineae·
2410 4853 2655 4917 rectae
2697 4853 2773 4918 et
2814 4850 2893 4917 in
2939 4848 3180 4933 primo

367 5091 389 5128 ²
426 5092 491 5143 Ο.
521 5091 604 5151 17.
640 5092 706 5151 X,
738 5094 809 5142 de
836 5091 1093 5149 iudiciis,
1125 5094 1208 5150 11.
1239 5095 1286 5155 1:
1315 5105 1364 5145 c.
1395 5093 1445 5153 8.
1474 5094 1539 5153 X,
1572 5094 1641 5142 de
1670 5092 2043 5143 immunitate
2080 5093 2478 5152 ecclesiarum,
2510 5094 2862 5153 coemeterii,
2895 5100 2953 5146 et
2983 5106 3176 5143 rer-am

163 5183 255 5233 ad
294 5191 403 5230 eas
431 5181 873 5240 pertinentium,
905 5182 1021 5242 111.
1052 5182 1134 5234 49.

357 5278 382 5312 ²
431 5271 495 5322 C.
531 5272 581 5330 1,
613 5270 678 5322 Ο.
710 5271 811 5331 VI,
852 5284 906 5334 q.
939 5273 988 5323 3.

361 5367 386 5403 ³
434 5361 497 5413 C.
527 5361 609 5422 38,
638 5362 704 5422 X,
740 5364 812 5413 dc
838 5362 1024 5421 officio
1053 5370 1111 5416 et
1140 5366 1432 5424 potestate
1466 5364 1680 5415 iudicis
1707 5366 1981 5426 deleoatl,
2013 5366 2060 5426 1,
2089 5366 2168 5418 29.

298 5502 502 5554 Codex
536 5500 696 5553 luris
732 5500 1030 5553 Canonici.
2995 5506 3050 5552 ³0
