3753 5871
1577 296 1940 346 υοουηιοηιο
3145 287 3256 346 695

257 484 594 561 defuerit,
626 482 831 547 facile
862 482 1142 561 laqueos
1169 481 1605 544 insidiatoris
1648 479 1953 541 occurrit
1977 481 2026 541 ¹.
2059 479 2384 559 cogitent
2415 479 2764 543 Ecclesiae
2795 478 3111 541 hostibus
3140 480 3254 541 vix

260 590 622 669 quidpiam
661 588 1042 668 optabilius
1086 593 1161 654 et
1194 588 1654 668 opportunius
1693 588 2002 652 accidere
2040 604 2262 667 posse,
2305 604 2506 665 quam
2558 588 2851 649 Romani
2893 587 3251 650 Pontificis

259 697 665 761 electionem
707 697 783 759 in
816 696 1091 777 longius
1122 690 1445 775 distrahi,
1488 700 1617 760 aut
1647 697 1856 759 etiam
1895 695 2311 776 perturbari.
2351 696 2525 757 Nam
2564 696 2647 757 si.
2669 695 2863 774 Papa
2900 679 3110 758 Urbis
3142 712 3250 757 vo-

265 810 477 868 catur
508 806 583 868 in
619 805 927 884 dubium,
974 806 1437 885 Episcopatus
1468 788 2017 883 iam‘videbitur,
2063 819 2207 866 non'
2237 803 2624 882 Episcopus
2657 802 3065 866 vacillare‘2.
3113 802 3245 864 Ite·

264 930 425 976 rum
482 930 640 977 vero
689 915 1121 977 obsecramus
1166 918 1241 977 et
1285 914 1712 977 obtestamur
1756 913 2044 976 Fratres
2094 912 2386 975 Nostros
2436 910 2867 990 Cardinales,
2929 916 3012 974 ut
3057 909 3254 975 nulla

264 1022 722 1101 propensione
745 1021 959 1084 animi
983 1023 1085 1084 vel
1111 1021 1464 1084 aversione
1492 1020 1836 1101 commoti,
1859 1020 2127 1082 nullius
2148 1018 2471 1082 inclinati
2498 1019 2732 1098 gratia
2755 1022 2882 1082 aut
2905 1019 3249 1098 obsequio,

264 1145 411 1192 non
445 1129 931 1192 intercessione
969 1129 1044 1190 in
1078 1110 1352 1191 saeculo
1383 1129 1766 1207 potentium
1807 1128 2004 1206 moti,
2039 1128 2159 1191 sed
2191 1128 2390 1192 unice
2425 1127 2555 1191 Dei
2595 1126 2886 1206 gloriam
2922 1130 2995 1191 et
3025 1127 3250 1190 Eccle·
3294 1170 3297 1173 ι

266 1237 417 1300 siae
455 1238 705 1300 bonum
737 1254 901 1315 prae
931 1235 1151 1300 oculis
1181 1220 1509 1300 habentes
1535 1237 1609 1297 in
1642 1252 1796 1299 eum
1835 1253 1962 1299 sua
1995 1239 2159 1298 vota
2187 1236 2550 1299 conserant
2578 1252 2773 1313 quem
2815 1235 3028 1298 animi
3062 1252 3251 1314 prae·

266 1345 537 1408 stantia
565 1351 638 1409 et
671 1344 1024 1424 religionis
1054 1342 1199 1407 zelo
1226 1344 1521 1408 eminere
1556 1343 2057 1423 prospexerint,
2088 1344 2335 1421 quique
2363 1343 2693 1422 mysticae
2726 1343 2938 1415 Navis
2974 1344 3256 1407 sortiter

267 1452 753 1531 sapienterque
788 1453 1054 1515 clavum
1088 1469 1321 1531 regere
1354 1455 1426 1516 et
1457 1451 1928 1531 ingruentium
1964 1451 2266 1514 hostium
2310 1450 2608 1529 impetus
2654 1450 2971 1530 frangere
3010 1451 3107 1514 sit
3140 1468 3249 1530 po·

264 1563 448 1637 tens;
479 1559 738 1638 alioqui
780 1560 1006 1623 sciant
1038 1548 1555 1623 districtissimo
1589 1560 1718 1623 Dei
1761 1558 2021 1622 iudicio
2052 1574 2307 1638 poenas
2339 1558 2632 1638 laturos,
2672 1558 2732 1621 si
2777 1575 2902 1621 sua
2946 1557 3151 1638 culpa
3184 1563 3265 1622 et·

263 1667 691 1747 negligentia
723 1668 798 1729 in
834 1669 1036 1730 tanto
1068 1683 1295 1731 rerum
1333 1666 1727 1730 discrimine
1758 1670 1834 1732 et
1874 1667 2080 1730 celeri
2123 1670 2197 1730 et
2231 1666 2493 1745 optima
2526 1666 2687 1729 novi
2722 1666 3085 1729 Pontificis
3113 1667 3252 1729 ele·

263 1760 500 1838 ctione
537 1774 785 1838 afflicto
807 1760 1169 1838 ‘Ecclesiae
1211 1776 1431 1840 statui
1465 1772 1818 1838 consulere
1861 1772 2310 1853 neglexerint.
2352 1772 2666 1837 Electum
2704 1764 2862 1837 vero
2900 1774 3254 1847 haeredem

264 1887 346 1947 et
379 1882 845 1945 Successorem
880 1882 1231 1959 Nostrum,
1262 1882 1376 1944 cui
1401 1885 1554 1946 toto
1577 1881 1806 1946 cordis
1830 1881 2084 1945 affectu
2112 1897 2471 1960 precamur
2498 1896 2544 1945 a
2568 1881 2887 1960 Domino,
2917 1885 3002 1945 ut
3032 1881 3255 1943 locum

265 1993 585 2051 nostrum
620 1988 894 2052 felicius
934 1992 1243 2068 occupet,
1280 2005 1602 2069 rogamus
1636 2006 1722 2053 ne
1764 1988 2069 2052 muneris
2102 1989 2456 2053 arduitate
2489 1987 2868 2052 deterritus
2902 1983 2989 2052 ab
3024 1988 3257 2053 eodem

266 2097 624 2160 subeundo
657 2114 728 2160 se
759 2097 1096 2176 retrahat,
1130 2101 1208 2161 at
1238 2097 1472 2177 potins
1511 2096 1785 2160 divinae
1822 2096 2206 2160 voluntatis
2234 2096 2523 2160 consilio
2558 2095 2915 2161 humiliter
2944 2114 3018 2159 se
3048 2094 3255 2159 subii·

263 2204 441 2282 ciat,
482 2220 638 2266 nam
674 2205 864 2267 Deus
893 2203 1010 2282 qui
1048 2203 1342 2283 imponit
1372 2220 1569 2282 onus,
1603 2221 1881 2267 manum
1910 2203 2121 2267 etiam
2157 2205 2318 2284 Ipse
2348 2208 2712 2284 supponet,
2753 2221 2841 2267 ne
2879 2203 2943 2267 ei
2975 2203 3259 2267 ferendo

268 2310 376 2374 sit
403 2313 647 2390 impar3
677 2312 740 2389 is
772 2312 952 2374 enim
986 2312 1103 2389 qui
1144 2312 1373 2375 oneris
1411 2315 1521 2376 est
1549 2315 1816 2391 auctor,
1856 2313 2017 2391 Ipse
2048 2317 2157 2376 est
2187 2311 2816 2375 administrationis
2847 2311 3148 2389 adiutor;
3188 2318 3258 2374 et

268 2436 364 2481 ne
400 2420 524 2481 sub
562 2417 1036 2497 magnitudine
1079 2418 1350 2498 gratiae
1394 2420 1792 2482 succumbat
1824 2419 2167 2498 infirmus,
2207 2418 2404 2483 dabit
2439 2419 2765 2483 virtutem
2806 2419 2925 2498 qui
2960 2416 3256 2482 contulit

269 2525 685 2604 dignitatem
721 2527 770 2588 ⁸.

461 2632 650 2697 Haec
674 2634 894 2712 igitur
914 2633 1243 2713 periculis
1271 2637 1663 2698 nostrorum
1694 2638 2078 2713 temporum
2105 2638 2391 2714 totaque
2415 2636 2516 2699 rei
2540 2651 2753 2698 causa
2777 2634 3084 2714 graviter
3105 2650 3257 2696 con-

271 2740 608 2820 siderata,
647 2759 728 2805 ac
762 2742 972 2806 etiam
1011 2742 1457 2806 Decessorum
1495 2741 1905 2806 Nostrorum
1953 2743 2065 2805 Pii
2109 2745 2239 2823 VI,
2279 2742 2389 2805 Pii
2429 2743 2600 2822 v11,
2640 2742 2954 2822 Gregorii
2993 2739 3166 2831 XVI·
3191 2746 3259 2805 et

270 2847 389 2910 Pii
418 2848 510 2910 IX
537 2848 865 2927 exemplis
913 2849 1203 2927 permoti
1257 2849 1654 2927 statuimus,
1706 2848 2261 2928 praescribimus,
2313 2849 2771 2928 indulgemus,
2823 2848 3261 2912 decernentes

273 2959 673 3035 praesentes
705 2956 1008 3020 Litteras
1040 2962 1113 3021 et
1143 2957 1219 3019 in
1258 2958 1360 3021 eis
1389 2960 1715 3025 contenta
1755 2974 2239 3037 quaecumque,
2276 2957 2485 3022 etiam
2521 2976 2604 3022 ex
2645 2975 2726 3021 eo
2761 2957 2941 3035 quod
2975 2954 3264 3036 quilibet

270 3064 351 3124 in
391 3063 788 3142 praemissis
822 3065 933 3127 ius
978 3065 1083 3128 vel
1129 3065 1461 3129 interesse
1502 3065 1852 3144 habentes,
1897 3082 2014 3130 seu
2054 3066 2302 3129 habere
2341 3063 2867 3144 praetendentes
2904 3064 3260 3142 quomodo-

273 3172 450 3235 libet
492 3171 636 3234 illis
673 3189 810 3235 non
846 3173 1340 3252 consenserint,
1379 3190 1501 3236 nec
1546 3173 1635 3242 ad
1679 3191 1763 3237 ea
1798 3173 2026 3237 vocati
2072 3173 2214 3236 sive
2247 3172 2473 3236 auditi
2511 3172 2801 3252 fuerint,
2839 3177 2966 3236 aut
3001 3190 3083 3235 ex
3120 3171 3263 3256 qui·

272 3277 576 3342 buslibet
602 3278 763 3342 aliis
790 3280 1045 3357 causis,
1084 3279 1474 3359 impugnari
1512 3280 1791 3344 minime
1822 3295 2044 3359 posse,
2079 3280 2197 3343 sed
2223 3279 2495 3344 easdem
2529 3295 2795 3358 semper
2821 3295 2902 3352 ac
2935 3283 3266 3357 perpetuo

275 3385 538 3463 firmas,
572 3384 841 3449 validas
879 3391 951 3449 et
988 3386 1289 3451 efficaces
1320 3386 1612 3452 existere
1646 3392 1718 3453 et
1750 3389 1923 3466 fore,
1960 3404 2254 3466 suosque
2286 3385 2635 3467 plenarios
2665 3391 2737 3450 et
2769 3386 3078 3465 integros
3111 3384 3262 3449 effe·

271 3495 437 3555 ctus
480 3492 718 3556 sortiri
762 3498 835 3556 et
869 3494 1176 3557 obtinere
1210 3511 1291 3556 ac
1330 3494 1445 3572 iis,
1483 3495 1569 3558 ad
1608 3511 1778 3574 quos
1817 3497 2088 3574 spectat
2120 3497 2194 3558 et
2231 3511 2360 3573 pro
2393 3497 2700 3573 tempore
2738 3493 3080 3572 spectabit
3125 3492 3262 3554 suf·

274 3601 544 3678 fragari
596 3604 669 3664 et
705 3602 791 3663 ab
843 3601 942 3664 eis
984 3601 1358 3679 respective
1399 3606 1472 3666 et
1511 3602 2009 3665 inviolabiliter
2049 3601 2395 3665 observari
2440 3602 2704 3678 debere,
2748 3603 2832 3664 ac
2871 3600 3152 3662 irritum
3197 3614 3268 3664 et

273 3707 510 3784 inane,
552 3709 610 3769 si
652 3726 846 3772 secus
888 3726 1096 3787 super
1129 3709 1239 3770 his
1285 3727 1327 3771 a
1367 3717 1785 3788 quocumque
1823 3710 2066 3787 quavis
2103 3709 2547 3787 auctoritate,
2600 3708 2897 3772 scienter
2933 3708 3037 3771 vel
3078 3707 3265 3787 igno-

273 3818 542 3893 ranter,
572 3816 943 3894 contigerit
976 3816 1336 3880 attentari.
1372 3818 1522 3879 Non
1559 3817 2021 3895 obstantibus,
2053 3819 2394 3895 quatenus
2424 3833 2597 3894 opus
2626 3796 2744 3894 sit,
2778 3816 2863 3879 de
2888 3817 3040 3879 iure
3068 3831 3265 3893 quae·

275 3924 419 3986 sito
450 3931 585 3985 non
622 3922 929 3986 tollendo
963 3924 1256 4002 aliisque
1286 3924 1566 3986 Nostris·
1587 3927 1661 3987 et
1678 3923 2162 3987 Cancellariae
2189 3924 2629 4002 Apostolicae
2660 3922 2940 4002 regulis,
2973 3922 3272 4001 itemque

274 4034 426 4093 tam
480 4048 603 4108 per
652 4031 1117 4094 Alexandrum
1182 4032 1326 4112 III,
1379 4031 1783 4110 Gregorium
1847 4032 1924 4109 X,
1978 4030 2393 4095 Clementem
2441 4032 2529 4110 V,
2585 4029 2785 4092 Pium
2838 4031 2964 4108 IV,
3019 4030 3267 4109 Grego-

277 4137 460 4199 rium
504 4138 643 4217 XV,
689 4137 1106 4202 Clementem
1158 4134 1316 4215 XII,
1372 4140 1678 4216 aliosque
1725 4139 2072 4203 Romanos
2114 4134 2483 4202 Pontifices
2527 4138 3092 4201 Praedecessores
3137 4136 3268 4201 No·

277 4247 489 4322 stros,
526 4261 727 4322 quam
764 4247 972 4308 etiam
1019 4264 1141 4325 per
1174 4246 1318 4309 Nos
1358 4248 1443 4310 de
1479 4247 1769 4309 Romani
1808 4245 2172 4310 Pontificis
2206 4246 2536 4310 electione
2571 4244 2779 4310 editis
2816 4244 3267 4309 Constitutio-

276 4351 487 4414 nibus
533 4356 607 4416 et
642 4353 1195 4415 ordinationibus
1244 4354 1688 4432 Apostolicis,
1730 4371 2021 4432 qua-rum
2063 4358 2337 4418 tenores
2376 4353 2876 4433 praesentibus,
2921 4357 3268 4431 tamquam

278 4461 480 4538 plene
511 4465 583 4524 et
617 4460 1029 4524 sufficienter
1059 4478 1138 4524 ac
1178 4461 1262 4524 de
1291 4463 1494 4525 verbo
1534 4463 1622 4524 ad
1657 4463 1934 4525 verbum
1965 4464 2264 4526 insertos
2296 4462 2647 4539 habentes,
2682 4462 2924 4525 iisdem
2959 4459 3272 4524 omnibus

276 4571 353 4631 et
389 4566 684 4646 singulis
717 4569 808 4632 ad
839 4569 1367 4646 praemissorum
1398 4569 1763 4633 dumtaxat
1792 4569 2133 4648 effectum,
2166 4569 2312 4632 illis
2342 4569 2565 4648 quoad
2598 4569 2864 4647 reliqua
2891 4569 2965 4629 in
2998 4567 3091 4630 iis
3118 4586 3271 4631 con—

276 4678 481 4738 tenta
510 4676 584 4736 in
614 4691 741 4737 suo
767 4677 997 4739 valore
1027 4676 1514 4754 permansuris,
1547 4676 1885 4740 latissime
1917 4681 1988 4740 et
2017 4677 2409 4755 plenissime
2435 4673 2864 4754 derogamus,
2895 4677 3273 4754 ceterisque

276 4781 491 4845 etiam
539 4781 895 4844 individua·
941 4801 1022 4845 ac
1072 4783 1566 4861 specialissima·
1613 4784 1965 4847 ¹mentione
2021 4788 2093 4847 et
2137 4784 2580 4862 derogatione
2625 4783 2856 4863 dignis
2901 4783 3273 4846 contrariis

277 4888 836 4966 quibuscumque.
875 4888 1212 4952 Volumus
1253 4893 1536 4969 insuper
1570 4896 1651 4960 ut
1687 4892 2150 4970 praesentium
2190 4891 2610 4959 Litterarum
2646 4891 3109 4969 transumptis
3154 4907 3273 4953 seu

276 4996 612 5074 exemplis
659 4996 866 5061 etiam
918 4997 1294 5075 impressis,
1348 5015 1552 5060 manu
1616 5000 1917 5062 alicuius
1976 4989 2254 5064 Notarii
2308 4998 2690 5078 Apostolici
2743 4997 3155 5076 subscriptis
3202 5006 3274 5061 et

277 5102 513 5182 sigillo
558 5103 847 5166 munitis
887 5121 1215 5182 personae
1253 5105 1324 5167 in
1364 5107 1829 5171 ecclesiastica
1867 5109 2210 5187 dignitate
2256 5108 2678 5170 constitutae
2717 5107 2948 5170 eadem
2991 5123 3274 5183 prorsus

471 5282 491 5309 ⁵
522 5279 577 5332 S.
610 5279 919 5348 Gregorius
949 5280 1040 5342 M..
1074 5281 1172 5334 lib.
1210 5281 1251 5342 Ι,
1287 5280 1382 5348 Ep.
1415 5281 1497 5334 m.

469 5379 491 5410 ¹
521 5377 576 5429 S.
610 5378 813 5431 Avitus
846 5376 1206 5438 Viennensis,
1245 5379 1337 5444 Ep.
1370 5379 1430 5432 31
1463 5380 1537 5432 ad
1570 5379 1981 5446 Symmachum.

469 5475 489 5505 ³
521 5473 576 5529 S.
612 5472 721 5528 Leo
755 5475 1011 5542 Magnus.
1044 5475 1217 5527 Serm.
1252 5475 1301 5537 Ξ,
1335 5476 1405 5529 de
1437 5476 1623 5531 Natali
1655 5478 1933 5538 eiusdem,
1967 5494 2023 5530 n.
2059 5480 2106 5532 1.
