3753 5871
997 267 1175 320 uber
1221 265 1654 331 ostatu-Do
1700 267 1952 321 Deum
1988 268 2300 322 cim
3026 270 3138 330 659

142 457 619 526 omissionem
666 456 904 526 officio
945 476 1081 526 suo
1124 458 1577 527 contrariam
1627 459 1977 527 inducere
2035 458 2461 543 tentaverit,
2511 476 2843 545 congrua
2897 477 3135 545 poena

140 564 529 650 plectatur
559 568 638 634 et
670 566 769 633 ad
811 565 1227 651 reparanda
1268 565 1566 651 damna,
1605 567 1673 635 si
1708 584 1857 653 qua
1889 566 2109 636 illata
2141 567 2321 651 sint,
2355 566 2868 652 compellatur.

1407 748 1838 818 nmmos.
1961 748 1975 759 '

324 891 567 960 'l'axas
614 895 1006 961 consuetas
1047 897 1124 961 et
1161 891 1487 976 legitime
1536 890 1989 977 approbatas
2027 892 2126 959 ad
2167 909 2499 959 normam
2548 910 2714 959 can.
2760 891 2957 975 1507,
3002 909 3126 958 au-

135 1004 406 1083 gentes
432 1003 569 1066 aut
602 999 805 1067 ultra
829 1017 956 1067 ess
981 998 1266 1084 aliquid
1293 999 1692 1085 exigentes,
1725 999 1937 1086 gravi
1972 999 2252 1068 mulcta
2288 999 2720 1084 pecuniaria
2752 1017 3126 1067 coercean-

135 1110 301 1191 tur,
338 1111 416 1176 et
449 1105 752 1175 recidivi
792 1107 888 1174 ab
922 1106 1158 1175 officio
1192 1108 1743 1193 suspendantur
1784 1107 1902 1175 vel
1946 1111 2461 1176 removeantur
2496 1126 2633 1192 pro
2666 1107 2930 1192 culpae
2964 1125 3125 1193 gra·

133 1212 408 1298 vitate,
451 1219 747 1300 praeter
784 1214 1304 1298 obligationem
1343 1215 1786 1284 restituendi
1834 1215 2029 1302 quod
2067 1215 2344 1284 iniuste
2381 1215 2870 1300 perceperint.
3138 1244 3145 1251 ·

1412 1397 1590 1466 olm.
1640 1398 1837 1467 2409.

323 1538 669 1607 Vicarius
703 1538 1166 1625 capitularis
1205 1539 1611 1607 concedens
1653 1539 1951 1607 litteras
1988 1539 2449 1608 dimissorias
2482 1557 2621 1625 pro
2663 1534 3130 1607 ordinatione

131 1649 414 1714 contra
446 1647 986 1733 praescriptum
1020 1665 1186 1715 can.
1228 1648 1381 1730 958,
1427 1647 1461 1731 ξ
1502 1650 1569 1731 1,
1618 1667 1694 1714 n.
1732 1647 1802 1732 3,
1843 1646 2020 1734 ipso‘
2044 1648 2249 1715 tacto
2294 1648 2626 1716 subiacet
2662 1646 3126 1733 suspensioni

133 1772 184 1822 a
218 1753 504 1822 divinis
547 1754 597 1823 ².

1416 1865 1593 1933 ΟΔΝ.
1637 1863 1834 1933 2410.

319 2003 751 2089 Superiores
787 2004 1115 2091 religiosi
1153 2005 1305 2090 qui,
1342 2009 1606 2074 contra
1650 2005 2191 2091 praescriptum
2236 2023 2401 2073 can.
2444 2005 2755 2090 965-967,
2794 2005 3131 2074 subditos

132 2130 322 2181 suos
363 2112 458 2181 ad
496 2111 945 2197 Episcopum
978 2112 1303 2181 alienum
1347 2112 1801 2189 ordinandos
1840 2113 2216 2181 remittere
2265 2112 2915 2198 praesumpserint,
2965 2112 3129 2199 ipso

130 2220 351 2288 facto
387 2220 726 2306 suspensi
759 2224 939 2332 sunt
968 2238 1100 2305 per
1132 2239 1452 2289 mensem
1488 2239 1534 2288 a
1570 2221 1844 2290 Missae
1878 2221 2375 2290 celebratione
2413 2218 2468 2288 ².

1411 2405 1588 2471 CAN.
1637 2403 1835 2471 2411.

313 2545 750 2629 Superiores
804 2544 1130 2629 religiosi
1174 2546 1303 2632 qui
1341 2545 1823 2614 candidatum
1880 2565 2026 2615 non
2071 2547 2414 2616 idoneum
2456 2551 2719 2616 contra
2773 2547 3125 2633 praescri-

131 2656 356 2738 ptum
401 2671 568 2721 can.
611 2652 765 2737 542,
820 2659 956 2722 aut
1007 2654 1166 2722 sine
1212 2654 1592 2740 requisitis
1632 2655 1912 2723 litteris
1955 2656 2578 2724 testimonialibus
2617 2660 2882 2724 contra
2923 2675 3125 2741 prae·

131 2760 507 2845 scriptum
537 2778 703 2830 can.
747 2762 900 2839 544,
936 2762 1032 2829 ad
1075 2762 1518 2830 novitiatum
1554 2763 1991 2847 receperint,
2025 2763 2143 2831 vel
2175 2763 2271 2831 sd
2307 2763 2834 2848 professionem
2866 2769 3129 2832 contra

131 2867 688 2954 praescriptum
723 2885 890 2935 cau.
930 2868 1085 2952 571,
1130 2869 1165 2952 ξ
1203 2869 1249 2937 2
1293 2868 1756 2954 admiserint,
1795 2888 1935 2957 pro
1968 2871 2338 2955 gravitate
2376 2870 2641 2958 culpae
2687 2872 3122 2957 puniantur,

132 2994 287 3043 non
323 2974 626 3043 exclusa
669 2974 887 3044 officii
922 2977 1338 3061 privatione
1371 2976 1425 3047 ⁸.

1403 3122 1580 3190 OAN.
1637 3121 1834 3190 2412.

311 3260 859 3349 Religiosarum
885 3262 1109 3331 etiam
1135 3268 1641 3349 exemptarum
1671 3263 2086 3333 Antistitae
2108 3283 2245 3349 pro
2269 3264 2639 3350 gravitate
2660 3265 2947 3350 culpae,
2978 3284 3124 3334 non

131 3368 470 3453 exclusa,
508 3369 574 3437 si
602 3388 722 3437 res
748 3371 972 3453 terat,
1002 3371 1219 3439 offleii
1247 3372 1688 3456 privatione,
1727 3372 1823 3439 ab
1852 3372 2254 3440 Ordinario
2285 3372 2428 3440 loci
2456 3374 2912 3457 puniantur:
3198 3439 3207 3446 .

402 3478 501 3542 1.·
546 3476 631 3544 Si
665 3483 931 3546 contra
970 3479 1511 3564 praescriptum
1561 3498 1725 3548 can.
1779 3481 1911 3548 549
1947 3480 2160 3549 dotes
2202 3481 2619 3565 puellarum
2663 3485 3122 3565 receptarum

134 3601 446 3670 quoquo
489 3582 708 3652 modo
755 3585 1176 3670 impendere
1226 3589 1887 3672 praesumpserint,
1940 3588 2149 3656 salva
2198 3606 2487 3673 semper
2534 3589 2983 3674 obligatione
3030 3590 3124 3659 de

129 3712 283 3779 qua
311 3694 398 3760 in
425 3711 590 3760 can.
619 3693 776 3779 551;

403 3798 503 3865 2.·
548 3799 633 3867 Si
679 3804 947 3868 contra
994 3803 1535 3887 praescriptum
1584 3822 1750 3873 can.
1807 3805 1940 3873 552
1987 3806 2372 3875 omiserint
2434 3807 2914 3874 Ordinarium
2976 3807 3122 3875 loci

125 3907 532 3976 certiorem
572 3908 817 3976 tacere
860 3908 952 3978 de
1000 3909 1338 3993 proxima
1380 3911 1701 3980 alicuius
1741 3913 2186 3982 admissione
2226 3914 2323 3982 ad
2376 3915 2819 3982 novitiatum
2870 3915 2987 3983 vel
3027 3916 3126 3983 ad

127 4014 673 4098 professionem
708 4012 763 4078 ⁴.

1419 4142 1597 4210 CAN.
1645 4142 1842 4212 2413.

315 4280 355 4362 ξ
401 4283 468 4346 1.
515 4281 927 4348 Antistitae
975 4299 1162 4366 quae
1198 4289 1367 4367 post
1405 4283 1764 4353 indictam
1805 4287 2306 4357 visita-tionem
2357 4288 2741 4372 religiosas
2780 4289 2862 4356 in
2900 4289 3123 4356 alia-m

126 4390 467 4470 domum,
523 4387 927 4455 visitatore
973 4407 1121 4455 non
1179 4392 1709 4478 consentiente,
1760 4395 2314 4482 transtulerint,
2369 4397 2689 4483 itemque
2739 4397 3125 4483 religiosae

330 4624 354 4661 1
390 4623 564 4676 Cone.
596 4622 884 4683 Trident„
916 4634 1059 4675 sess.
1098 4624 1312 4685 XXIII,
1344 4627 1420 4676 de
1446 4628 1582 4688 ret„
1618 4639 1670 4679 e.
1701 4628 1784 4681 10.

314 4719 345 4753 ²
393 4711 748 4764 Benedictus
778 4710 929 4770 xlv,
963 4714 1146 4765 const.
1184 4728 1215 4763 ι
1251 4714 1528 4776 Impositi
1557 4716 1742 4769 Nobis
1774 4732 1824 4778 r,
1858 4717 1923 4770 27
1962 4719 2111 4772 febr.
2153 4720 2299 4780 1747:
2333 4720 2391 4774 S.
2427 4719 2491 4773 Ο.
2527 4721 2616 4778 0..
2650 4721 2805 4774 decr.
2841 4720 2907 4773 15
2937 4724 3112 4774 mart.

133 4805 289 4866 150oe
317 4803 745 4863 caputaquen„
777 4799 843 4851 28
869 4800 1009 4860 lan..
1035 4802 1101 4852 11
1131 4801 1280 4854 febr.
1308 4804 1457 4865 1708,
1486 4805 1564 4859 ad
1589 4806 1638 4868 a
1663 4807 1952 4868 Rauen..
1978 4809 2044 4861 28
2066 4822 2221 4870 nov..
2247 4809 2314 4863 12
2337 4810 2461 4863 dec.
2494 4811 2642 4872 1733,
2675 4811 2755 4863 sd
2781 4811 2968 4863 III-V.

315 4893 345 4930 ³
388 4892 455 4943 C.
483 4891 565 4950 10,
598 4890 663 4950 X,
692 4891 763 4940 de
789 4889 1159 4949 revulsum
1183 4895 1242 4943 ct
1272 4897 1717 4949 transeuntibus
1741 4900 1820 4950 ad
1849 4899 2209 4960 munionem,
2243 4901 2359 4962 111,
2387 4901 2469 4963 313
2491 4914 2541 4953 c.
2570 4901 2621 4962 2,
2651 4904 2721 4962 de
2748 4902 3119 4962 montaum

133 4989 194 5037 et
222 4980 676 5036 transeuntibus
699 4981 777 5029 ad
799 4979 1159 5039 munionem,
1189 4980 1307 5041 111.
1331 4984 1415 5044 14,
1442 4986 1505 5036 in
1533 4986 1661 5048 V103
1682 4987 1954 5041 Clemens
1976 4989 2144 5051 VIII,
2168 4995 2352 5043 const.
2382 5007 2411 5042 ι
2435 4992 2580 5043 Cum
2604 4994 2681 5043 aa
2708 4991 3037 5052 revelarent
3066 5006 3117 5053 r,

133 5076 200 5127 19
233 5073 419 5124 mart.
455 5069 603 5128 10⁰3.
640 5068 666 5129 n
701 5067 783 5129 223
815 5060 892 5151 φ
916 5067 981 5120 0·
1017 5067 1105 5129 0.,
1145 5069 1302 5124 decr·
1344 5072 1410 5125 21
1442 5078 1591 5136 sert„
1626 5076 1775 5139 1624,
1812 5079 1839 5139 ς
1874 5081 1927 5139 1,
1962 5079 2043 5141 ιες
2079 5079 2137 5131 s.
2181 5080 2246 5133 c.
2286 5093 2462 5141 super
2497 5081 2672 5134 statu
2714 5082 3116 5143 secularium,

132 5165 294 5216 decr.
327 5176 360 5211 ι
386 5158 640 5210 Romani
664 5157 977 5217 Pontifices
1007 5171 1057 5218 r,
1084 5158 1150 5211 25
1175 5162 1294 5212 ian.
1328 5162 1477 5225 1848,
1504 5177 1563 5216 n.
1594 5163 1709 5219 111.

313 5252 343 5291 4
388 5250 564 5302 Cone.
597 5246 885 5306 Trident„
919 5259 1062 5301 sess.
1097 5250 1262 5312 XXV,
1298 5254 1370 5304 de
1401 5257 1793 5315 manicatus,
1832 5270 1881 5309 c.
1918 5259 2000 5320 173
2038 5259 2099 5313 8.
2137 5260 2203 5313 C.
2240 5260 2346 5321 Dp.
2378 5263 2442 5314 et
2472 5260 2636 5323 neg..
2673 5262 3114 5323 calamanno,

134 5345 202 5397 2⁰
231 5355 374 5395 nov·
408 5338 555 5400 181&
594 5338 980 5397 eamcam„
1011 5339 1229 5393 1511111·
1270 5342 1417 5406 18³0:
1449 5343 1507 5398 s.
1541 5346 1607 5399 o.
1640 5346 1729 5408 ο..
1761 5347 2163 5410 Bracmanum,
2194 5351 2260 5403 13
2289 5351 2437 5403 sehr.
2471 5351 2618 5414 mm
2655 5350 2714 5404 s.
2753 5350 2817 5404 o.
2851 5350 2927 5404 de
2961 5350 3115 5402 uen-

127 5433 338 5495 mosis,
373 5429 546 5482 lustr.
584 5427 650 5479 30
683 5427 786 5479 lul.
822 5428 968 5489 1909,
1002 5441 1059 5480 n.
1098 5430 1230 5490 XII.
1269 5432 1419 5485 XIV.
