3753 5871
1170 312 1347 362 Liber
1392 310 1653 370 Quartus
1690 335 1710 348 ·
1744 309 1833 359 De
1870 307 2249 359 Processibus
3097 302 3202 360 521

390 499 423 582 ξ
470 499 536 565 2.
586 498 793 566 Haec
820 496 1198 566 conclusio
1229 496 1544 564 habetur
1575 494 1862 580 quoties
1900 496 2037 561 aut
2068 497 2320 578 partes
2352 510 2399 559 a
2428 492 2672 559 iudice
2703 491 3207 575 interrogatae

178 608 589 676 declarent
613 626 691 675 se
717 606 906 672 nihil
939 605 1147 674 aliud
1171 604 1680 672 deducendum
1707 602 2000 685 habere,
2029 605 2164 669 aut
2199 600 2384 668 utile
2417 599 2917 684 proponendis
2945 597 3201 681 proba·

117 736 121 745 ·
181 714 539 783 tionibus
570 719 864 798 tempus
899 730 946 779 a
971 713 1216 781 iudice
1246 712 1778 797 praestitutum
1816 711 2150 794 elapsum
2181 709 2307 791 sit,
2349 713 2483 776 aut
2513 707 2734 774 iudex
2767 705 3097 774 declaret
3128 724 3206 773 se

183 823 398 890 satis
431 823 878 889 instructam
910 838 1212 888 causam
1250 819 1518 886 habere
1567 814 1618 882 ¹.

389 929 423 1012 ξ
469 929 537 997 3.
588 929 700 997 De
739 932 1044 1029 peracta
1072 927 1544 996 conclusione
1575 927 1656 994 in
1687 943 1942 1009 causa,
1980 942 2413 1010 quocunque
2448 923 2665 990 modo
2704 941 2791 990 ea
2824 920 3203 996 acciderit,

187 1036 433 1107 iudex
465 1036 843 1104 decretum
876 1036 1075 1103 ferat
1110 1036 1162 1100 ².

1491 1140 1669 1209 OAN.
1717 1140 1913 1207 1861.

391 1253 425 1336 ς
473 1254 538 1319 1.
591 1252 773 1320 Post
815 1250 1359 1319 conclusionem
1396 1250 1476 1315 in
1511 1266 1744 1315 causa·
1778 1265 2009 1314 novae
2045 1246 2520 1331 probationes
2563 1244 3022 1327 inhibentur,
3066 1243 3211 1310 nisi

192 1365 484 1445 agatur
508 1359 602 1428 de
634 1360 882 1439 causis
915 1376 1100 1444 quae
1131 1375 1507 1442 nunquam
1544 1360 1940 1425 transeunt
1977 1356 2057 1421 in
2090 1374 2240 1422 rem
2270 1354 2677 1422 iudicata-m
2708 1356 2845 1421 aut
2872 1352 2965 1420 de
2994 1352 3211 1419 docu-

197 1467 486 1534 mentis
525 1484 723 1533 nunc
766 1466 1087 1550 primum
1131 1464 1472 1548 repertis,
1517 1466 1653 1531 aut
1703 1464 1794 1531 de
1847 1462 2165 1531 testibus
2211 1462 2338 1546 qui
2381 1465 2605 1529 antea
2652 1460 2743 1528 ob
2798 1460 3210 1545 legitimum

196 1573 821 1658 impedimentum
857 1568 1185 1657 tempore
1224 1571 1397 1639 utili
1441 1571 1696 1639 induci
1734 1589 1882 1638 non
1922 1574 2329 1656 potuerunt
2369 1566 2421 1631 ³.

390 1681 424 1763 ἓ
471 1681 538 1747 2.
592 1681 674 1749 Si
719 1699 946 1748 novas
989 1680 1463 1765 probationes
1518 1678 2021 1757 admittendas
2064 1682 2387 1759 censeat,
2436 1677 2514 1745 id
2558 1660 2907 1746 decernat
2965 1678 3212 1760 iudex,

198 1789 478 1857 audita
513 1789 755 1857 altera
783 1792 1023 1873 parte,
1055 1790 1180 1856 cui
1207 1806 1614 1874 congruum
1644 1793 1939 1872 tempus
1975 1788 2331 1857 concedat
2362 1791 2452 1856 ut
2485 1805 2712 1854 novas
2742 1786 3215 1870 probationes

200 1914 654 1980 cognoscere
688 1901 766 1965 et
792 1916 869 1964 se
896 1896 1289 1964 defendere
1319 1895 1578 1980 possit3
1615 1896 1838 1964 aliter
1866 1896 2224 1964 iudicium
2258 1895 2539 1963 nullius
2568 1899 2683 1962 est
2716 1896 3067 1962 momenti
3103 1890 3156 1958 ⁴.

1564 2057 1678 2112 ΑΝ.
1729 2046 1924 2112 1862.

401 2158 434 2240 §
483 2160 549 2223 1.
598 2159 837 2224 Facta
874 2156 1346 2223 conclusione
1385 2156 1464 2221 in
1502 2046 1760 2235 gausa,
1815 2154 2064 2234 iudex,
2112 2172 2247 2238 pro
2293 2171 2429 2220 suo
2468 2153 2820 2237 prudenti
2874 2152 3215 2235 arbitrio,

209 2265 564 2350 partibus
596 2282 1002 2349 congruum
1030 2264 1385 2347 temporis
1414 2263 1741 2346 spatium
1770 2263 2225 2347 praestituat
2246 2261 2350 2369 ⁴ad
2385 2261 2851 2329 defensiones
2881 2279 3057 2328 suas
3075 2270 3217 2329 'seu

205 2374 699 2459 allegationes
734 2373 885 2439 sive
914 2391 1046 2457 per
1073 2391 1153 2440 se
1179 2372 1331 2439 sive
1360 2391 1493 2455 per
1519 2371 1958 2438 advocatum
1995 2369 2441 2437 exhibendas
2472 2368 2525 2435 ⁵.

403 2480 436 2563 ξ
484 2480 550 2546 2.
599 2480 746 2548 Hic
790 2480 1155 2547 terminus
1197 2480 1585 2564 prorogari
1619 2498 1665 2546 a
1700 2479 1945 2547 iudice
1979 2483 2224 2564 potest
2260 2479 2589 2546 instante
2627 2497 2776 2545 una
2813 2483 3053 2563 parte,
3094 2497 3217 2546 au·

216 2589 385 2658 dita
423 2589 684 2672 altera3
724 2588 841 2656 vel
888 2589 1113 2657 etiam
1153 2588 1548 2670 coarctari,
1594 2593 1912 2672 utraque
1949 2588 2455 2655 consentiente
2491 2585 2541 2650 ⁶.

1490 2738 1669 2807 om.
1721 2738 1917 2805 1863.

404 2848 438 2931 g
486 2850 553 2915 1.
602 2848 958 2916 Defensio
994 2849 1073 2915 in
1109 2847 1411 2931 scriptis
1450 2851 1564 2914 est
1593 2845 2074 2928 conficienda,
2113 2850 2189 2913 et
2224 2843 2670 2929 regulariter
2710 2846 2828 2911 tot
2862 2841 3219 2925 exempla·

220 2957 432 3027 ribus
465 2957 996 3025 conscribenda
1035 2961 1212 3042 quot
1250 2961 1429 3024 sunt
1475 2956 1780 3038 iudices,
1824 2959 1911 3024 ut
1947 2953 2245 3039 singula
2284 2952 2600 3039 singulis
2646 2951 3018 3020 iudicibus
3061 2968 3219 3034 pos·

222 3065 385 3134 sint
424 3065 877 3148 exemplaria.
908 3064 1262 3131 distribui
1307 3065 1359 3130 ⁷.

405 3173 440 3256 ξ
486 3173 554 3239 2.
607 3173 750 3241 Sed
796 3174 1021 3242 etiam
1069 3172 1477 3257 promotori
1526 3171 1863 3240 iustitiae
1911 3175 1988 3238 et
2043 3169 2417 3237 defensori
2464 3167 2771 3250 vinculi,
2824 3167 2889 3234 si
2948 3163 3227 3233 iudicio

221 3281 609 3362 intersint,
658 3280 875 3348 debet
934 3279 1307 3364 exemplar
1358 3278 1582 3363 tradi3
1644 3283 2032 3363 praeterea
2079 3281 2333 3362 partes
2384 3277 2583 3343 inter
2635 3294 2713 3343 se
2774 3272 3226 3358 exemplaria

221 3392 683 3455 commutare
711 3387 980 3454 debent
1028 3386 1079 3453 ⁸.

414 3587 436 3623 ¹
473 3587 544 3640 C:
577 3589 661 3647 11,
693 3586 758 3639 Ο.
791 3587 953 3647 XXX,
993 3599 1047 3648 q.
1079 3587 1129 3648 ὃς
1159 3585 1216 3639 S.
1249 3586 1315 3639 Ο.
1351 3585 1410 3639 S.
1444 3586 1582 3647 Off„
1615 3587 1787 3638 instr.
1829 3586 1933 3647 (ad
1966 3588 2072 3648 Dp.
2107 3587 2353 3641 thuum
2394 3589 2668 3652 orient.),
2701 3603 2757 3641 a.
2790 3590 2939 3653 1883,
2978 3591 3073 3642 ωε.
3110 3591 3226 3651 ΙΙΙ,

226 3690 291 3730 ιι.
323 3677 406 3738 22,
437 3678 534 3730 tit.
567 3678 669 3738 Π,
699 3690 757 3728 ιι.
790 3677 872 3738 243
905 3676 963 3729 Β.
996 3676 1062 3729 0.
1094 3676 1168 3729 de
1200 3678 1370 3736 Pron.
1414 3676 1579 3737 Fide,
1611 3676 1782 3728 instr.
1818 3688 1875 3728 a.
1909 3677 2057 3739 1883,
2090 3690 2147 3729 ιι.
2180 3678 2262 3739 22,
2293 3679 2376 3741 24ς
2404 3680 2527 3731 Lex
2567 3681 2804 3742 propria
2840 3680 2899 3733 S.
2935 3679 3004 3730 Β.
3038 3681 3227 3733 Rotae

228 3770 298 3821 et
326 3768 681 3829 amaturae
713 3769 844 3829 Ap„
872 3767 940 3820 29
973 3767 1095 3819 iun.
1125 3768 1273 3829 1908,
1301 3779 1432 3819 can.
1462 3767 1546 3829 27,
1580 3767 1607 3829 ς
1637 3769 1686 3826 43
1722 3767 1984 3830 Regulae
2012 3769 2339 3821 servandae
2367 3770 2430 3821 ln
2466 3770 2704 3823 iudiciis
2729 3770 2888 3830 apud
2920 3770 2979 3823 S.
3014 3771 3084 3822 Β.
3120 3771 3231 3829 Ro·

231 3860 337 3911 tae
361 3858 668 3919 Tribunal,
698 3859 731 3908 4
756 3870 891 3918 aug.
921 3858 1069 3919 1910,
1106 3857 1133 3919 1
1159 3858 1243 3910 54.

419 3954 446 3990 ¹
480 3947 539 4000 S.
571 3948 636 4001 Ο.
672 3948 730 4000 Β.
765 3949 904 4008 Off„
933 3950 1105 4000 instr.
1151 3948 1256 4008 (ad
1283 3949 1390 4009 1321).
1429 3948 1674 4001 Rimum
1705 3949 1979 4011 orient.),
2009 3962 2066 4001 a.
2096 3949 2244 4010 1883,
2277 3950 2372 4003 tit.
2406 3951 2522 4011 ΙΙΙ,
2562 3962 2627 4001 ιι.·
2652 3951 2733 4012 22;
2764 3950 2823 4003 S.
2854 3950 2921 4003 Ο.
2955 3952 3029 4002 de
3058 3953 3227 4013 Prop.

235 4038 403 4100 Fide,
433 4038 606 4091 instr.
638 4050 696 4090 a.
728 4039 878 4099 1883,
907 4051 965 4090 ιι.
1001 4038 1084 4090 22.

416 4135 442 4172 ³
476 4130 543 4183 C.
566 4130 618 4190 5,
650 4131 714 4191 X,
741 4132 812 4181 de
837 4141 1019 4180 causo
1048 4130 1434 4190 possessionis
1458 4134 1516 4181 et
1548 4130 1950 4191 proprietatis,
1977 4130 2059 4191 ΙΙ,
2086 4129 2168 4192 12;
2190 4141 2240 4182 c.
2273 4129 2324 4191 0,
2356 4132 2427 4191 Χ,
2452 4133 2523 4182 de
2547 4130 3010 4192 probationibus,
3043 4131 3125 4192 11,
3151 4133 3233 4193 193

234 4234 287 4274 c.
319 4221 403 4282 17,
434 4221 517 4282 25,
547 4221 631 4282 29,
661 4221 729 4282 Χ,
757 4223 830 4272 ae
856 4220 1107 4272 testibus
1130 4223 1189 4272 et
1212 4219 1718 4280 attestationibus,
1748 4220 1830 4281 11,
1857 4220 1939 4282 2⁰3
1961 4232 2011 4272 c.
2045 4221 2096 4281 9,
2128 4222 2194 4282 Χ,
2223 4223 2295 4273 de
2319 4222 2434 4282 fide
2459 4221 3004 4281 instrumentorum,
3041 4222 3123 4280 ΙΙ,
3152 4222 3233 4284 22;

234 4323 288 4363 c.
320 4312 373 4371 4,
404 4311 470 4372 X,
498 4312 571 4361 ae
595 4310 1056 4370 acceptionibus,
1083 4311 1167 4372 11,
1194 4311 1276 4372 25;
1306 4321 1356 4362 c.
1385 4309 1467 4371 20,
1498 4311 1565 4370 Χ,
1597 4312 1668 4361 de
1694 4310 1993 4361 sententia
2026 4314 2086 4362 et
2114 4322 2177 4361 re
2202 4311 2487 4371 iudicata,
2523 4312 2605 4372 ΙΙ,
2632 4310 2716 4372 2⁷:
2745 4309 2804 4363 S.
2836 4311 2903 4364 G.
2935 4311 3024 4372 O.,
3054 4311 3227 4363 instr.

238 4401 306 4452 22
328 4413 464 4462 aug.
492 4401 639 4463 184ος
663 4402 785 4453 Lex
810 4402 1046 4462 propria
1080 4400 1139 4453 S.
1168 4401 1238 4452 Β.
1268 4401 1461 4453 Rotae
1491 4404 1553 4452 et
1580 4399 1938 4462 Signamrae
1964 4403 2096 4462 Ap..
2125 4401 2189 4454 29
2222 4401 2344 4453 iun.
2376 4400 2523 4462 1908,
2552 4413 2683 4452 ean.
2713 4401 2796 4461 27,
2829 4401 2856 4463 ς
2891 4401 2941 4463 3;
2971 4401 3233 4463 Regulus

239 4491 567 4545 servandae
603 4492 670 4543 in
700 4491 938 4544 iudiciis
967 4491 1127 4552 apud
1159 4489 1218 4544 S.
1252 4492 1323 4543 R.
1368 4491 1557 4543 Rotae
1586 4492 1893 4553 Tribunal,
1929 4494 1962 4543 4
1993 4504 2126 4554 aug.
2171 4493 2318 4544 1910.
2356 4491 2383 4553 8
2416 4492 2498 4552 51,
2531 4491 2613 4552 52,
2646 4491 2745 4544 ⁷0.-

420 4588 449 4624 4
482 4583 603 4633 Lex
631 4582 868 4643 propria
901 4581 960 4633 S.
993 4582 1064 4633 Β.
1096 4582 1288 4635 Rotae
1317 4585 1380 4635 et
1409 4581 1765 4643 signaturae
1796 4584 1926 4644 Ap„
1965 4582 2031 4635 29
2061 4583 2182 4634 lun.
2218 4582 2365 4642 1908,
2397 4593 2525 4634 can.
2568 4582 2650 4643 27,
2686 4582 2713 4643 ἦ
2744 4583 2795 4644 33
2822 4581 3086 4643 Regulae
3116 4594 3233 4633 ser·
3305 4634 3309 4638 ,

240 4673 471 4726 vandae
508 4674 570 4725 in
601 4672 840 4725 iudiciis
867 4673 1026 4733 apud
1056 4672 1114 4726 S.
1149 4673 1219 4724 Β.
1262 4672 1449 4724 Rotae
1477 4672 1782 4733 Tribunal,
1817 4674 1849 4723 4
1880 4685 2016 4734 aug.
2057 4674 2205 4734 1910,
2241 4673 2268 4734 ἦ
2299 4672 2380 4724 52.

416 4770 443 4805 ⁸
480 4763 741 4824 Regulae
773 4762 1101 4815 servandae
1131 4763 1194 4815 in
1227 4763 1464 4815 iudiciis
1497 4763 1656 4824 apud
1694 4762 1753 4816 S.
1790 4763 1858 4814 Β.
1898 4764 2088 4816 Rotae
2128 4764 2433 4823 Tribunal,
2469 4764 2502 4812 4
2537 4775 2670 4824 aug.
2707 4763 2855 4823 1910,
2901 4762 2928 4824 ς
2963 4763 3047 4824 44,
3082 4763 3232 4823 a,.b,

245 4854 272 4916 ς
304 4854 387 4915 46,
429 4866 487 4904 n.
520 4855 572 4915 1,
608 4853 635 4915 ς
668 4852 751 4915 47,
794 4855 876 4905 49.

426 4952 452 4987 ⁸
479 4946 602 4997 Lex
628 4945 864 5005 propria
891 4944 950 4998 8.
984 4944 1054 4995 Β.
1088 4944 1277 4997 Rotae
1303 4948 1366 4998 et
1392 4944 1748 5006 signaturae
1771 4948 1901 5006 Ap„
1928 4946 1994 4996 29
2020 4945 2139 4997 iun.
2176 4944 2323 5004 1908,
2349 4956 2479 4995 can.
2509 4943 2878 5005 28;Regu1ae
2909 4943 3236 4996 servandae

246 5037 308 5088 in
336 5035 576 5088 iudiciis
602 5035 760 5098 apud
793 5034 851 5088 S.
884 5035 954 5086 Β.
988 5035 1178 5088 Rotae
1213 5035 1519 5096 Tribunal,
1552 5037 1585 5087 4
1621 5048 1755 5097 aug.
1787 5036 1937 5095 1910,
1974 5035 2009 5097 ς
2033 5036 2116 5096 55,
2148 5034 2230 5086 50.

432 5133 457 5167 ⁷
485 5126 745 5187 Regulae
776 5125 1102 5177 servandae
1138 5127 1199 5176 ln
1235 5125 1474 5178 iudiciis
1504 5126 1662 5186 apud
1699 5125 1756 5179 S.
1794 5126 1863 5177 Β.
1901 5125 2090 5178 Rotae
2130 5125 2435 5185 Tribunal,
2471 5126 2504 5175 4
2538 5136 2671 5185 aug.
2708 5124 2856 5184 1910,
2903 5123 2930 5184 ἦ
2966 5123 3049 5182 46,
3094 5136 3151 5174 ιι.
3188 5123 3237 5185 2;

247 5219 507 5280 Regulae
527 5217 852 5269 servandae
874 5217 937 5269 ln
960 5215 1199 5269 iudiciis
1226 5216 1383 5276 apud
1410 5216 1672 5278 Suprem.
1708 5216 2065 5278 Signamrae
2085 5218 2191 5277 Ap.
2220 5216 2525 5274 Tribunal,
2550 5215 2584 5266 6
2612 5217 2788 5266 mart.
2821 5213 2969 5274 1912,
3002 5218 3116 5266 art.
3150 5215 3233 5265 41.

431 5313 459 5350 ο
484 5306 745 5368 Regulae
771 5306 1099 5359 servandae
1125 5307 1187 5359 in
1217 5306 1456 5359 iudiciis
1481 5307 1640 5368 apud
1673 5307 1730 5361 S.
1764 5306 1834 5357 Β.
1868 5307 2058 5359 Rotae
2087 5306 2391 5366 Tribunal,
2421 5307 2454 5356 4
2489 5317 2622 5366 aug.
2655 5305 2802 5363 1910,
2838 5305 2864 5364 s
2896 5303 2978 5364 46,
3011 5315 3068 5354 ιι.
3102 5303 3152 5362 2,
3183 5303 3235 5364 3,

250 5400 277 5461 ἦ
307 5400 390 5460 48,
421 5398 504 5459 65,
535 5398 618 5459 66,
656 5410 714 5449 ιι.
751 5399 800 5460 43
842 5398 1105 5461 Regulus
1140 5397 1466 5451 servandae
1512 5399 1571 5449 ln
1608 5397 1846 5450 iudiciis
1881 5397 2041 5457 apud
2077 5395 2339 5476 Suprem.
2384 5394 2738 5457 signaturae
2783 5395 2890 5454 Ap.
2928 5393 3236 5453 Tribunal,

248 5491 283 5543 6
310 5491 486 5541 mart.
523 5488 671 5548 1912,
704 5490 818 5540 art.
852 5489 936 5541 45.
