3753 5871
573 308 687 368 δω
1715 310 1913 363 Gom
1951 309 2112 362 Iuris
2160 307 2440 359 Οοηοίιίσί

1827 668 2086 735 CAPUT
2135 668 2285 734 ΙΙΙ.

1317 809 1430 876 De
1469 809 1792 893 notario,
1834 807 2277 876 cancellario
2318 815 2392 876 et
2433 807 2834 876 advocatis.

1848 1008 2027 1075 ΟΔΝ.
2076 1006 2271 1075 2013.

758 1146 794 1232 ξ
840 1149 908 1214 1.
957 1147 1434 1217 Processibus
1466 1147 1621 1216 sive
1653 1146 2085 1235 apostolicis
2128 1147 2281 1215 sive
2312 1148 2409 1214 ab
2445 1146 2847 1215 Ordinatio
2880 1147 3027 1215 loci
3059 1148 3231 1216 iure
3274 1148 3524 1232 proprio

573 1254 1041 1341 instruendis
1074 1256 1424 1324 assistere
1458 1255 1675 1324 debet
1711 1256 2052 1324 notarius
2096 1273 2225 1323 seu
2261 1253 2669 1324 actuarius.

759 1362 794 1446 ς
838 1363 907 1430 2.
957 1363 1319 1432 Notarius
1343 1363 1546 1449 apud
1569 1363 1873 1432 Sacram
1898 1363 2560 1447 congregationem
2582 1363 2799 1433 debet
2819 1381 2976 1431 esse
3003 1383 3045 1432 e
3066 1381 3377 1431 numero
3393 1362 3524 1429 Pro

582 1470 1123 1540 tonotariorum
1165 1470 1780 1557 participantium
1839 1470 1890 1540 ².

1847 1634 2027 1701 CAN.
2075 1633 2272 1700 2014.

758 1769 1116 1857 Religioni
1151 1772 1368 1854 fungi
1399 1771 1645 1842 valide
1691 1776 2066 1857 nequeunt
2104 1790 2407 1840 munere
2450 1770 2753 1855 notarii,
2794 1772 2943 1841 nisi
2977 1790 3065 1841 ex
3117 1773 3530 1853 nece-aime

581 1877 663 1945 in
701 1878 951 1946 causis
987 1881 1237 1947 autem
1273 1880 1620 1969 propriae
1669 1880 2049 1964 religionis
2086 1897 2371 1965 semper
2408 1880 2906 1948 excluduntur
2945 1876 2999 1944 ⁸.

1853 2078 2031 2144 CAN.
2089 2077 2285 2145 2015.

759 2220 851 2286 In
897 2180 1362 2304 processibus
1405 2219 1499 2286 ab
1544 2217 1948 2287 ordinario
1988 2218 2133 2286 1001
2176 2217 2636 2288 instruendis
2689 2221 2902 2286 extra
2948 2218 3251 2301 Urbem,
3300 2215 3531 2285 nom-11

582 2344 885 2396 munere
925 2327 1144 2412 fungi
1187 2330 1433 2412 potest
1475 2327 1787 2412 ipsemet
1839 2327 2113 2395 Curiae
2160 2326 2520 2412 notarium
2564 2327 2643 2394 in
2701 2326 2900 2396 Urbe
2947 2326 3230 2396 notarii
3275 2341 3532 2392 munere

582 2435 947 2521 fungatur
984 2433 1556 2503 Protonotarius
1605 2433 1879 2502 Sacrae
1915 2433 2554 2520 congregationis,
2595 2451 2824 2519 eoque
2862 2433 3192 2516 absente,
3241 2432 3533 2502 notarim

590 2540 1022 2610 Vicariatus
1056 2540 1306 2611 Urbis.

1861 2666 2040 2734 CAN.
2091 2665 2287 2733 2016.

760 2809 1076 2879 Notario
1111 2810 1280 2878 dari
1309 2813 1555 2893 potest
1586 2808 1890 2878 adiutor
1928 2827 2083 2892 seu,
2118 2812 2207 2877 ut
2234 2809 2476 2891 aiunt,
2520 2806 2919 2875 adiunctus
2953 2807 3078 2892 qui
3111 2807 3183 2876 ei
3214 2806 3532 2875 auxilium

585 2920 915 3004 praestet
942 2917 1023 2986 in
1046 2916 1516 2987 conferendis
1543 2917 2039 3002 transumptis
2066 2935 2235 2985 cum
2267 2918 2459 2987 actis
2486 2916 2999 3004 originalibus,
3031 2919 3109 2986 et
3142 2911 3530 3001 exemplari·

584 3025 724 3094 bus
750 3043 919 3093 cum
954 3026 1418 3095 documentis
1447 3043 1634 3112 quae
1662 3044 1751 3093 ex
1788 3025 2276 3110 autographis
2306 3025 2387 3092 in
2416 3024 2905 3109 bibliothecis,
2947 3024 3369 3106 tabulariis,
3398 3026 3531 3100 etc„

588 3133 905 3202 servatis
938 3131 1564 3201 transcribantur.

1858 3257 2038 3326 om.
2086 3258 2283 3325 2017.

763 3400 1126 3469 Notarius
1149 3400 1548 3469 adiunctus
1574 3404 1650 3469 et
1672 3399 2166 3468 cancellarius
2194 3399 2465 3468 Sacrae
2490 3398 3104 3485 Congregationis
3129 3400 3399 3469 debent
3418 3413 3536 3465 esne

591 3509 1033 3591 sacerdotes,
1067 3508 1401 3595 integrae
1431 3508 1676 3576 famae
1705 3512 1780 3577 et
1813 3509 2013 3578 omni
2051 3507 2478 3592 exceptione
2507 3507 2845 3591 maiores3
2881 3507 3374 3576 cancellarius
3403 3519 3537 3573 vero

593 3617 695 3686 sit
729 3620 1117 3702 praeterea
1154 3616 1413 3684 laurea
1448 3616 1529 3684 in
1567 3617 1730 3684 iure
1765 3616 2124 3684 canonico
2168 3616 2514 3685 donatus.

1858 3811 2036 3877 om.
2094 3779 2299 3877 2018?

764 3953 1130 4022 Advocati
1171 3958 1246 4023 et
1288 3958 1806 4038 procuratores
1846 3954 1928 4034 in
1977 3953 2227 4021 causis
2268 3951 2840 4022 beatificationis
2879 3956 2957 4021 et
2996 3946 3536 4022 canonisationb

589 4061 792 4147 apud
830 4061 1134 4130 Sacram
1168 4060 1828 4145 Oongregationem
1858 4061 2129 4130 debent
2169 4078 2326 4128 esse
2356 4060 2582 4146 potiti
2622 4060 2880 4129 laurea
2913 4059 2997 4127 in
3025 4060 3191 4128 iure
3229 4055 3536 4128 canonino

591 4174 668 4239 et
695 4169 960 4238 saltem
991 4167 1294 4236 licentia
1324 4169 1400 4235 in
1433 4186 1650 4237 sacra
1675 4168 2072 4255 theologia,
2113 4174 2188 4238 et
2225 4169 2543 4239 fecerint
2578 4172 2875 4253 oportet
2903 4168 3333 4237 tirocinium
3361 4178 3537 4252 pem·

591 4277 914 4363 aliquem
961 4295 1050 4345 ex
1101 4276 1482 4345 advocatis
1534 4276 1806 4344 Sacrae
1851 4276 2179 4345 eiusdem
2227 4277 2842 4364 congregationis
2888 4277 3006 4348 vel
3055 4295 3283 4364 penes
3337 4275 3532 4361 ipsu·

593 4384 765 4455 fidei
799 4385 978 4455 Sub·
984 4386 1476 4469 promotorem
1508 4383 1945 4469 generalem
1975 4402 2112 4469 pro
2151 4384 2530 4454 advocatis
2559 4385 2866 4471 insuper
2905 4385 3316 4471 requiritur
3343 4378 3532 4468 legiti-

591 4512 757 4561 mus
800 4492 1075 4562 titulus
1109 4493 1451 4561 advocati
1491 4491 1755 4561 rotalis
1801 4490 1854 4557 ⁸.

779 4767 799 4802 ¹
838 4766 982 4819 Pius
1018 4767 1083 4827 x,
1115 4769 1278 4818 motu
1309 4776 1503 4826 propr.
1538 4779 1570 4814 ι
1597 4763 1767 4815 Inter
1798 4761 2155 4824 multiplices
2186 4779 2233 4825 ι,
2273 4763 2338 4815 21
2370 4763 2518 4817 febr.
2551 4763 2700 4827 1⁹⁰5,
2740 4777 2798 4817 ιι.
2832 4764 2915 4828 28,
2946 4762 3030 4816 24.

768 4862 796 4896 ²
840 4855 900 4910 S.
934 4856 1004 4907 B.
1037 4855 1125 4916 c..
1156 4855 1312 4909 decr.
1342 4855 1410 4908 10
1435 4856 1540 4908 lul.
1571 4854 1718 4909 18⁹4.

770 4954 798 4991 ⁸
842 4946 1199 5000 Benedictus
1235 4946 1385 5008 xlv,
1416 4949 1602 5000 const.
1645 4961 1676 4997 ι
1710 4944 1880 4998 Inter
1910 4944 2252 5006 conspicuos
2284 4960 2332 5008 ι,
2365 4946 2431 4999 29
2459 4958 2589 5009 aug.
2635 4946 2784 5007 1744,
2821 4944 2848 5005 ί
2880 4945 2963 5005 14,
2994 4944 3077 5006 ιῦς
3108 4944 3168 4997 S.
3200 4944 3273 4997 B.
3302 4944 3385 5004 0.,
3413 4940 3528 4994 dser-

596 5039 664 5093 15
689 5041 803 5092 oet.
836 5036 985 5098 1078,
1021 5037 1048 5098 2
1082 5039 1132 5099 1,
1164 5049 1223 5089 ιι.
1255 5036 1362 5100 12·;
1388 5037 1510 5090 Lex
1542 5037 1777 5099 propria
1821 5035 1879 5089 S.
1914 5036 1984 5088 R.
2018 5036 2207 5089 Rotae
2235 5038 2299 5089 et
2329 5034 2683 5098 Signatume
2716 5037 2845 5098 Ap..
2879 5033 2946 5088 w
2979 5034 3102 5086 iun.
3143 5033 3294 5096 looe,
3323 5044 3436 5086 mn.
3468 5025 3528 5080 Β.

599 5132 628 5193 ς
658 5131 709 5194 ις
730 5129 892 5184 ordo
919 5127 1248 5182 servandus
1274 5128 1337 5180 in
1364 5128 1421 5182 8.
1448 5128 2032 5191 congregationibus,
2058 5126 2497 5186 Tribunaubus‚
2523 5125 2742 5180 officiis
2774 5125 3074 5179 Romanae
3098 5124 3333 5185 Oui-ise.
3359 5123 3418 5175 2
3438 5120 3526 5171 ιιι

597 5219 746 5282 lm,
778 5220 930 5272 Pars
957 5218 1007 5278 1.
1041 5218 1291 5271 Not-mae
1321 5230 1672 5276 communes.
1705 5230 1833 5280 cap.
1868 5218 2004 5279 vn,
2034 5230 2093 5269 ιι.
2126 5218 2201 5271 8⁸.
