3753 5871
1131 338 1307 389 Liber
1351 335 1613 398 Quartus
1649 361 1667 373 ·
1704 335 1792 386 De
1830 335 2208 387 processione
3056 329 3160 387 561

165 527 462 608 debent,
489 525 709 595 initio
737 524 1316 608 uniuscuiusque
1342 541 1753 608 processus,
1780 521 2180 589 secundum
2212 520 2611 588 formulam
2645 537 2695 586 a.
2722 520 2953 586 Sacra
2977 518 3159 585 Oon-

165 634 600 720 gregatione
674 633 1237 718 praescriptam,
1311 630 1830 699 iusiurandum
1902 632 2283 715 praestare
2327 628 2420 696 de
2476 645 2780 694 munere
2845 625 3163 694 fideliter

165 741 666 826 adimplendo,
699 740 790 808 de
824 745 1106 807 secreto
1135 740 1497 808 servando
1530 757 1760 823 usque
1798 739 1897 805 ad
1937 756 2323 822 processus
2355 736 2930 822 publicationem
2963 738 3040 801 et
3072 733 3163 801 de

161 849 382 916 donis
409 848 740 916 cuiusvis
769 847 1061 932 generis
1101 865 1249 915 non
1281 846 1732 931 accipiendis
1779 843 1830 950 ᾗ.

346 956 381 1039 ξ
426 954 494 1022 2.
545 954 1015 1037 OrdinariuS,
1061 955 1203 1024 etsi
1246 959 1498 1039 partes
1551 954 1821 1021 iudicis
1878 972 2024 1021 non
2070 958 2270 1039 agat,
2318 959 2616 1023 tenetur
2662 960 2908 1022 tamen
2954 973 3154 1040 prae-

165 1068 370 1133 stare
409 1062 928 1130 iusiurandum
977 1062 1069 1130 de
1111 1067 1392 1130 secreto
1432 1062 1815 1130 servando.

346 1170 380 1253 5
426 1170 494 1237 3.
544 1169 1075 1255 Praeterquam
1109 1169 1301 1255 quod
1330 1169 1423 1237 de
1452 1175 1735 1238 secreto
1765 1169 2150 1252 servando,
2192 1170 2444 1237 iurare
2482 1175 2867 1254 praeterea-
2895 1171 3164 1238 debent

163 1282 421 1362 testes,
473 1277 760 1346 nemine
805 1282 1110 1361 excepto
1158 1283 1291 1345 aut
1349 1277 1803 1363 dispensato,
1855 1277 1949 1345 de
1994 1278 2311 1346 veritate
2361 1278 2699 1361 dicenda,
2762 1283 3158 1363 antequam

161 1386 746 1471 interrogentur,
780 1384 872 1453 de
897 1385 1214 1453 veritate
1249 1385 1645 1469 dictorum,
1687 1390 1857 1470 post
1885 1386 2165 1453 factam
2197 1386 2875 1472 interrogationem
2909 1389 3158 1473 periti,

164 1493 640 1578 interpretes,
683 1493 1042 1562 reviseres
1088 1498 1164 1561 et
1207 1494 1475 1572 scriba,
1518 1494 1609 1561 de
1650 1513 1952 1562 munere
2002 1495 2182 1562 bene
2223 1494 2719 1579 adimplendo,
2762 1499 3157 1580 antequam

166 1600 540 1683 peritiam,
589 1600 1136 1668 conversionem
1185 1600 1277 1668 de
1315 1619 1465 1668 uno
1503 1619 1834 1669 sermone
1873 1604 1952 1669 in
1990 1602 2249 1684 alium,
2294 1602 2756 1686 revisionem,
2809 1605 3157 1672 transcri-

165 1707 495 1791 ptionem
536 1712 919 1793 peragant3
962 1707 1055 1777 de
1097 1727 1399 1776 munere
1442 1709 1622 1776 bene
1663 1709 2092 1794 adimpleto,
2140 1714 2309 1793 post
2354 1714 2730 1795 peractam
2785 1711 3156 1795 peritiam,

161 1815 738 1897 conversionem,
803 1815 1483 1899 transcriptionem,
1541 1816 2002 1884 revisionem.
2057 1817 2307 1885 Etiam
2357 1828 2618 1885 cursor
2669 1836 2796 1886 seu
2848 1820 3160 1889 nuntius

163 1921 684 1990 iusiurandum
731 1926 1061 2006 praestet
1103 1923 1220 1991 de·
1240 1922 1475 1991 officio
1513 1922 1831 1991 fideliter
1869 1924 2204 1992 obeundo
2243 1923 2293 1987 ².

343 2029 377 2112 ξ
423 2030 491 2096 4.
532 2025 1055 2099 Postulatores
1082 2048 1170 2097 ac
1200 2031 1382 2097 vice·
1388 2031 1889 2114 postulatores
1919 2035 2301 2116 praestare
2337 2031 2606 2101 debent
2640 2033 3157 2102 iusiurandum

161 2135 608 2221 calumniae,
643 2137 839 2206 idest
872 2138 1127 2206 iurent
1169 2156 1245 2206 se
1280 2138 1668 2206 veritatem
1707 2156 1838 2223 per
1876 2142 2116 2207 totum
2155 2157 2578 2223 processum
2615 2139 2950 2209 dicturos
2996 2142 3153 2208 nul·

160 2244 382 2329 laque
425 2244 693 2313 fraude
730 2262 1020 2312 usuros.

342 2351 377 2435 ξ
423 2352 490 2419 5.
540 2352 776 2421 Penes
831 2353 1135 2420 Sacram
1180 2353 1864 2477 Congregationem‚
1915 2356 2106 2438 quod
2152 2353 2246 2421 ad
2291 2355 2806 2423 iusiurandum
2852 2356 3151 2437 attinet,
3209 2409 3220 2417 .

159 2461 498 2527 servetur
541 2460 658 2527 lex
693 2459 1017 2527 eiusdem
1054 2461 1383 2545 propria.

1466 2693 1726 2761 Garm-
1765 2693 1829 2759 1.

463 2815 573 2883 Dc
608 2816 1070 2901 processibus
1114 2836 1161 2883 a
1199 2817 1342 2883 loci
1378 2814 1777 2885 ordinario
1814 2818 1977 2884 iure
2014 2818 2316 2903 proprio
2353 2780 2867 2885 instruendis.¹

1430 3003 1607 3070 CAN.
1656 3002 1851 3072 2038.

340 3112 373 3194 ξ
421 3115 485 3177 1.
537 3113 653 3180 Ad
687 3112 1308 3180 introductionem
1336 3129 1604 3179 causae
1631 3112 2201 3179 beatificationis
2232 3112 2442 3179 Servi
2469 3114 2633 3195 Dei,
2665 3132 2714 3181 a
2748 3112 2933 3182 Sede
2959 3116 3148 3198 Apo-

155 3220 428 3288 stolica
471 3220 970 3300 obtinendam,
1025 3220 1241 3287 debet
1283 3221 1494 3303 prius
1537 3221 1699 3286 iure
1739 3225 2083 3287 constare
2127 3220 2218 3287 de
2261 3221 2593 3304 puritate
2646 3221 3028 3289 doctrinae
3071 3222 3148 3289 in

151 3328 319 3403 eius
362 3327 689 3411 scriptis,
727 3327 818 3395 de
852 3328 1173 3394 eiusdem
1212 3327 1416 3393 fama-
1450 3328 1902 3406 sanctitatis,
1943 3328 2308 3395 virtutum
2354 3333 2429 3396 et
2464 3329 2989 3396 miraculorum
3035 3330 3147 3397 vel

152 3435 530 3521 martyrii,
571 3435 662 3503 de
703 3434 1041 3503 absentia
1077 3434 1472 3503 cuiuslibet
1516 3435 1880 3502 obstaculi
1925 3436 2116 3520 quod
2170 3438 2743 3520 peremptorium
2788 3438 3150 3520 videatur;

153 3560 329 3609 mox
371 3561 545 3610 vero
575 3543 666 3610 de
706 3544 916 3610 cultu
952 3543 1248 3627 publico
1281 3542 1514 3611 eidem
1555 3562 1700 3610 non
1737 3545 2101 3628 praestito
2143 3542 2193 3606 ³.

341 3650 375 3731 ξ
421 3649 488 3715 2.
537 3649 784 3729 Quare
833 3651 927 3718 ad
970 3668 1220 3734 preces
1260 3652 1748 3735 postulatoris
1788 3652 2257 3736 ordinarius,
2306 3654 2370 3720 si
2411 3654 2841 3737 petitionem
2887 3655 3147 3722 admit-

148 3757 458 3825 tendam
504 3776 661 3826 esse
696 3757 1256 3845 existimaverit,
1294 3760 1554 3830 debet:

418 3867 516 3931 1.’
562 3865 861 3951 Scripta
900 3866 1110 3935 Servi
1158 3868 1298 3936 Dei
1337 3868 1782 3953 perquirere3

419 3973 520 4040 2.⁶
564 3972 996 4042 Processum
1027 3977 1586 4044 informativum
1625 3977 1998 4045 instruere
2036 3996 2257 4061 super
2289 3977 2490 4044 fama
2520 3978 2972 4054 sanctitatis,
3006 3979 3147 4045 vir·

146 4087 405 4150 tutum
440 4082 521 4149 in
555 4100 819 4167 genere
858 4084 974 4152 vel
1009 4084 1378 4169 martyrii,
1415 4103 1682 4153 causae
1719 4086 2063 4172 martyrii
2099 4090 2175 4154 et
2213 4085 2760 4168 miraculorum3

418 4188 519 4256 3.⁰
562 4189 994 4259 Processum
1028 4191 1399 4260 instruere
1434 4211 1657 4276 super
1690 4212 1834 4260 non
1870 4194 2080 4261 cultu
2125 4191 2177 4256 ⁴.

1495 4361 1611 4413 AN.
1838 4388 1894 4415 .-

340 4453 373 4536 5
421 4457 487 4521 1.
538 4454 653 4522 Ad
704 4455 884 4522 haec
921 4462 1342 4539 competens
1380 4348 1496 4524 esst
1544 4348 1990 4524 Ordffirius
2041 4459 2184 4525 loci
2225 4458 2306 4526 in
2348 4477 2493 4543 quo
2536 4459 2808 4529 Servus
2846 4460 2988 4528 Dei
3031 4479 3145 4528 su-

145 4578 487 4648 premum
524 4562 719 4631 diem
756 4562 965 4646 obiit,
1001 4567 1140 4633 aut
1174 4563 1537 4632 miracula
1576 4566 2071 4651 contigerunt3
2110 4568 2235 4653 qui
2272 4574 2520 4636 tamen
2558 4586 2703 4635 non
2740 4567 3013 4637 debet
2992 4574 3150 4654 ipse

144 4689 292 4756 per
326 4688 404 4738 se
446 4669 804 4738 iudicium
842 4671 1237 4755 instruere,
1279 4672 1343 4739 si
1384 4674 1485 4740 sit
1520 4673 1611 4741 de
1655 4678 1872 4759 gente
1922 4673 2131 4742 Servi
2167 4672 2393 4742 Dei⁸.

341 4857 691 4919 ¹8...,Ro
724 4858 1801 4921 decr-..wlfioctlfflsssslnffliss

326 4956 352 4989 ²
406 4949 762 5003 Benedictus
789 4951 941 5011 xlv,
983 4962 1072 5010 ep.
1107 4965 1138 5001 ι
1177 4949 1577 5002 Sollicitet-atui
1610 4966 1659 5012 n,
1698 4953 1729 5003 1
1759 4955 1870 5004 oct.
1906 4953 2053 5013 1746,
2098 4953 2124 5013 ἱ
2159 4953 2207 5016 7;
2231 4946 2299 5006 S.
2333 4954 2402 5005 Β.
2436 4955 2483 5007 G
2510 4993 2524 5016 ,
2559 4956 2714 5008 decr.
2750 4957 2816 5009 15
2844 4959 2957 5010 oet.
2997 4957 3131 5010 1678

143 5046 176 5105 ς
213 5043 269 5101 1,
301 5051 362 5091 n.
395 5040 472 5101 ao,
503 5041 579 5101 40,
614 5041 720 5100 140,
755 5041 784 5102 ς
814 5041 863 5091 4.

333 5130 361 5166 ³
400 5130 755 5182 Benedictus
777 5131 929 5191 x1v,
955 5141 1044 5191 ep.
1077 5146 1107 5181 ι
1135 5129 1533 5184 some-uuam
1559 5149 1608 5192 »,
1639 5135 1670 5184 1
1695 5137 1806 5185 oet.
1837 5133 1985 5194 1745,
2015 5133 2043 5194 s
2069 5134 2118 5197 ὃς
2147 5134 2204 5187 s.
2243 5135 2313 5186 R.
2343 5123 2431 5194 ci,
2462 5136 2579 5188 utt.
2615 5139 2833 5199 encycl.
2873 5137 2942 5188 12
2966 5120 3141 5191 murt.

141 5223 301 5284 1⁶31:
335 5221 505 5272 lustr.
543 5233 598 5271 a.
637 5219 782 5272 1878.

325 5317 359 5353 ⁴
401 5311 756 5363 Benedictus
778 5312 929 5372 xlv,
959 5323 1048 5372 ep.
1079 5327 1110 5363 ι
1143 5312 1541 5364 sollicitamini
1567 5328 1616 5373 ι,
1650 5315 1682 5364 1
1708 5317 1819 5366 oct.
1848 5313 1996 5375 1746,
2034 5315 2062 5376 ς
2089 5316 2138 5389 ⁶?
2166 5315 2221 5367 S.
2257 5315 2327 5367 Β.
2359 5315 2447 5371 0..
2478 5316 2593 5369 utt.
2624 5320 2842 5379 encycl.
2872 5318 2939 5369 12
2967 5323 3143 5372 mart.

127 5405 301 5470 ,16313
332 5403 505 5454 instr.
537 5413 593 5453 a.
627 5401 774 5453 1878.

334 5497 362 5532 ⁸
403 5492 462 5544 S.
500 5492 569 5543 R.
599 5492 687 5552 O..
726 5493 896 5544 instr.
927 5504 982 5545 a.
1016 5490 1162 5547 1878.

272 5634 474 5686 Ooaeoe
508 5631 668 5684 luris
703 5629 1000 5684 Canania.
1598 5675 1600 5678 ,
2959 5637 3014 5680 38
