3753 5871
1209 244 1386 296 Liber
1430 245 1690 307 ouer-tus
1724 269 1743 281 ·
1777 243 1865 294 Dc
1909 240 2287 294 Promotou
3143 234 3252 294 623

265 434 535 503 iudicis
577 439 826 502 autem
867 436 981 502 est
1029 451 1117 501 ea
1155 450 1322 499 cum
1364 431 1706 517 partibus
1749 430 1921 499 hinc
1962 429 2136 497 inde
2174 427 2742 511 communicare,
2796 444 2884 494 ac
2935 425 3130 495 diem
3173 430 3249 493 et

264 542 523 611 horam
569 541 1065 626 disputationi
1103 541 1485 626 assignare
1525 548 1600 607 et
1639 538 2221 623 disputationem
2263 538 2501 621 ipsam
2542 535 2910 603 moderari
2962 530 3010 595 ¹.

441 651 474 734 ξ
519 652 587 719 4.
636 650 1152 735 Disputationi
1177 650 1487 717 assistat
1510 667 1703 716 unus
1728 666 1817 715 ex
1848 646 2163 716 notariis
2188 644 2588 714 tribunalis
2612 644 2709 712 ad
2742 643 2878 711 hoc
2907 648 3015 727 ut,
3046 644 3111 709 si
3136 642 3242 709 iu·

256 761 399 829 dex
424 759 838 845 praecipiat
861 762 996 826 aut
1025 776 1201 843 pars
1225 759 1553 843 postulet
1576 762 1651 826 et
1677 756 1897 824 iudex
1923 757 2366 839 consentiat,
2402 754 2640 840 possit
2663 754 2756 822 de
2779 753 3244 838 disceptatis,

257 871 619 939 confessis
653 872 789 936 aut
815 869 1209 951 conclusis,
1243 868 1522 952 scripto
1552 867 1648 935 ad
1679 867 2054 935 tramitem
2087 865 2276 932 iuris
2313 884 2401 933 ex
2432 864 2847 932 continenti
2881 863 3157 931 referre
3189 860 3243 929 ².

444 1135 538 1202 In
560 1136 808 1204 causis
835 1135 1345 1218 contentiosis,
1372 1135 1438 1202 si
1461 1026 1714 1219 paqrsszs·
1737 1025 2006 1218 gfflre
2038 1132 2180 1200 sibi
2203 1136 2532 1217 tempore
2557 1132 2731 1199 utili
2753 1130 3253 1199 defensionem

266 1242 673 1329 negligant,
716 1247 849 1312 aut
881 1261 959 1311 se
991 1241 1379 1311 remittant
1410 1242 1681 1310 iudicis
1714 1241 2069 1309 scientiae
2099 1246 2175 1309 et
2214 1239 2733 1321 conscientiae,
2773 1237 3020 1320 iudex,
3058 1237 3123 1304 si
3166 1254 3255 1303 ex

267 1350 459 1418 actis
494 1355 569 1419 et
597 1350 931 1494 probatis
959 1369 1111 1419 rem
1141 1350 1410 1420 habeat
1446 1351 1665 1435 plane
1695 1353 2181 1434 perspectam,
2214 1348 2492 1433 poterit
2521 1346 2778 1415 statim
2810 1344 3254 1414 sententiam

267 1456 756 1542 pronuntiare
838 1505 857 1523 .

1405 1633 1830 1704 TITULUS
1878 1633 2088 1700 ΧΙΙΙ.

1500 1781 1602 1849 De
1646 1778 2019 1847 sententia.

448 2066 483 2150 ὅ
530 2068 599 2134 1.
646 2065 1009 2152 Legitima
1045 1957 1749 2152 pronuntiatigjgliqia
1765 1954 2008 2132 liiffigex
2045 2080 2344 2131 causam
2384 2081 2430 2129 a
2478 2062 2953 2148 litigantibus
3000 2079 3259 2147 propo·

271 2173 496 2242 sitam
526 2178 607 2243 et
637 2172 977 2243 iudiciali
1015 2172 1232 2242 modo
1262 2176 1797 2259 pertractatam
1832 2171 2119 2254 definit,
2158 2170 2526 2239 sententia
2562 2174 2720 2238 est:
2765 2188 2995 2255 eaque
3034 2167 3257 2234 inter·

272 2282 640 2350 locutoria
685 2282 989 2366 dicitur,
1043 2284 1109 2350 si
1167 2274 1477 2352 dirimat
1523 2281 1970 2351 incidentem
2019 2297 2342 2364 causam3
2393 2278 2806 2363 definitiva,
2867 2279 2934 2345 si
2984 2278 3250 2363 princi·

544 2389 574 2427 4

267 2393 511 2582 pale?
530 2441 601 2568 2:
647 2500 955 2568 Ceterae
991 2498 1261 2583 iudicis
1298 2500 1947 2585 pronuntiationes
1984 2501 2282 2565 decreta
2318 2500 2681 2566 vocantur
2719 2494 2772 2560 ⁸.

1546 2665 1723 2734 CAN.
1774 2666 1971 2733 1869.

451 2772 486 2856 ὅ
533 2775 601 2841 1.
648 2773 766 2842 Ad
806 2773 1488 2859 pronuntiationem
1535 2774 1935 2844 cuiuslibet
1974 2775 2385 2844 sententiae
2426 2776 2834 2861 requiritur
2875 2776 2957 2843 in
2997 2777 3268 2845 iudicis

277 2881 528 2950 animo
559 2882 866 2951 moralis
899 2882 1273 2951 certitudo
1303 2883 1504 2952 circa
1544 2900 1695 2952 rem
1736 2883 2107 2952 sententia
2141 2883 2632 2953 definiendam
2664 2883 2717 2952 ⁸.

453 2991 488 3074 ξ
533 2990 602 3059 2.
650 2992 871 3059 Hanc
893 2993 1415 3062 certitudinem
1448 2993 1669 3062 iudex
1697 2993 1999 3062 haurire
2024 2994 2241 3063 debet
2266 3012 2355 3061 ex
2382 2994 2572 3062 actis
2607 3000 2682 3063 et
2708 2995 3044 3079 probatis
3073 2993 3127 3061 ¹.

456 3097 490 3182 ἦ
536 3098 604 3166 3.
655 3097 1140 3168 Probationes
1196 3103 1445 3169 autem
1493 3102 1888 3170 aestimare
1932 3102 2155 3171 iudex
2201 3100 2417 3172 debet
2467 3121 2555 3172 ex
2602 3122 2741 3172 sua
2784 3104 3264 3189 conscientia,

276 3205 425 3275 nisi
456 3205 575 3274 lex
616 3207 900 3292 aliquid
943 3225 1283 3293 expresse
1313 3211 1606 3277 statuat
1636 3209 1728 3278 de
1762 3209 2080 3278 efficacia
2115 3209 2436 3279 alicuius
2471 3211 2933 3296 probationis
2959 3209 3011 3278 ⁸.

462 3435 485 3472 ¹
524 3435 584 3489 S.
613 3434 681 3488 Ο.
715 3435 821 3495 np,
861 3438 925 3488 et
963 3435 1126 3497 Rea„
1170 3435 1340 3487 instr.
1381 3436 1446 3488 11
1484 3435 1605 3487 lun.
1646 3435 1794 3498 1880,
1833 3449 1892 3488 n.
1942 3436 2024 3498 32:
2074 3436 2133 3490 S.
2174 3437 2239 3490 O.
2282 3437 2359 3490 de
2391 3439 2562 3499 Prop.
2609 3439 2773 3501 Fide,
2814 3441 2986 3494 instr.
3029 3455 3085 3493 a.
3117 3443 3265 3506 1883,

281 3539 339 3577 ιι.
375 3525 602 3589 ΧΧΧΙΙ;
630 3526 754 3578 Lex
793 3526 1030 3588 propria
1066 3525 1124 3579 S.
1159 3525 1230 3577 Β.
1269 3526 1458 3578 Rotae
1486 3529 1549 3579 et
1583 3525 1939 3588 signaturue
1973 3528 2101 3589 Ap..
2144 3526 2211 3580 29
2252 3527 2373 3579 lun.
2408 3526 2557 3590 1908,
2591 3541 2722 3582 can.
2756 3530 2841 3590 30,
2875 3544 2934 3582 ιι.
2974 3533 3051 3593 1⁰,
3086 3532 3163 3592 8⁰,
3196 3535 3268 3595 4⁰;

282 3616 544 3677 Regulae
578 3615 905 3668 servandae
945 3616 1007 3667 in
1041 3615 1279 3669 indiciis
1312 3615 1472 3676 apud
1510 3616 1568 3670 S.
1607 3616 1677 3667 Β.
1725 3616 1917 3688 Rotae
1958 3617 2265 3679 Tribunal,
2302 3620 2337 3670 4
2371 3631 2507 3681 aug.
2545 3620 2694 3681 1910,
2737 3621 2764 3683 ς
2800 3620 2884 3682 72,
2922 3634 2981 3673 ιι.
3030 3621 3081 3683 2,
3123 3623 3150 3685 ς
3189 3623 3269 3686 75ς

285 3705 548 3768 Regnlae
569 3706 896 3759 servandae
917 3706 980 3758 in
1008 3705 1248 3759 iudiciis
1270 3706 1427 3767 apud
1453 3705 1716 3766 sum-em.
1749 3706 2104 3769 sig-naturae
2127 3710 2234 3768 Ap.
2262 3709 2568 3770 Tribunal,
2594 3709 2628 3761 0
2657 3714 2833 3763 mart.
2868 3712 3016 3772 1912,
3042 3716 3159 3765 art.
3184 3712 3268 3775 23,

281 3796 365 3856 20,
397 3796 480 3857 49,
511 3795 595 3848 50.

455 3892 482 3928 ¹
524 3887 646 3938 Lex
680 3888 918 3947 propria
960 3885 1019 3939 S.
1052 3887 1123 3938 Β.
1158 3886 1346 3939 Rotae
1378 3891 1442 3939 et
1479 3887 1833 3950 signaturae
1878 3889 2008 3950 Ap„
2045 3887 2111 3941 29
2148 3889 2269 3941 iun.
2308 3888 2457 3950 1908,
2495 3899 2624 3941 can.
2672 3890 2756 3946 30.
2802 3902 2861 3942 ιι.
2899 3893 2974 3953 δος
3012 3892 3269 3954 Regulus

283 3976 609 4029 servandae
639 3977 702 4028 in
736 3976 975 4029 iudiciis
1003 3977 1162 4039 apud
1192 3977 1250 4030 Β.
1285 3977 1356 4029 Β.
1390 3977 1579 4029 Rotae
1607 3978 1913 4039 Tribunal,
1945 3979 1978 4029 4
2016 3991 2150 4041 aug,
2193 3979 2340 4039 1910,
2376 3978 2403 4040 1
2436 3979 2518 4042 7ος
2550 3980 2811 4041 Regulae
2841 3982 3165 4035 servandae
3207 3984 3269 4035 in

285 4066 523 4119 indiciis
552 4067 710 4127 apud
743 4067 1006 4128 Suprem.
1046 4066 1401 4129 signaturae
1431 4069 1537 4128 Ap.
1579 4068 1884 4128 Tribunal,
1917 4068 1951 4120 0
1981 4072 2158 4121 mart.
2192 4068 2340 4131 1912,
2374 4072 2491 4122 art.
2534 4069 2617 4132 25,
2646 4070 2730 4123 51.

463 4163 489 4200 ³
527 4156 592 4209 Ο.
627 4156 678 4216 G,
710 4157 776 4218 X,
811 4158 881 4207 de
913 4156 1376 4236 rcuunoiationc,
1415 4157 1465 4218 Ι,
1498 4158 1549 4210 9.

463 4252 491 4289 ⁴
525 4246 784 4309 Regulae
814 4247 1140 4300 servandae
1172 4252 1233 4300 in
1265 4249 1502 4301 indiciis
1538 4249 1699 4309 apud
1730 4249 1787 4302 S.
1823 4250 1894 4300 R.
1927 4248 2115 4302 Rotae
2146 4250 2453 4311 Tribunal,
2485 4252 2518 4301 4
2549 4263 2683 4313 aug.
2717 4252 2867 4313 1910,
2911 4254 2937 4313 s
2979 4252 3061 4313 79,
3092 4265 3150 4305 ιι.
3186 4254 3236 4305 3.

459 4343 484 4376 ⁵
526 4338 591 4389 C.
619 4337 702 4398 88,
731 4338 796 4391 Ο.
827 4338 926 4398 XI,
954 4351 1008 4400 q.
1037 4339 1086 4398 8:
1115 4338 1377 4401 Regulae
1409 4339 1737 4392 servandae
1771 4340 1834 4391 in
1862 4338 2102 4392 iudiciis
2128 4339 2286 4401 apud
2316 4338 2374 4392 S.
2409 4340 2480 4392 Β.
2511 4341 2702 4393 Rotae
2735 4341 3039 4400 Tribunal,
3070 4343 3102 4392 4
3132 4355 3266 4404 aug.

286 4427 435 4488 1910,
467 4427 494 4489 ς
523 4427 608 4488 79,
637 4440 695 4478 ιι.
733 4429 783 4480 3.

464 4525 490 4560 ⁸
524 4518 588 4569 Ο.
619 4519 722 4579 1-3,
753 4519 805 4578 5,
835 4520 1006 4580 10-13,
1037 4519 1121 4581 18,
1153 4519 1235 4582 20,
1265 4520 1331 4573 Ο.
1364 4521 1446 4582 ΙΙ,
1481 4533 1537 4582 q.
1567 4522 1615 4582 1;
1642 4532 1691 4572 c.
1721 4521 1804 4582 74,
1834 4521 1900 4574 0.
1931 4521 2032 4581 ΧΙ,
2068 4533 2124 4583 q.
2160 4521 2211 4583 33
2242 4519 2301 4573 8.
2334 4521 2399 4573 O.
2434 4521 2539 4583 Ep.
2568 4524 2632 4573 et
2658 4522 2821 4584 Rex..
2854 4522 3021 4575 instr.
3054 4524 3118 4574 11
3146 4523 3267 4575 lun.

288 4608 437 4669 1880,
465 4621 525 4661 ιι.
557 4609 638 4670 10;
668 4609 726 4661 Β.
757 4610 821 4661 Ο.
852 4609 927 4662 de
958 4610 1129 4673 Prop.
1171 4610 1335 4672 Fide,
1377 4612 1546 4664 instr.
1579 4624 1635 4662 a.
1668 4611 1816 4672 1883,
1846 4624 1906 4663 ιι.
1940 4610 2090 4663 XVI.

470 4703 495 4740 ⁷
531 4699 595 4751 C.
633 4702 715 4761 11,
753 4700 818 4752 C.
857 4701 1017 4761 XXX,
1064 4714 1117 4763 q.
1150 4702 1201 4762 ὃς
1232 4713 1281 4753 c.
1321 4702 1372 4762 0,
1405 4703 1471 4762 X,
1509 4704 1579 4753 dc
1614 4703 2078 4761 renunciatione,
2118 4702 2167 4762 Ι,
2212 4702 2263 4764 9;
2305 4713 2354 4754 c.
2396 4704 2448 4764 4,
2484 4702 2568 4762 10,
2605 4703 2672 4762 Χ,
2712 4704 2783 4753 dc
2820 4702 3075 4761 iudiciis,
3109 4703 3191 4766 11,
3224 4707 3273 4768 1;

287 4801 339 4840 c.
377 4791 428 4850 1,
468 4791 540 4841 de
575 4791 870 4840 sententia
907 4795 965 4842 et
1000 4804 1065 4843 re
1104 4790 1388 4851 iudicata,
1436 4792 1519 4853 11,
1568 4795 1650 4853 14,
1690 4793 1752 4844 in
1790 4793 1916 4854 VI⁰;
1950 4789 2092 4853 c.‘2,
2132 4793 2203 4842 dc
2250 4792 2555 4843 verborum
2594 4790 3040 4852 sionificatione,
3082 4793 3151 4854 V,
3187 4795 3271 4855 11,

290 4879 353 4931 in
382 4880 562 4933 Olem.

468 4975 493 5012 ⁸
531 4971 594 5024 C.
638 4972 689 5032 3,
727 4971 793 5025 O.
831 4973 930 5033 IV,
966 4985 1020 5034 q.
1053 4973 1086 5023 2
1112 4976 1175 5025 et
1202 4974 1251 5035 3;
1283 4985 1333 5025 c.
1366 4973 1449 5033 02,
1485 4974 1550 5025 Ο.
1585 4975 1684 5034 ΧΙ,
1729 4987 1783 5036 q.
1817 4975 1866 5036 33
1899 4986 1949 5026 c.
1982 4976 2032 5034 1,
2064 4974 2130 5034 X,
2169 4974 2240 5024 dc
2273 4972 2813 5033 constitutionibus,
2851 4974 2901 5034 Ι-,
2938 4973 2986 5035 2;
3028 4986 3079 5026 c.
3117 4975 3167 5036 6,
3206 4977 3272 5037 X,

293 5062 364 5112 dc
399 5061 861 5122 renunciatione,
903 5064 951 5123 1,
989 5064 1038 5125 9,
1081 5076 1131 5116 c.
1163 5064 1215 5124 3,
1247 5065 1297 5124 5,
1329 5064 1379 5125 9,
1412 5065 1476 5124 Χ,
1517 5065 1589 5115 de
1628 5064 2090 5126 probationibus,
2130 5064 2213 5125 11,
2251 5065 2335 5125 193
2369 5075 2418 5115 c.
2459 5064 2541 5125 27,
2579 5064 2662 5125 32,
2702 5066 2769 5125 Χ,
2818 5065 2888 5116 de
2928 5066 3178 5118 testibus
3217 5068 3275 5115 ct

293 5153 797 5212 attestationibus,
828 5154 910 5214 11,
942 5155 1022 5216 20;
1044 5166 1094 5206 c.
1127 5156 1177 5215 1,
1203 5158 1274 5206 dc
1305 5155 1599 5208 sententia
1624 5160 1683 5207 et
1706 5169 1770 5206 re
1792 5156 2079 5216 iudicata,
2107 5155 2190 5214 11,
2216 5156 2299 5215 14,
2325 5155 2389 5206 in
2416 5155 2542 5217 V1⁰;
2563 5156 2707 5216 Reg.
2740 5154 2820 5215 12,
2848 5155 2920 5206 Β,
2950 5156 2987 5207 J
2995 5193 3030 5215 .,
3054 5156 3122 5206 in
3151 5156 3278 5218 V10;

294 5254 345 5292 c.
378 5255 501 5303 un..
539 5244 609 5294 de
643 5244 1105 5304 probationibus,
1152 5245 1235 5305 ΙΙ,
1269 5245 1320 5308 7,
1360 5247 1420 5297 ln
1453 5245 1656 5308 Oleum
1692 5245 1750 5298 S.
1790 5246 1934 5297 Plus
1965 5246 2035 5307 V,
2070 5247 2255 5297 const.
2294 5260 2324 5295 α
2367 5242 2770 5296 Incola-abilis
2801 5259 2850 5306 ι»,
2888 5247 2921 5297 1
2965 5245 3085 5297 iun.
3127 5245 3275 5307 1509,

295 5334 321 5393 s
352 5334 402 5393 4,
435 5334 486 5396 ὃς
511 5334 831 5396 Gregorius
853 5335 970 5396 XV,
1005 5338 1190 5388 const.
1222 5351 1251 5387 ι
1283 5336 1556 5388 Ππίυονεί
1581 5351 1630 5398 ιι,
1659 5338 1725 5390 30
1751 5348 1885 5398 aug.
1915 5336 2061 5397 1622,
2096 5336 2123 5397 fl
2151 5336 2200 5397 ὃς
2236 5335 2296 5388 S.
2328 5336 2393 5387 Ο.
2428 5335 2535 5396 Ep.
2564 5338 2627 5387 et
2655 5335 2816 5397 Res..
2846 5335 3021 5388 instr.
3054 5337 3118 5387 11
3148 5335 3272 5387 iun.

293 5422 440 5485 1880,
465 5436 524 5475 ιι.
554 5424 635 5487 10;
662 5424 719 5478 S.
756 5424 819 5477 C.
848 5424 922 5477 de
950 5425 1119 5486 Pron.
1149 5426 1313 5488 Pide,
1343 5428 1514 5480 instr.
1543 5441 1598 5479 a.
1627 5427 1776 5488 1883,
1802 5439 1861 5479 ιι.
1892 5427 2041 5479 XVI.
