3753 5871
536 248 642 307 110
1093 239 1095 242 ’
1674 249 1869 299 com
1909 247 2069 299 nem
2118 246 2398 299 canonem·

1849 453 2027 521 CAN.
2063 454 2216 518 401.

713 576 748 658 ξ
795 580 860 642 1.
912 576 1545 644 Poenitentiarius
1581 578 1983 644 canonicus
2021 582 2181 643 tum
2222 576 2570 643 ecclesiae
2607 575 3058 642 cathedralis
3099 580 3257 641 tum
3301 573 3523 642 eccle·

534 684 688 752 siae
722 684 1131 769 collegialis
1168 685 1449 753 obtinet
1486 703 1532 751 a
1569 685 1731 752 iure
1777 688 2217 768 potestatem
2265 684 2745 766 ordinariam,
2797 702 3014 768 quam
3058 688 3301 750 tamen
3348 683 3528 748 aliis

529 791 872 876 delegare
909 811 1055 858 non
1094 797 1364 877 potest,
1401 787 1828 860 absolvendi
1864 793 2089 859 etiam
2125 811 2171 858 a
2205 792 2529 877 peccatis
2572 797 2648 861 et
2685 809 2731 857 a
2774 791 3109 858 censuris
3154 790 3527 873 Episcopo

536 899 953 981 reservatis,
991 900 1071 965 in
1098 898 1413 967 dioecesi
1439 904 1830 967 extraneos
1860 917 2170 984 quoque,
2201 904 2276 967 et
2311 900 2779 966 dioecesanos
2813 902 3026 965 extra
3058 897 3524 965 territorium

534 1024 820 1091 quoque
863 1005 1222 1073 dioecesis
1262 1007 1312 1074 ².

712 1113 745 1195 ξ
793 1114 858 1179 2.
910 1114 1147 1182 Debet
1195 1114 1273 1180 in
1327 1114 1494 1181 sede
1534 1114 1986 1198 excipiendis
2025 1114 2610 1181 confessionibus
2652 1113 2794 1179 sibi
2836 1114 2913 1178 in
2965 1111 3368 1196 capitulari
3416 1129 3524 1177 ec-

530 1221 758 1288 clesia
786 1221 1163 1289 destinata
1194 1221 1514 1288 residere
1540 1226 1869 1305 tem-pore
1898 1222 1992 1289 ad
2023 1222 2349 1289 fidelium
2378 1221 2996 1302 commoditatem,
3037 1219 3313 1286 iudicio
3345 1218 3523 1301 Epi·

532 1330 760 1413 scopi,
798 1328 1328 1413 opportuniore
1354 1334 1430 1398 et
1463 1334 1761 1413 praesto
1793 1349 1950 1396 esse
1976 1330 2071 1396 iis
2099 1330 2225 1414 qui
2253 1329 2348 1396 ad
2382 1328 2801 1396 confitenda-
2831 1346 2967 1395 sua
2995 1331 3296 1410 peccata
3324 1344 3523 1392 acce·

531 1435 722 1509 dunt
755 1436 917 1520 ipso
951 1454 1236 1521 quoque
1268 1437 1687 1527 divinorum
1724 1436 2124 1504 officiorum
2159 1444 2487 1521 tempore
2524 1435 2577 1501 ².

1830 1633 2006 1699 OAN.
2053 1632 2205 1698 402.

711 1753 793 1819 Si
837 1754 1192 1839 Capitulo
1234 1756 1522 1822 adnexa
1569 1756 1670 1823 sit
1715 1774 1897 1822 cura
1941 1756 2382 1838 animarum,
2432 1756 2607 1822 haec
2665 1759 3092 1822 exerceatur
3142 1773 3186 1821 a
3242 1755 3528 1822 vica-rio

533 1861 931 1942 paroeciali
969 1861 1066 1929 ad
1099 1880 1430 1929 normam
1459 1880 1623 1930 can.
1658 1863 1810 1929 471.

890 2121 892 2124 ,
1819 2058 1994 2123 CAN.
2040 2058 2193 2124 403.

703 2173 1056 2259 Exceptis
1084 2175 1606 2260 dignitatibus,
1647 2175 1742 2241 ad
1774 2176 2223 2259 Episcopum
2256 2176 2604 2259 pertinet,
2639 2176 2897 2243 audito
2937 2175 3314 2259 Capitulo,
3357 2193 3524 2243 con·

531 2282 727 2350 ferre
757 2284 1005 2349 omnia
1038 2289 1114 2351 et
1141 2283 1437 2367 singula
1465 2282 1817 2350 beneficia
1844 2301 1933 2349 ac
1962 2283 2444 2350 canonicatus
2471 2284 2552 2349 in
2579 2283 2907 2350 ecclesiis
2943 2288 3102 2349 tum
3137 2284 3523 2351 cathedra-

529 2389 727 2456 libus
756 2395 914 2459 tum
943 2391 1478 2475 collegialibus,
1513 2391 1906 2475 reprobata
1946 2390 2205 2475 quavis
2233 2391 2615 2457 contraria
2649 2390 3180 2458 consuetudine
3216 2398 3293 2459 et
3326 2411 3523 2459 revo-

530 2502 699 2564 cato
743 2499 1069 2582 quolibet
1111 2499 1501 2565 contrariov
1533 2499 1948 2583 privilegio,
1996 2498 2120 2566 sed
2167 2498 2381 2564 firma
2430 2499 2809 2565 contraria
2855 2499 3323 2566 fundationis
3369 2500 3530 2584 lege

530 2609 604 2672 et
640 2605 1102 2689 praescripto
1131 2623 1296 2672 can.
1329 2605 1525 2673 1435.

1827 2744 2006 2811 CAN.
2047 2743 2200 2810 404.

709 2870 742 2951 ξ
792 2872 855 2935 1.
908 2870 1410 2939 canonicatus
1448 2869 1863 2955 Episcopus
1900 2869 2237 2935 conferat
2269 2868 2774 2935 sacerdotibus
2811 2868 3155 2935 doctrina·
3183 2870 3529 2954 vitaeque

525 2976 959 3062 integritate
991 2977 1548 3062 praestantibus
1579 2977 1629 3041 ³.
2802 2964 2869 2976 ᾗ

707 3084 740 3166 ξ
787 3085 854 3150 2.
905 3086 998 3151 In
1021 3086 1592 3153 canonicatuum
1622 3084 2045 3165 collatione,
2075 3085 2342 3151 ceteris
2370 3084 2699 3167 paribus,
2741 3085 2935 3151 ratio
2965 3084 3326 3151 habeatur
3361 3085 3523 3151 illo·

530 3212 693 3258 rum
739 3193 865 3276 qui
898 3193 1235 3260 doctores
1269 3195 1346 3259 in
1391 3210 1606 3259 sacra
1640 3193 2012 3276 theologia
2042 3193 2158 3260 vel
2193 3193 2355 3259 iure
2389 3192 2744 3258 canonico
2790 3192 3198 3259 renuntiati
3236 3192 3528 3261 fuerint

528 3301 607 3366 in
644 3301 896 3384 aliquo
923 3301 1304 3383 athenan,
1336 3302 1455 3368 vel
1483 3300 1965 3367 laudabiliter
1992 3301 2484 3367 ministerium
2516 3300 3091 3367 ecclesiasticum
3132 3307 3265 3368 aut
3296 3301 3522 3385 magi·

529 3408 837 3474 sterium
868 3407 1356 3485 exercuerint,
1389 3407 1603 3475 firmo
1634 3409 2095 3492 praescripto
2130 3427 2294 3477 can.
2329 3408 2481 3491 130,
2521 3408 2553 3490 §
2593 3408 2637 3473 2
2678 3407 2728 3473 ⁴.

1820 3603 1997 3670 CAN.
2043 3604 2196 3668 405.

707 3729 740 3809 ξ
788 3731 854 3793 1.
906 3728 1357 3813 DignitateS,
1394 3726 1733 3792 canonici
1769 3731 1844 3794 et
1883 3726 2357 3807 beneficiarii,
2404 3731 2625 3811 capta
2662 3726 2988 3811 legitime
3026 3724 3359 3793 beneficii
3408 3726 3526 3791 sui

529 3835 985 3920 possessione
1020 3835 1114 3901 ad
1160 3852 1491 3900 normam
1525 3852 1691 3900 can.
1730 3834 2128 3916 1443-1445,
2177 3834 2432 3901 statim
2469 3853 2606 3918 pro
2639 3835 2877 3919 gradu
2917 3853 3050 3901 suo
3095 3833 3524 3917 acquirunt,

529 3947 824 4027 praeter
852 3943 1176 4027 insignia
1204 3961 1291 4009 ac
1327 3941 1715 4027 privilegia
1747 3943 2077 4027 propria,
2111 3960 2486 4009 scamnum
2518 3943 2595 4008 in
2631 3943 2880 4023 choro,
2915 3941 3035 4007 ius
3063 3940 3527 4025 percipiendi

527 4051 822 4118 fructus
856 4070 943 4117 ac
973 4051 1564 4132 distributiones,
1602 4069 1688 4117 ac
1720 4068 1964 4116 vocem
2007 4051 2082 4117 in
2119 4050 2453 4134 capitulo
2481 4050 2576 4117 ad
2621 4068 2951 4117 normam
2981 4067 3146 4115 can.
3184 4050 3339 4131 411,
3384 4049 3418 4130 ξ
3455 4048 3524 4116 3.

710 4157 743 4239 ξ
790 4158 856 4224 2.
907 4159 1019 4225 De
1063 4158 1233 4226 fidei
1291 4158 1746 4241 professione
1790 4159 1885 4225 ab
1932 4159 2116 4241 ipsis
2171 4162 2345 4225 ante
2390 4162 2684 4243 captam
2735 4158 3264 4243 possessionem
3313 4157 3523 4223 emit·

528 4265 751 4332 tenda
792 4270 1127 4340 servetur
1157 4264 1699 4351 praescriptum
1732 4284 1896 4332 can.
1933 4264 2328 4332 1406-1408.

1830 4458 2007 4525 CAN.
2045 4458 2198 4525 406.

707 4583 740 4665 ξ
788 4587 854 4649 1.
904 4583 1299 4669 Episcopo,
1336 4602 1481 4650 non
1524 4589 1771 4651 autem
1808 4583 2111 4651 Vicario
2145 4583 2517 4664 Generali,
2566 4602 2695 4650 nec
2734 4583 3035 4649 Vicario
3070 4581 3526 4665 capitulari,

529 4693 647 4759 ius
676 4697 791 4759 est
815 4692 1210 4759 canonicos
1245 4692 1339 4759 ad
1369 4692 1715 4759 honorem
1750 4691 2181 4759 nominandi
2219 4692 2370 4758 sive
2400 4691 2872 4759 dioecesanos
2902 4690 3054 4757 sive
3084 4690 3523 4758 extra-dioe-

714 4958 735 4992 1
775 4956 832 5009 S.
860 4957 924 5008 C.
952 4957 1057 5018 Dp.
1088 4959 1151 5008 et
1175 4956 1338 5017 Rex..
1367 4955 1818 5014 conver-tanen„
1844 4957 1912 5008 19
1933 4958 2081 5017 sept.
2107 4956 2253 5016 184&
2284 4955 2341 5007 S.
2367 4955 2430 5007 O.
2464 4955 2551 5015 0..
2586 4954 2916 5011 Pham-en„
2940 4953 3005 5003 21
3029 4963 3160 5003 nov.
3188 4950 3337 5011 1701,
3363 4951 3447 5002 ad
3475 4954 3525 5002 1.

702 5047 729 5083 2
773 5045 829 5095 S.
863 5025 927 5096 C.
960 5044 1047 5104 0.,
1075 5042 1434 5103 'secantium
1470 5056 1669 5096 mense
1702 5057 1834 5096 nov.
1875 5045 2022 5105 1585;
2059 5043 2325 5102 Δδιιῑοη.,
2371 5055 2570 5095 mense
2614 5053 2741 5102 apr.
2780 5041 2927 5102 1587,
2974 5040 3053 5091 ad
3089 5039 3137 5101 2;
3173 5038 3527 5095 Fer-etrum,

529 5147 727 5187 mense
761 5138 906 5194 sept.
941 5134 1086 5194 158¹&
1120 5131 1449 5192 Annorum,
1490 5132 1555 5183 22
1585 5134 1733 5185 febr.
1769 5133 1915 5195 1620:
1950 5132 2270 5189 Veliterno,
2301 5132 2367 5183 12
2405 5144 2538 5193 aug.
2573 5131 2719 5192 1634:
2762 5130 3077 5188 Verulana,
3118 5130 3185 5181 19
3220 5129 3338 5181 lan.
3376 5129 3529 5190 16ης

535 5224 848 5279 Verulana,
886 5222 918 5272 2
953 5224 1097 5274 mall
1134 5222 1280 5284 164&
1317 5221 1351 5273 7
1387 5221 1510 5274 dec.
1559 5221 1707 5274 1675.

704 5318 730 5354 ³
766 5313 938 5364 Cone.
981 5312 1267 5372 Trident„
1308 5324 1451 5364 sess.
1501 5312 1700 5371 XXIV,
1743 5313 1813 5362 de
1849 5312 1985 5371 ret..
2025 5323 2076 5362 c.
2117 5311 2184 5363 12

707 5407 736 5444 ⁴
771 5403 945 5454 Cone.
995 5402 1283 5461 Trident„
1335 5413 1478 5453 sess.
1522 5401 1719 5461 XXIV,
1765 5402 1836 5451 de
1876 5399 2013 5459 ret„
2051 5412 2100 5452 c.
2134 5401 2215 5451 12.
