3753 5871
1264 332 1440 383 Liber
1469 331 1774 382 Secund&
1813 357 1836 368 ·
1867 332 1958 383 Do
1999 330 2273 383 Formio
3154 333 3260 395 1⁴9

1561 542 1739 609 CAN.
1777 541 1932 609 517.
2032 579 2037 584 ·

447 660 482 744 ς
529 663 596 729 1.
646 661 965 742 Quaevis
994 663 1318 732 virorum
1355 664 1617 749 religio
1642 663 1831 730 iuris
1859 662 2223 749 pontificii
2259 669 2812 750 procuratorem
2841 667 3254 751 generalem

264 768 562 853 babeat,
615 771 766 855 qui,
803 771 1209 839 'secundum
1248 772 1820 840 constitutiones
1858 773 2316 858 designatae,
2363 774 2661 859 negotia
2702 774 3047 859 propriae
3088 775 3250 843 reli·

261 876 510 962 gionis
535 879 736 962 apud
775 878 1124 947 Sanctam
1157 878 1415 947 Sedem
1454 884 1860 963 pertractet
1901 879 1952 946 ¹.

445 982 480 1066 ᾗ
526 983 593 1049 2.
641 985 1060 1071 Antequam
1091 987 1630 1071 praescriptum
1660 987 1739 1054 in
1766 987 2429 1055 constitutionibus
2453 992 2748 1072 tempus
2775 989 3125 1073 exspiret,
3164 1007 3256 1056 ne

260 1095 720 1174 amoveatur,
754 1093 1175 1161 inconsulta
1213 1093 1399 1161 Sede
1437 1095 1894 1179 Apostolica.

1535 1340 1794 1409 CAPUT
1833 1340 1942 1407 ΙΙ.

1117 1461 1231 1529 De
1278 1461 1752 1547 confessas-iis
1792 1469 1866 1530 et
1908 1463 2388 1551 cappellanis.

1552 1621 1732 1702 om.
1770 1623 1926 1713 513,

439 1744 473 1828 ξ
521 1747 587 1812 1.
639 1746 730 1813 In
767 1747 1084 1832 singulis
1121 1747 1502 1833 religionis
1546 1747 1915 1815 clericalis
1950 1746 2288 1816 domibus
2326 1748 2778 1834 deputentur
2825 1748 3077 1831 plures
3114 1764 3255 1831 pro

254 1853 625 1920 sodalium
660 1873 966 1923 numero
992 1855 1428 1922 confessarii
1455 1855 1780 1940 legitime
1813 1855 2233 1939 approbati,
2262 1874 2429 1922 cum
2460 1860 2853 1939 potestate,
2884 1855 2949 1921 si
2978 1860 3250 1940 agatur

252 1963 349 2029 de
375 1962 732 2047 religione
760 1967 1123 2048 exempta,
1149 1963 1575 2031 absolvendi
1611 1963 1835 2031 etiam
1864 1981 1916 2030 a
1940 1962 2236 2030 casibus
2270 1963 2349 2028 in
2380 1961 2735 2048 religione
2764 1963 3158 2030 reservatis
3193 1960 3245 2029 ².

435 2066 469 2148 ξ
515 2066 583 2133 2.
635 2066 1070 2154 Superiores
1099 2068 1451 2154 religiosi,
1483 2072 1926 2153 potestatem
1961 2069 2312 2137 audiendi
2339 2069 2838 2137 confessiones
2870 2069 3245 2152 babentes,

252 2180 597 2259 possunt,
642 2176 959 2243 servatis
990 2177 1081 2245 de
1115 2176 1279 2244 iure
1310 2177 1718 2261 servandis,
1754 2175 2254 2246 confessiones
2296 2177 2556 2245 audire
2590 2176 3080 2262 subditorum,
3123 2182 3248 2262 qul

251 2283 353 2350 ab
392 2282 549 2349 illis
579 2288 843 2368 sponte
877 2302 1012 2351 sua
1043 2302 1130 2351 ac
1171 2290 1374 2352 motu
1410 2285 1715 2369 proprio
1747 2285 1822 2353 id
1860 2288 2145 2369 petant,
2180 2292 2263 2354 at
2304 2285 2464 2353 sine
2497 2285 2707 2370 gravi
2739 2303 2964 2352 causa
3002 2285 3078 2352 id
3116 2304 3249 2369 per

251 2389 553 2457 modum
594 2390 895 2458 babitus
925 2409 1016 2459 ne
1047 2396 1277 2477 agant
1318 2389 1371 2459 ⁸.

437 2495 471 2579 ξ
516 2496 586 2565 3.
634 2497 968 2566 caveant
1005 2499 1439 2583 Superiores
1486 2508 1578 2568 ne
1615 2518 1826 2584 quem
1869 2499 2246 2567 subditum
2284 2503 2421 2566 aut
2466 2499 2611 2583 ipsi
2651 2518 2785 2583 per
2822 2517 2899 2566 se
2934 2504 3069 2567 aut
3116 2516 3249 2583 per

250 2604 488 2672 alium
526 2605 627 2687 vi,
667 2612 895 2688 metu,
938 2606 1388 2692 importunis
1425 2607 1897 2675 suasionibus
1942 2606 2183 2675 aliave
2234 2607 2521 2676 ratione
2558 2607 2921 2675 inducant
2961 2611 3047 2675 ut
3086 2625 3241 2691 pec-
3362 2605 3367 2609 ’

246 2715 426 2779 cata
461 2713 662 2795 apud
692 2731 771 2780 se
801 2712 1245 2782 confiteatur
1280 2714 1335 2781 ⁸.

1558 2821 1734 2890 CAN.
1772 2821 1924 2888 519.

424 2944 704 3011 Firmis
731 2945 1394 3013 constitutionibus
1435 2964 1620 3031 quae
1652 2946 2184 3013 consessionem
2218 2944 2440 3013 statis
2480 2944 2935 3029 temporibus
2968 2945 3242 3029 praeci-

247 3051 474 3135 piunt
522 3053 639 3119 vel
692 3053 1010 3121 suadent
1047 3053 1249 3138 apud
1292 3053 1824 3122 determinatos
1866 3053 2359 3121 confessarios
2402 3052 2919 3137 peragendam,
2967 3052 3032 3119 si
3079 3051 3242 3120 reli·

246 3157 530 3244 giosus,
599 3159 823 3228 etiam
888 3165 1296 3244 exemptus,
1337 3162 1435 3229 ad
1480 3180 1658 3230 suae
1729 3160 2225 3229 conscientiae
2300 3159 2642 3246 quietem,
2709 3158 3243 3227 confessarium

245 3266 474 3334 adeat
494 3267 588 3335 ab
617 3266 1020 3337 Ordinario
1040 3267 1185 3336 loci
1209 3269 1726 3353 approbatum,
1753 3269 1896 3336 etsi
1919 3268 2117 3336 inter
2141 3268 2567 3352 designatos
2598 3286 2743 3334 non
2773 3266 3242 3347 recensitum,

243 3370 642 3451 confessio,
685 3378 1026 3444 revoca-to
1075 3376 1401 3461 quolibet
1445 3377 1827 3445 contrario
1865 3376 2278 3463 privilegio,
2318 3373 2568 3442 valida
2608 3378 2684 3442 et
2726 3373 2937 3441 licita
2985 3376 3119 3457 est3
3170 3377 3248 3442 et

243 3480 751 3549 confessarius
786 3484 1032 3565 potest
1072 3483 1498 3569 religiosum
1536 3483 1914 3552 absolvere
1949 3482 2174 3552 etiam
2214 3500 2262 3549 a·
2297 3481 2621 3566 peccatis
2668 3487 2743 3550 et
2789 3480 3123 3548 censuris
3164 3479 3242 3546 in

245 3585 608 3671 religione
644 3589 1038 3656 reservatis
1081 3589 1135 3658 ⁸.

1544 3696 1721 3763 cm.
1761 3694 1914 3763 520.

430 3812 466 3895 ξ
513 3815 579 3879 1.
632 3812 965 3897 Singulis
1005 3814 1517 3898 religiosarum
1565 3814 1905 3882 domibus
1947 3830 2142 3879 unus
2188 3812 2581 3879 dumtaxat
2618 3810 2842 3880 detur
2877 3811 3239 3878 confessa-

241 3920 409 3988 rius
454 3920 905 4003 ordinarius,
948 3923 1076 4007 qui
1113 3922 1686 3991 sacramentales
1722 3921 2222 3989 confessiones
2262 3920 2649 3987 universae
2687 3918 3245 3985 communitatis

239 4028 596 4111 excipiat,
634 4028 780 4096 nisi
813 4034 1129 4114 <propter
1162 4038 1508 4114 magnum
1544 4031 1876 4115 ipsarum
1913 4046 2297 4113 numerum
2340 4029 2457 4095 vel
2495 4027 2720 4095 aliam
2764 4027 3038 4094 iustam
3073 4043 3239 4092 cau·

242 4152 409 4201 sam
438 4135 542 4203 sit
571 4152 756 4219 opus
787 4136 1027 4204 altero
1053 4137 1171 4203 vel
1201 4137 1542 4222 pluribus
1583 4139 1634 4206 ⁰.

433 4344 456 4380 ²
491 4344 610 4396 Leo
637 4345 805 4405 XIII,
845 4346 962 4398 utt.
995 4356 1089 4406 ap.
1123 4360 1155 4397 α
1190 4345 1494 4398 Sannum
1531 4358 1764 4409 semper
1788 4365 1838 4413 ι,
1870 4350 1938 4402 12
1970 4353 2071 4403 iul.
2103 4353 2252 4416 1898,
2287 4367 2347 4407 n.
2382 4357 2431 4419 1;
2461 4354 2520 4409 S.
2553 4356 2618 4410 C.
2654 4358 2758 4417 Dp.
2791 4360 2854 4410 et
2883 4357 3047 4418 Reg„
3080 4355 3235 4408 decr.

240 4432 315 4483 22
346 4443 486 4494 aug.
519 4432 668 4492 1814,
698 4445 757 4484 n.
791 4433 907 4486 111.

427 4524 454 4561 ²
488 4522 760 4575 Clemens
787 4523 958 4584 VIII,
983 4523 1139 4576 decr.
1168 4540 1200 4574 ι
1230 4524 1655 4589 Sanctissimae
1682 4542 1731 4590 ι,
1765 4528 1831 4579 28
1852 4529 1998 4581 mall
2022 4530 2171 4592 1598,
2203 4532 2231 4593 3
2255 4533 2306 4592 ὃς
2335 4533 2394 4586 S.
2426 4533 2492 4585 O.
2523 4532 2612 4595 0.,
2640 4533 2794 4586 decr.
2824 4533 2888 4585 21
2912 4536 3061 4596 sept.
3088 4534 3237 4595 1024,

242 4612 273 4672 ι
309 4610 361 4671 1;
399 4611 461 4661 Β.
493 4609 561 4663 0.
594 4622 772 4671 super
804 4611 980 4664 Statu
1013 4611 1414 4675 Regularlum,
1449 4615 1517 4666 17
1549 4628 1683 4678 aug.
1719 4616 1866 4669 18⁰6.
3244 4640 3264 4653 ‘

419 4702 448 4739 ³
481 4698 754 4752 Clemens
783 4701 952 4761 VIII.
986 4701 1142 4754 decr.
1178 4717 1209 4753 ι
1245 4701 1670 4755 Sanctissimae
1702 4720 1753 4765 ι,
1785 4706 1851 4757 20
1880 4707 2025 4758 mali
2059 4709 2207 4770 1593,
2251 4709 2279 4770 3
2312 4709 2361 4773 2:
2393 4708 2451 4763 S.
2486 4710 2552 4763 C.
2592 4710 2652 4763 S.
2697 4709 2835 4771 off..
2876 4711 2911 4763 5
2944 4711 3050 4763 iul.
3086 4711 3236 4776 18993

242 4788 308 4840 S.
340 4786 407 4840 Ο.
438 4786 528 4848 0.,
571 4786 882 4847 Pan-men..
915 4790 982 4842 80
1010 4793 1187 4843 mart.
1228 4791 1377 4855 1594:
1405 4792 1561 4845 decr.
1593 4794 1660 4846 21
1695 4797 1842 4856 sept.
1876 4796 2026 4857 1624,
2065 4797 2093 4858 ς
2126 4800 2177 4849 1.

423 4880 452 4916 ⁴
489 4875 549 4928 S.
580 4875 645 4927 G.
681 4877 740 4928 S.
772 4878 912 4938 off..
959 4879 994 4931 5
1031 4879 1134 4934 iul.
1175 4876 1321 4933 1899.

422 4968 450 5005 ⁸
489 4962 550 5017 S.
581 4964 648 5017 C.
681 4966 787 5026 Bp.
818 4970 882 5020 et
911 4967 1074 5030 neg„
1115 4970 1148 5019 4
1186 4969 1290 5021 iul.
1340 4970 1487 5033 180ae
1528 4970 1586 5025 S.
1628 4972 1693 5025 C.
1745 4973 1820 5025 de
1861 4974 2196 5035 Relmosis,
2236 4975 2391 5027 decr.
2437 4976 2470 5028 5
2509 4988 2640 5038 aug.
2684 4976 2832 5039 19133
2872 4976 3138 5029 Romana
3180 4983 3240 5031 ce

238 5054 523 5111 mmm,
552 5054 587 5106 8
621 5055 769 5105 mail
799 5056 947 5107 1914.

420 5146 447 5181 ⁸
481 5143 657 5196 conc.
692 5144 980 5207 Trident„
1016 5158 1160 5199 sess.
1206 5147 1372 5208 XXV,
1411 5151 1483 5200 ae
1518 5151 1909 5211 muratoribus,
1952 5163 2003 5204 c.
2044 5154 2128 5212 10:
2160 5151 2517 5205 Benedictus
2553 5153 2705 5215 XIV,
2742 5159 2929 5208 const.
2968 5170 3000 5207 α
3035 5155 3235 5208 Paeto·

239 5232 394 5284 raus
429 5243 607 5285 carae
647 5232 700 5293 ι’,
737 5234 772 5285 5
804 5245 938 5296 aug.
975 5235 1122 5298 174&
1156 5240 1341 5290 const.
1385 5252 1416 5288 ι
1451 5237 1732 5298 Quamvis
1771 5240 1930 5291 iusto
1975 5256 2026 5301 ι,
2062 5241 2130 5293 30
2165 5253 2291 5302 apr.
2340 5242 2488 5304 1749,
2528 5243 2556 5304 3
2587 5244 2670 5304 143
2702 5244 2822 5296 Leo
2850 5244 3017 5307 XIII,
3049 5249 3234 5299 const.

242 5335 274 5372 α
305 5321 610 5373 omme·
631 5333 670 5372 a
709 5321 945 5374 Chr-isto
975 5339 1025 5384 ι,
1056 5324 1090 5377 8
1119 5324 1242 5378 dec.
1277 5327 1425 5387 1900,
1459 5327 1487 5388 3
1520 5327 1570 5387 2,
1610 5340 1669 5379 n.
1705 5329 1872 5389 VIII;
1910 5328 1968 5381 S.
2003 5329 2069 5380 C.
2105 5329 2211 5389 1⁴21).
2254 5333 2317 5382 et
2352 5330 2514 5392 neg..
2550 5331 3000 5392 vallisoletana,
3037 5335 3070 5384 4
3101 5345 3231 5395 apte.

243 5410 395 5471 17⁰⁴,
432 5410 513 5464 ad
540 5411 592 5473 5:
621 5411 965 5470 remensa.
995 5414 1030 5467 9
1056 5414 1206 5467 febr.
1238 5416 1386 5478 17533
1412 5416 1568 5469 decr.
1612 5433 1644 5467 ι
1674 5417 2173 5479 Quemadmodum
2203 5434 2254 5480 ι,
2287 5419 2353 5472 17
2390 5419 2515 5472 dec.
2546 5421 2695 5483 1890,
2732 5435 2790 5474 n.
2824 5423 2876 5484 43
2913 5421 3233 5474 Maean-ten.

245 5500 306 5549 et
338 5498 621 5551 mattam
651 5499 867 5560 Plebis,
903 5500 941 5554 '1
965 5501 1089 5554 dec.
1123 5504 1270 5564 1906,
1306 5505 1385 5556 ad
1415 5506 1465 5567 1:
1504 5506 1562 5558 S.
1597 5506 1661 5558 C.
1694 5506 1769 5559 de
1800 5506 2135 5569 Religionis,
2169 5508 2324 5560 decr.
2357 5509 2391 5561 3
2421 5510 2569 5562 tebr.
2613 5510 2761 5572 1918,
2803 5523 2860 5562 n.
2895 5513 2944 5562 1.
