3753 5871
1376 333 1646 385 constitu
1653 337 1735 384 uo
1777 336 2114 396 apostolica

442 520 775 610 Postea,
819 519 1402 620 compluribus
1441 521 1653 601 viris
1691 521 2195 624 disciplinae
2236 545 2665 603 canonum
2698 524 3241 627 peritissimis

240 662 423 739 sive
464 684 571 740 ex
604 662 839 741 Urbe
868 663 1145 742 Roma
1177 663 1355 742 sive
1392 664 1658 742 variis
1692 687 1736 741 e
1782 664 2408 744 nationibusin
2443 667 2964 745 consortium
3008 666 3234 746 labo·

240 824 434 880 rum
482 804 798 894 accitis,
839 802 1348 882 mandatum
1388 803 1628 883 dedit
1663 804 1972 884 dilecto
2011 804 2191 884 filio
2237 807 2539 885 Nostro
2577 806 2831 886 Petro
2870 806 2947 885 S.
2995 807 3092 886 R.
3135 808 3231 884 E.

241 944 686 1023 Cardinali
716 945 1140 1047 Gasparri,
1169 948 1355 1024 tum
1386 945 2047 1047 Archiepiscopo
2077 946 2627 1039 Caesariensi,
2665 951 2761 1026 ut
2798 947 3233 1026 Consulto-

238 1107 434 1163 rum
508 1109 854 1186 operam
919 1086 1340 1188 dirigeret,
1408 1087 1867 1190 perficeret,
1913 1111 2033 1180 ac,
2077 1089 2150 1166 si
2200 1111 2414 1189 opus
2489 1092 2728 1179 esset,
2774 1091 3230 1191 suppleret.

239 1226 601 1304 Coetum
642 1227 972 1317 deinde,
1008 1228 1209 1318 sive,
1246 1229 1348 1305 ut
1378 1226 1648 1318 aiunt,
1685 1227 2393 1306 commissionem
2432 1228 2507 1305 S.
2543 1230 2645 1305 R.
2697 1228 2785 1305 E.
2830 1228 3234 1307 Cardine-

236 1370 456 1447 lium
485 1369 953 1461 constituit,
980 1372 1073 1449 in
1104 1391 1465 1469 eamque
1486 1370 1921 1470 cooptavit
1947 1369 2450 1449 cardinales
2477 1370 3022 1449 Dominicum
3049 1370 3234 1449 Fer-

237 1513 456 1601 rata,
496 1509 1014 1589 Casimirum
1043 1511 1443 1602 Gennari,
1482 1511 2087 1590 Beniaminum
2124 1510 2700 1603 Cavicchioni,
2741 1512 3049 1612 Ioseph
3080 1511 3232 1590 Ca-

238 1650 759 1730 lasanctium
826 1653 1086 1731 Vives
1134 1676 1191 1752 y
1244 1653 1462 1732 Tuto
1515 1656 1600 1732 et
1650 1653 2012 1732 Felicem
2069 1652 2524 1754 Cavagnis,
2583 1653 2759 1754 qui,
2820 1653 3235 1731 referente

236 1793 537 1871 eodem
567 1793 878 1874 dilecto
907 1794 1083 1874 filio
1123 1793 1427 1874 Nostro
1460 1795 1711 1874 Petro
1753 1795 1831 1874 S.
1867 1795 1970 1874 R.
2010 1796 2100 1872 E.
2145 1794 2585 1875 Cardinali
2623 1795 3047 1897 Gasparri,
3089 1816 3233 1895 pa-

238 1936 473 2039 ratos
522 1958 891 2016 canones
933 1938 1383 2039 diligenter
1435 1938 2058 2040 perpenderent
2107 1944 2437 2038 eosque,
2492 1934 2812 2015 iudicio
2854 1959 3029 2028 suo,
3080 1936 3233 2013 im-

242 2082 704 2169 mutarent,
738 2081 1316 2171 emendarent,
1354 2081 1830 2181 expolirent
1860 2082 1912 2157 ².
1951 2079 2169 2158 Cum
2197 2081 2485 2157 autem
2512 2078 2892 2178 quinque
2921 2078 2986 2155 ii
3015 2077 3227 2166 Viri,

237 2219 462 2297 alius
505 2240 611 2297 ex
647 2220 835 2311 ali0,
873 2219 1301 2312 obiissent,
1343 2223 1436 2300 in
1480 2243 1774 2300 eorum
1809 2220 2092 2300 locum
2130 2220 2466 2299 suffecti
2505 2221 2709 2297 sunt
2742 2218 3033 2298 dilecti
3079 2218 3234 2296 filii

240 2357 528 2438 Nostri
558 2359 643 2438 S.
688 2361 787 2439 R.
824 2361 920 2438 E.
964 2360 1461 2441 Cardinales
1501 2362 2008 2441 Vincentius
2043 2360 2568 2452 Vannutelli,
2609 2360 3069 2439 Caietanus
3110 2361 3233 2438 De

236 2502 420 2591 Lai,
458 2501 1011 2583 Sebastianus
1039 2504 1533 2594 Martinelli,
1572 2504 1944 2583 Basilius
1976 2503 2371 2603 Pompili,
2411 2501 2872 2599 Caietanus
2903 2501 3226 2591 Bisleti,

239 2642 718 2722 Gulielmus
770 2668 939 2722 van
1004 2647 1395 2736 Rossum,
1466 2646 1924 2747 Philippus
1976 2644 2352 2723 Giustini
2414 2646 2499 2723 et
2549 2643 2919 2722 Michael
2973 2642 3224 2744 Lega,

240 2784 394 2882 qui
430 2784 940 2864 mandatum
985 2786 1148 2865 sibi
1185 2788 1623 2888 negotium
1668 2788 1996 2889 egregie
2035 2791 2618 2890 expleverunt.

442 2927 903 3019 Postremo,
954 2927 1504 3029 prudentiam
1548 2930 2311 3038 auctoritatemque
2354 2933 2855 3011 cunctorum
2904 2932 2997 3010 in
3040 2932 3229 3033 Epi-

232 3072 588 3171 scopatu
625 3070 1244 3150 venerabilium
1285 3072 1679 3150 Fratrum
1712 3073 2026 3150 iterum
2059 3074 2534 3174 exquirens,
2569 3076 2677 3152 ad
2720 3075 2949 3177 ipsos
2988 3075 3227 3152 item-

233 3231 400 3308 que
467 3210 578 3290 ad
644 3233 937 3291 omnes
999 3212 1554 3314 Regularium
1632 3213 2053 3293 Ordinum
2118 3215 2578 3307 PraelatoS,
2649 3219 3072 3317 quotquot
3119 3218 3228 3295 ad

235 3353 896 3432 Oeoumenicum
923 3354 1399 3433 Concilium
1427 3355 1803 3453 legitime
1826 3357 2114 3435 vocari
2139 3359 2437 3447 solent,
2469 3358 2673 3436 novi
2695 3357 3032 3437 Codicis
3057 3357 3232 3437 iam

235 3496 547 3597 digesti
595 3502 681 3575 et
728 3498 1142 3589 adornati,
1212 3500 1675 3599 antequam
1750 3499 2453 3600 promulgaretur,
2525 3499 2862 3601 singula
2911 3500 3022 3579 ad
3064 3501 3229 3578 sin-

232 3638 479 3736 gulos
518 3639 1040 3739 exemplaria
1075 3640 1305 3718 mitti
1344 3640 1618 3731 iussit,
1670 3643 1767 3719 ut
1805 3662 2005 3719 suas
2045 3641 2406 3740 quisque
2449 3640 3231 3719 animadversiones

241 3780 333 3855 in
365 3784 711 3880 paratos
742 3803 1111 3860 canones
1141 3783 1401 3861 libere
1432 3784 2010 3885 patefacerent
2043 3787 2100 3862 ².

438 3924 781 4015 Verum,
819 3946 1014 4002 cum
1056 3928 1383 4005 interea
1414 3928 1924 4005 immortalis
1966 3930 2422 4008 memoriae
2460 3930 2865 4009 Decessor
2910 3931 3227 4021 Noster,

232 4062 813 4163 complorante
846 4066 1285 4145 Catholico
1320 4068 1536 4145 Orbe
1563 4068 1986 4159 universo,
2018 4070 2121 4147 de
2149 4070 2335 4149 vita
2364 4071 2879 4162 decessisset,
2911 4072 3001 4149 id
3035 4093 3229 4150 con-

231 4206 434 4307 tigit
465 4205 747 4298 Nobis,
790 4208 1401 4288 Pontificatum
1442 4214 1762 4290 secreto
1798 4212 1955 4289 Dei
1991 4211 2343 4291 consilio
2377 4211 2896 4304 ineuntibus,
2944 4217 3044 4293 ut
3080 4213 3228 4291 Ec·

231 4348 537 4427 clesiae
587 4351 1046 4429 Nobiscum
1095 4353 1477 4430 docentis
1518 4353 1639 4431 sic
1677 4354 2057 4455 undique
2099 4353 2450 4432 collecta
2492 4353 2903 4455 suffragia
2940 4353 3227 4433 debito

231 4512 429 4569 cum
470 4491 787 4571 honore
826 4495 1428 4597 exciperemus.
1475 4496 1698 4573 Tum
1743 4496 2116 4588 demum,
2168 4519 2489 4576 novum
2531 4498 2796 4576 totius
2835 4497 3226 4576 canonici

232 4633 445 4712 iuris
479 4634 900 4726 Codicem,
940 4637 1115 4715 iam
1156 4639 1487 4739 pridem
1521 4639 1831 4742 inipso
1866 4639 2247 4719 Concilio
2282 4640 2700 4719 Vaticano
2742 4665 2796 4721 a
2832 4640 3224 4741 pluribus

234 4797 671 4854 sacrorum
722 4779 1281 4857 Antistitibus
1331 4781 1827 4882 expetitum,
1884 4786 1969 4861 et
2032 4781 2342 4861 abhinc
2405 4782 2854 4861 duodecim
2908 4782 3224 4861 solidos

231 4939 503 4996 annos
534 4918 1056 5011 inchoatum,
1093 4921 1183 4998 in
1217 4943 1510 5000 omnes
1551 4946 1750 5003 suas
1788 4927 2074 5025 partes
2107 4925 2775 5026 recognovimus,
2815 4927 3224 5028 approba-

232 5061 540 5150 vimus,
583 5064 865 5140 ratum
905 5061 1388 5143 habuimus.

438 5346 455 5376 ¹
500 5343 599 5411 Cf.
647 5348 833 5413 Motu
865 5350 1150 5432 proprio
1197 5375 1229 5410 «
1259 5354 1576 5418 Arduum
1615 5375 1784 5419 sane
1813 5380 1871 5418 ».

438 5463 460 5496 ³
502 5458 603 5526 Cf.
644 5463 1018 5545 Epistulam
1062 5490 1096 5523 α
1132 5469 1226 5532 Do
1266 5471 1590 5534 mandato
1621 5495 1655 5528 ι»
1699 5469 1808 5535 die
1848 5471 1932 5535 ΞΟ
1974 5472 2194 5537 Martii
2239 5472 2415 5537 1912.
