3753 5871
1206 341 1377 389 Liber
1407 338 1710 390 Secundus
1752 366 1771 375 -
1805 338 1893 387 De
1927 338 2200 388 Per-sonis
3090 337 3192 394 107

213 532 463 600 bendis
507 533 795 614 uniant,
839 533 978 614 vel,
1024 533 1088 598 si
1139 533 1275 600 hac
1318 534 1606 598 ratione
1649 531 2022 616 provideri
2064 548 2208 597 non
2255 531 2514 614 possit,
2558 530 2933 614 aliquibus
2985 548 3186 614 prae·

211 638 461 707 bendis
505 640 946 725 suppressis,
982 658 1148 707 cum
1187 644 1668 723 patronorum
1714 657 2101 722 consensu,
2142 639 2206 705 si
2251 638 2342 705 de
2378 639 2541 705 iure
2579 642 3023 722 patronatus
3059 638 3187 704 lai·

208 764 455 813 corum
525 748 701 829 sint,
771 766 1082 833 quarum
1157 748 1452 814 fructus
1496 751 1571 814 et
1616 752 2018 832 proventus
2086 747 2535 831 reliquarum
2605 746 3190 830 praebendarum

204 857 854 925 distributionibus
899 858 1352 943 quotidianis
1394 857 1892 942 applicentur,
1937 874 2064 923 eas
2104 856 2198 923 ad
2244 855 2599 921 minorem
2654 870 3037 919 numerum
3083 871 3186 919 re·

203 966 503 1049 ducant,
537 967 648 1035 ita
670 971 917 1034 tamen
948 970 1033 1033 ut
1055 970 1168 1035 tot
1192 967 1593 1050 supersint,
1623 972 1802 1049 quot
1825 958 2079 1032 divino
2104 964 2343 1030 cultui
2373 961 2812 1031 celebrando
2842 979 2928 1028 ac
2953 961 3185 1044 digni·

204 1076 343 1144 tati
375 1076 722 1143 ecclesiae
756 1074 1130 1143 commode
1161 1074 1654 1158 respondeant
1688 1073 1737 1140 ¹.

1494 1269 1671 1337 CAN.
1717 1268 1870 1335 395.

384 1409 418 1491 ξ
464 1411 531 1475 1.
582 1409 674 1475 In
735 1407 1061 1475 ecclesiis
1131 1412 1285 1474 tam
1355 1405 1907 1473 cathedralibus
1969 1423 2188 1489 quam
2251 1404 2761 1492 collegialibus
2801 1405 2882 1470 in
2928 1405 3193 1488 quibus

205 1517 454 1585 nullae
486 1522 665 1586 sunt
706 1516 1182 1602 quotidianae
1212 1514 1778 1582 distributiones
1812 1514 1930 1581 vel
1965 1514 2075 1581 ita
2111 1518 2369 1581 tenues
2414 1497 2499 1581 ut
2534 1512 3037 1580 verisimiliter
3073 1532 3189 1580 ne·

204 1625 611 1709 gligantur,
652 1623 1005 1709 Episcopi
1067 1624 1366 1690 tertiam
1424 1627 1716 1706 partem
1788 1626 2133 1705 separent
2202 1622 2610 1702 fructuum,
2677 1626 3190 1705 proventuum,
3279 1629 3282 1638 ⁴

204 1732 723 1800 obventionum
770 1750 956 1816 quae
996 1751 1085 1798 ex
1134 1731 1654 1816 dignitatibuS,
1698 1730 2285 1813 canonicatibus,
2333 1727 2589 1797 officiis
2633 1729 2948 1814 aliisque
2989 1729 3195 1799 illius

205 1839 556 1907 ecclesiae
605 1839 978 1907 beneficiis
1029 1839 1547 1923 percipiuntur
1608 1844 1685 1907 et
1739 1839 1815 1904 in
1867 1838 2438 1905 distributiones
2494 1837 2968 1921 quotidianas
3021 1854 3184 1911 con·

203 1949 503 2015 vertant
544 1946 596 2014 ².
1927 2001 1932 2010 .

382 2053 416 2135 ξ
464 2053 529 2119 2.
584 2055 665 2120 Si
691 2053 1255 2121 distributiones
1283 2052 1541 2137 quavis
1572 2053 1663 2120 de
1695 2071 1922 2119 causa
1948 2053 2324 2120 introduci
2353 2059 2744 2137 nequeant,
2784 2053 3196 2136 Episcopus

205 2163 283 2229 in
326 2162 758 2247 dignitates,
800 2162 1195 2228 canonicos
1243 2179 1330 2227 ac
1374 2160 1878 2228 beneficiarios
1920 2161 2374 2246 negligentes
2417 2161 2886 2244 pecuniarias
2925 2162 3191 2232 consti·

202 2274 373 2337 tuat
392 2271 736 2350 mulctas,
771 2287 955 2354 quae
976 2269 1628 2335 distributionibus
1653 2268 2146 2353 respondeant
2174 2287 2571 2353 earumque
2602 2269 2841 2335 locum
2866 2273 3191 2336 teneant.

379 2377 411 2458 ἓ
457 2377 526 2444 3.
578 2376 1161 2444 Distributiones
1200 2378 1474 2445 cedunt
1506 2376 2014 2461 diligentibus,
2054 2378 2313 2461 quavis
2343 2378 2748 2444 collusione
2782 2381 2916 2443 aut
2952 2377 3194 2443 remis-

204 2485 412 2552 sione
452 2485 772 2567 exclusa;
819 2485 883 2552 si
922 2503 1096 2551 vero
1148 2484 1553 2569 dignitates
1607 2484 1927 2551 habeant
1971 2489 2372 2567 proventus
2414 2504 2461 2551 a
2512 2503 2758 2550 massa
2802 2505 2930 2552 seu
2985 2486 3195 2552 bonis

199 2596 723 2662 canonicorum
761 2594 1090 2661 diversos
1126 2600 1202 2662 et
1237 2598 1644 2677 separatos,
1680 2593 2247 2661 distributiones
2290 2594 2384 2660 ab
2420 2594 2528 2661 eis
2570 2593 2886 2659 amissae
2923 2593 3196 2660 cedunt

202 2701 378 2768 aliis
414 2701 910 2785 dignitatibus
949 2700 1487 2785 praesentibus,
1540 2701 1605 2767 si
1654 2700 1931 2782 adsint,
1975 2719 2184 2767 secus
2226 2700 2554 2767 fabricae
2594 2701 2966 2784 ecclesiae,
3025 2718 3190 2784 qua-

203 2811 423 2875 tenus
456 2808 816 2892 indigeat,
857 2814 991 2875 aut
1024 2808 1157 2874 alii
1193 2809 1316 2893 pio
1350 2809 1535 2890 loco,
1574 2808 1925 2892 Episcopi
1961 2808 2278 2875 arbitrio
2316 2808 2368 2874 ³.

385 2915 418 2998 ξ
465 2917 531 2982 4.
582 2917 697 2984 Ab
717 2934 1171 3001 ,unoquoque
1215 2915 1591 3000 capitulo,
1642 2916 2041 2984 secundum
2081 2934 2216 2983 sua
2252 2916 2608 3001 cuiusque
2649 2919 2962 2997 statuta,
3006 2933 3198 2982 unus

201 3025 317 3091 vel
365 3025 620 3108 plures
653 3043 1017 3106 censoreS,
1059 3043 1185 3092 seu
1228 3029 1706 3108 puncta-tores
1744 3027 2243 3107 nominentur,
2289 3026 2415 3109 qui
2462 3026 2802 3093 absentes
2839 3044 2884 3091 a
2923 3024 3197 3092 divinis

203 3131 465 3199 officiis
502 3132 831 3215 quotidie
865 3137 1148 3214 notent,
1186 3133 1549 3217 praestito
1591 3133 1800 3217 prius
1840 3150 2089 3200 coram
2123 3132 2477 3216 Ga-pitulo
2509 3133 2626 3199 vel
2660 3132 2820 3199 eius
2864 3132 3198 3216 praeside

203 3238 689 3306 iureiurando
735 3239 827 3306 de
872 3259 1008 3307 suo
1054 3258 1354 3307 munere
1401 3240 1721 3307 fideliter
1768 3241 2121 3323 obeund03
2183 3241 2448 3324 quibus
2506 3240 2920 3326 Episcopus
2967 3242 3195 3307 alium

198 3349 475 3417 addere
512 3351 759 3433 potest
793 3352 1329 3432 punctatorem3
1363 3349 1555 3433 quod
1588 3349 1652 3415 si
1682 3340 2062 3417 abfuerint
2092 3352 2598 3432 punctatores,
2632 3348 2879 3416 senior
2908 3368 2949 3416 e
2982 3365 3192 3416 cano·

203 3455 397 3522 nicis
437 3457 563 3539 qui
604 3455 902 3529 adsunt,
944 3456 1242 3523 illorum
1291 3455 1487 3523 vices
1529 3456 1873 3540 suppleat
1914 3456 1965 3522 ⁴.

394 3734 417 3768 ¹
454 3733 518 3784 C.
550 3733 633 3794 33,
665 3735 732 3793 X,
766 3736 837 3783 de
869 3732 1218 3794 praebendis
1253 3738 1313 3784 et
1342 3734 1752 3803 divnitatibus,
1785 3735 1901 3790 111.
1940 3736 1990 3797 5;
2018 3734 2191 3787 Cone.
2225 3736 2514 3797 Trident„
2548 3749 2689 3789 sess.
2731 3738 2930 3799 XXIV,
2965 3741 3035 3789 de
3065 3738 3198 3797 ret„

206 3835 257 3874 c.
300 3824 386 3882 13,
420 3822 502 3884 15;
533 3822 590 3875 S.
626 3823 690 3875 0.
726 3823 813 3882 0.,
848 3822 1271 3882 Pampilonen„
1301 3824 1367 3875 20
1404 3835 1559 3884 nov„
1591 3826 1624 3874 4
1656 3823 1780 3875 dec.
1813 3824 1961 3885 1723;
2003 3824 2407 3884 Caesenaien„
2442 3827 2507 3884 11
2537 3830 2598 3878 et
2638 3826 2702 3877 25
2738 3830 2884 3887 sept.
2922 3827 3067 3887 1728:
3096 3826 3200 3876 Ζα-

207 3923 455 3967 ηιονεπ..
486 3913 551 3963 29
574 3915 773 3971 mart..
800 3914 865 3964 19
887 3924 1015 3973 apr.
1042 3912 1189 3974 1738ς
1216 3912 1529 3971 F'esulana,
1554 3914 1619 3964 13
1653 3913 1769 3964 lan.
1797 3913 1945 3974 1816;
1975 3912 2384 3973 Volaterrana,
2409 3914 2442 3966 5
2474 3913 2596 3966 dec.
2626 3915 2774 3976 1846,
2802 3916 2866 3967 23
2899 3918 3017 3967 lan.
3050 3915 3196 3967 1847.

383 4002 413 4039 ²
453 4001 624 4053 Cone.
663 4000 951 4060 Trident„
991 4013 1133 4053 sess.
1178 3999 1326 4061 XXI,
1363 4002 1433 4051 de
1467 4001 1602 4061 ret„
1644 4013 1694 4052 c.
1727 4002 1776 4064 3;
1809 4014 1952 4054 sess.
1993 4003 2173 4063 XXII,
2211 4006 2282 4053 de
2325 4003 2459 4062 ret„
2493 4015 2543 4054 c.
2576 4004 2624 4065 33
2661 4004 3014 4057 Benedictus
3047 4006 3198 4064 XIV,

204 4095 397 4143 const.
433 4107 463 4139 α
497 4090 586 4141 Ad
622 4090 945 4141 militantis
977 4106 1025 4151 ι,
1058 4091 1126 4142 30
1155 4094 1330 4142 mart.
1369 4090 1516 4148 1742.
1554 4091 1581 4152 ς
1617 4091 1698 4151 29;
1735 4091 1793 4143 S.
1825 4091 1889 4142 0.
1927 4092 2031 4153 Ep.
2075 4095 2139 4143 et
2169 4091 2333 4153 Reg..
2372 4092 2695 4151 Ramesina,
2740 4092 2804 4145 25
2837 4097 3009 4145 mart.
3056 4093 3201 4155 158&

208 4179 525 4236 Fundana,
551 4181 617 4231 15
643 4180 791 4231 febr.
825 4181 973 4240 1593,
1000 4179 1077 4231 ad
1102 4182 1151 4240 13
1184 4178 1661 4238 castellaneien„
1685 4181 1751 4231 15
1778 4193 1909 4231 nov.
1938 4181 2086 4241 1596,
2122 4181 2199 4232 ad
2224 4183 2274 4242 1;
2301 4181 2357 4233 S.
2388 4181 2454 4233 0.
2490 4182 2577 4241 0.,
2608 4182 2953 4239 [cossam-n„
2979 4182 3043 4233 15
3072 4194 3197 4242 apr.

206 4268 359 4329 1502:
391 4267 630 4325 Aesina,
660 4269 725 4318 24
757 4269 876 4319 lan.
917 4268 1063 4329 1632,
1098 4268 1176 4320 ad
1206 4268 1255 4326 2:
1287 4268 1610 4326 Oenonen„
1651 4270 1717 4320 19
1749 4270 1889 4329 ian„
1926 4269 1960 4319 2
1990 4272 2136 4328 sept.
2169 4269 2317 4331 1647;
2355 4267 2693 4329 Νουαν·ἰεη.,
2714 4272 2760 4322 ,9
2791 4272 2910 4321 lan.
2954 4270 3100 4322 1666.

391 4361 419 4397 ³
460 4357 524 4408 C.
565 4357 648 4412 32.
687 4337 873 4417 Χ,ἀο
909 4357 1257 4417 praebendis
1295 4362 1354 4408 ei
1401 4357 1810 4417 dianna-tibus,
1850 4357 1966 4417 ΙΙΙ,
2007 4358 2058 4419 5;
2091 4370 2141 4409 c.
2192 4358 2275 4412 15.
2315 4360 2386 4409 de
2424 4359 2749 4418 rescriptis,
2791 4360 2840 4418 1,
2888 4359 2937 4419 3,
2979 4359 3042 4410 in
3080 4359 3204 4420 VI⁰;

206 4458 256 4497 c.
293 4459 419 4504 un..
451 4448 522 4496 de
552 4445 782 4496 clericis
817 4458 933 4496 non
961 4445 1357 4497 residentibus
1391 4447 1449 4496 in
1478 4447 1724 4498 eeclesia
1762 4448 1854 4497 vel
1887 4447 2239 4507 praebenda,
2274 4448 2390 4508 ΙΙΙ,
2421 4447 2473 4508 3,
2514 4448 2576 4498 ln
2609 4446 2736 4510 V1⁰;
2763 4460 2813 4499 c.
2856 4448 2935 4508 24,
2971 4451 3042 4499 de
3077 4460 3201 4498 sen-

212 4536 407 4586 tentia
463 4536 1107 4593 excommunicationis,
1157 4536 1559 4596 suspensionis
1621 4539 1681 4586 et
1732 4535 2056 4595 interdicti,
2110 4536 2180 4598 V,
2244 4538 2327 4597 11,
2383 4537 2444 4587 in
2499 4537 2626 4598 V103
2674 4537 2847 4588 Cone.
2911 4536 3199 4597 Trident„

208 4637 358 4677 sess.
386 4625 536 4684 XXI,
565 4628 636 4675 de
661 4625 797 4684 ret„
828 4637 878 4676 c.
908 4625 957 4686 3;
981 4637 1124 4677 sess.
1155 4625 1335 4684 XXII,
1374 4627 1445 4675 de
1469 4625 1604 4685 ret„
1633 4637 1684 4677 c.
1713 4626 1762 4687 3;
1795 4638 1939 4677 sess.
1969 4626 2168 4686 XXIV,
2199 4628 2270 4676 de
2303 4627 2439 4686 ret„
2467 4637 2518 4677 c.
2552 4626 2633 4686 12;
2664 4625 3019 4677 Benedictus
3048 4626 3198 4685 XIV,

205 4726 302 4773 ep.
350 4729 379 4762 ι
418 4712 734 4763 Praeclara
779 4729 828 4772 ι,
864 4715 931 4766 19
968 4715 1086 4765 lan.
1135 4713 1282 4775 1748,
1323 4714 1351 4774 ξ
1390 4713 1440 4776 8;
1479 4714 1537 4766 S.
1585 4714 1651 4766 C.
1695 4715 1799 4774 Ep.
1838 4718 1902 4766 et
1940 4715 2104 4775 Reg„
2156 4714 2424 4774 Gallien„
2464 4714 2530 4766 12
2568 4715 2685 4765 lan.
2718 4716 2864 4776 1577;
2893 4713 3199 4772 Fundana,

206 4805 276 4854 11
305 4792 443 4862 aug.
475 4802 622 4863 1579;
652 4803 711 4854 S.
744 4802 808 4854 0.
841 4802 929 4862 0.,
969 4801 1237 4852 caurien.
1296 4804 1331 4855 6
1357 4815 1487 4854 nov.
1522 4803 1669 4865 1621;
1704 4805 1769 4854 14
1798 4804 1920 4855 dec.
1957 4804 2103 4863 1624:
2133 4803 2430 4863 caurien„
2469 4804 2534 4856 23
2564 4816 2714 4865 apr„
2745 4804 2778 4855 7
2815 4804 2976 4863 mall,
3010 4805 3042 4854 4
3077 4804 3180 4854 lun

205 4892 363 4952 1701;
393 4891 746 4949 aeramen„
780 4893 845 4942 22
876 4892 1025 4944 febr.
1060 4892 1208 4952 1915,
1242 4892 1318 4944 ad
1360 4893 1411 4953 1;
1443 4892 1502 4944 S.
1536 4891 1605 4943 R.
1638 4893 1726 4953 0.,
1769 4892 2127 4952 Eoiianien„
2164 4894 2229 4945 23
2260 4905 2391 4944 nov.
2424 4893 2571 4953 1602,
2608 4893 2686 4944 ad
2718 4893 2767 4954 5;
2803 4891 3200 4950 Brundusina,

206 4982 278 5033 16
316 4981 421 5032 iul.
455 4980 601 5041 1605;
631 4980 904 5038 Tranen„
935 4981 999 5031 24
1031 4984 1177 5040 sept.
1210 4981 1356 5042 1605;
1388 4980 1782 5041 Fnioinaien„
1822 4983 1889 5034 14
1920 4982 2040 5033 lun.
2077 4981 2224 5043 1608;
2257 4980 2551 5032 Asculana
2592 4982 2655 5031 in
2688 4981 2920 5041 Apulia,
2953 4982 2986 5032 6
3025 4985 3197 5033 mart.

206 5070 364 5130 1⁶10:
392 5068 745 5128 Nieoieren„
778 5070 844 5120 17
878 5082 1011 5121 nov.
1042 5070 1191 5130 1646,
1223 5070 1299 5122 ad
1338 5072 1386 5131 1;
1416 5068 1774 5129 Neritonen„
1808 5071 1873 5122 20
1901 5083 2033 5122 nov.
2075 5070 2220 5133 1662;
2253 5069 2569 5128 Asculano,
2598 5070 2665 5122 30
2695 5084 2828 5132 aug.
2861 5071 3007 5131 1664,
3041 5070 3120 5121 ad
3149 5071 3200 5130 3,

204 5159 261 5218 8:
298 5150 709 5217 Volaterrana,
735 5160 802 5211 10
827 5171 952 5220 apr.
981 5159 1128 5220 1666,
1159 5153 1237 5212 a‘d
1261 5161 1310 5221 53
1337 5159 1686 5218 Mantuano,
1722 5161 1784 5211 21
1812 5164 1987 5212 mart.
2020 5160 2167 5222 1676;
2193 5159 2526 5218 Tiburtina,
2563 5160 2628 5212 23
2655 5164 2828 5212 mart.
2859 5159 3005 5221 1686ς
3042 5157 3199 5209 Alta-

207 5258 389 5297 mnra
428 5245 663 5298 Nullius
699 5247 1044 5299 Provinciae
1089 5248 1326 5306 Bar-en„
1361 5249 1426 5300 20
1463 5250 1565 5300 iul.
1613 5249 1760 5309 1686,
1798 5249 1876 5301 ad
1914 5249 1963 5310 7;
1999 5248 2285 5308 Romana,
2332 5249 2397 5301 12
2435 5249 2536 5301 iul.
2575 5248 2724 5310 1892,
2764 5249 2838 5300 ad
2874 5249 3039 5300 XIII.

393 5340 426 5377 ⁴
462 5337 520 5387 S.
556 5336 620 5387 C.
661 5338 765 5396 Ep.
809 5340 873 5390 et
904 5337 1066 5398 Reg..
1107 5337 1414 5395 Fundana,
1451 5340 1515 5389 15
1552 5339 1701 5389 febr.
1734 5339 1882 5399 1593,
1928 5338 2008 5390 ad
2039 5340 2088 5401 1;
2134 5337 2614 5427 Gasieffianeten„
2651 5338 2715 5390 20
2749 5351 2879 5399 aug.
2920 5337 3065 5398 1602;
3100 5336 3204 5395 Ly-

205 5427 389 5483 οισι,
431 5425 496 5477 22
530 5427 649 5478 ian.
684 5427 830 5486 1605:
862 5425 1273 5486 Mediolanen„
1310 5428 1344 5478 9
1374 5432 1547 5480 mart.
1587 5428 1733 5489 1619;
1776 5427 2106 5486 Pisauren„
2141 5430 2207 5481 19
2247 5440 2379 5479 nov.
2420 5427 2567 5489 16493
2604 5427 2662 5480 S.
2696 5428 2759 5479 0.
2790 5428 2878 5487 0.,
2919 5425 3204 5475 Briciino·

202 5516 387 5572 nen„
421 5514 487 5565 22
528 5527 660 5566 nov.
698 5515 829 5567 1828
