3753 5871
607 288 717 346 542
1742 291 1940 343 Ooaoo
1985 292 2146 344 [ur-1⁸
2186 293 2466 345 Οωιοηίοί

786 478 821 558 §
865 475 933 543 2.
984 477 1077 543 In
1131 496 1381 545 eorum
1446 479 1778 548 examine
1842 487 2082 550 servet
2137 482 2559 568 inquisitor,
2598 489 2956 569 quantum
3011 483 3172 553 fieri
3229 490 3451 571 potest
3481 494 3533 554 et

610 589 884 653 natura
912 586 1421 672 inquisitionis
1454 588 1768 672 patitur,
1801 591 2095 672 regulas
2123 595 2449 659 statutas
2476 591 2555 659 in
2585 610 2750 660 can.
2788 592 3159 660 1770·1781
3198 590 3252 657 ¹.

1892 766 2069 851 ΟᾼΝ.
2102 767 2298 834 1945.

781 885 1214 971 Inquisitor,
1246 893 1643 973 antequam
1673 889 2229 974 inquisitionem
2260 892 2589 976 claudat,
2625 896 2871 977 potest
2907 893 3347 977 promotoris
3374 893 3539 959 iusti·

610 994 760 1061 tiae
815 995 1202 1063 consilium
1263 997 1645 1082 exquirere
1695 999 1981 1082 quoties
2028 1000 2107 1066 in
2154 1001 2481 1085 aliquam
2528 999 3037 1068 difficultatem
3084 1000 3441 1068 inciderit.
3479 1006 3537 1065 et

606 1122 774 1170 cum
806 1123 891 1172 eo
915 1111 1084 1173 acta
1110 1107 1672 1174 communicare.

1896 1215 2072 1283 CAN.
2106 1216 2300 1283 1946.

785 1337 818 1419 ¹5
866 1339 931 1404 1.
981 1338 1304 1421 Expleta
1355 1339 1860 1424 inquisitione,
1917 1340 2341 1425 inquisitor,
2398 1341 2658 1408 addito
2717 1341 3073 1426 suffragio
3127 1360 3287 1423 suo,
3343 1341 3542 1407 omnia

611 1447 888 1516 referat
920 1447 1016 1515 ad
1061 1446 1566 1514 Ordinarium.

781 1552 814 1636 ξ
861 1553 928 1619 2.
978 1555 1425 1622 ordinarius
1465 1555 1582 1623 vel
1622 1556 1715 1624 de
1767 1556 1928 1623 eius
1983 1556 2287 1640 speciali
2332 1555 2687 1625 mandato
2729 1556 3059 1624 officialis
3115 1575 3250 1624 suo
3296 1557 3548 1625 decreto

603 1684 682 1731 iu
1005 1685 1022 1729 ε

685 1664 978 1838 befltllilf
1010 1771 1093 1838 Si
1140 1775 1504 1856 appareat
1548 1772 2186 1841 denuntiationem
2252 1772 2489 1840 solido
2536 1773 3024 1840 fundamento
3073 1791 3230 1840 esse
3278 1772 3542 1840 destitu-

603 1884 784 1961 tam,
828 1879 904 1947 id
944 1880 1364 1948 declaretur
1399 1879 1480 1946 iu
1521 1881 1711 1949 actis
1749 1883 1826 1949 et
1870 1885 2039 1949 acta
2080 1881 2244 1966 ipsa
2291 1882 2370 1947 iu
2411 1885 2693 1949 secreto
2737 1881 3011 1949 Curiae
3048 1881 3351 1947 archivo
3386 1896 3546 1962 repo

604 1990 901 2054 uantur·

860 2036 959 2161 2’:
1004 2095 1085 2163 Si
1112 2095 1391 2163 iudicia
1424 2096 1760 2164 criminis
1787 2073 2224 2177 habeantur,
2265 2097 2391 2165 sed
2421 2097 2744 2164 noudum
2776 2095 3216 2164 sufficientia
3242 2096 3340 2163 ad
3373 2110 3543 2160 accu-

604 2201 957 2269 satoriam
984 2202 1348 2270 actionem
1377 2203 1937 2284 instituendam,
1969 2209 2136 2271 acta
2173 2204 2251 2270 in
2281 2204 2529 2272 eodem
2558 2205 2861 2271 archivo
2889 2208 3276 2271 serventur
3303 2208 3378 2271 et
3402 2202 3546 2269 invi·

602 2307 877 2394 giletur
903 2309 1202 2377 interim
1241 2310 1566 2376 moribus
1597 2311 1974 2394 imputati,
2018 2313 2142 2396 qui
2176 2330 2314 2395 pro
2342 2313 2689 2395 prudenti
2723 2312 3104 2379 Ordinarii
3138 2312 3415 2379 iudicio
3439 2309 3552 2377 erit

602 2419 1017 2500 opportune
1054 2435 1276 2502 super
1323 2438 1400 2485 re
1437 2419 1873 2501 audiendus,
1915 2423 2015 2499 et,
2055 2421 2119 2487 si
2155 2439 2373 2487 casus
2410 2421 2632 2501 ferat,
2674 2421 3079 2503 monendus
3115 2420 3208 2486 ad
3255 2435 3549 2486 normam

600 2541 764 2589 can.
809 2522 1003 2591 2307·

857 2634 956 2702 3.⁰
985 2573 1084 2702 ’si
1128 2635 1444 2719 denique
1477 2640 1684 2703 certa
1724 2636 1841 2703 vel
1880 2636 2142 2703 saltem
2183 2635 2595 2720 probabilia
2633 2641 2709 2704 et
2746 2635 3184 2702 sufficientia
3230 2635 3329 2702 ad
3374 2649 3547 2700 accu-

602 2744 960 2812 sationem
1001 2743 1535 2811 instituendam
1584 2749 2026 2829 argumenta
2061 2749 2359 2829 praesto
2397 2744 2574 2825 sint,
2615 2745 2892 2811 citetur
2932 2762 3101 2812 reus
3144 2743 3244 2810 ad
3293 2758 3548 2825 compa·

602 2853 907 2921 rendum
943 2856 1019 2920 et
1051 2853 1495 2934 procedatur
1527 2854 1623 2920 ad
1660 2853 2021 2921 ulteriora
2060 2854 2153 2920 ad
2192 2871 2521 2920 normam
2561 2870 2927 2920 canonum
2974 2853 3097 2937 qui
3141 2856 3548 2937 sequuntur.

1867 3124 2124 3193 CAPUT
2144 3123 2293 3190 ΙΙΙ.

1499 3248 1610 3316 De
1659 3250 2120 3334 correptione
2160 3248 2682 3333 delinquentis.

1895 3446 2073 3514 CAN.
2102 3445 2297 3512 1947.

772 3574 854 3641 Si
887 3591 1056 3640 reus
1088 3573 1593 3655 interrogatus
1624 3570 1977 3639 delictum
2015 3569 2484 3658 confiteatur,
2522 3568 2991 3650 ordinarius,
3035 3568 3196 3634 loco
3236 3566 3548 3634 crimina-

2000 3678 2406 3695 .....

1811 3811 1828 3832 Ι
1875 3860 2053 3928 CAN.
2088 3860 2281 3927 1948.

766 3987 1158 4071 Correptio
1201 3985 1574 4055 iudicialis
1621 3987 1858 4053 locum
1898 3985 2165 4054 habere
2203 3986 2502 4070 nequit:

847 4099 942 4162 1.⁰
989 4097 1075 4163 In
1123 4096 1417 4164 delictis
1471 4113 1656 4180 quae
1697 4113 2005 4179 poena-m
2051 4094 2552 4162 secumserunt
2597 4089 3387 4160 excommunicationis
3428 4102 3547 4169 spe*

589 4207 993 4274 cialissimo
1025 4206 1140 4273 vel
1179 4205 1482 4289 speciali
1516 4204 1729 4272 modo
1771 4203 1945 4272 Sedi
1977 4202 2450 4287 Apostolicae
2482 4205 2924 4283 reservatae,
2959 4203 3092 4267 aut
3131 4194 3549 4282 privationis

592 4315 948 4397 beneficii,
1000 4314 1373 4396 infamiae,
1411 4313 1896 4398 depositionis
1929 4317 2064 4382 aut
2096 4310 2675 4398 degradationis3

848 4426 944 4491 2.⁰
990 4424 1304 4504 Quando
1337 4424 1588 4507 agitur
1628 4424 1718 4491 de
1748 4423 2057 4489 ferenda-
2099 4420 2467 4489 sententia
2499 4417 2998 4488 declaratoria
3031 4435 3318 4502 poenae
3350 4410 3544 4483 vindi·

590 4536 879 4603 cativae
917 4534 1031 4601 vel
1062 4551 1418 4600 censurae
1456 4534 1535 4599 in
1568 4550 1783 4616 quam
1818 4532 1985 4616 quis
2017 4530 2385 4613 inciderit3

841 4644 939 4712 3.⁰
984 4643 1297 4722 Quando
1320 4641 1764 4709 ordinarius
1790 4638 2167 4708 existimet
2186 4656 2347 4706 eam
2375 4655 2521 4704 nou
2544 4636 2873 4705 sufficere
2896 4634 3366 4718 reparationi
3386 4647 3545 4700 scan-

590 4754 744 4821 dali
783 4759 858 4821 et
892 4753 1353 4821 restitutioni
1385 4749 1742 4818 iustitiae.

1876 4859 2053 4926 om.
2091 4857 2286 4924 1949.

766 4990 799 5072 §
848 4991 913 5056 1.
964 4987 1435 5071 Correptioni
1476 4987 1681 5053 locus
1714 5003 1869 5052 esse
1909 4987 2156 5068 potest
2185 4983 2407 5051 semel
2439 4987 2515 5050 et
2546 4982 2842 5061 iterum,
2882 4997 3027 5047 non
3066 4982 3326 5045 autem
3360 4971 3541 5044 tertio

586 5105 850 5168 contra
879 5097 1188 5165 eundem
1222 5113 1449 5162 reum.

771 5294 793 5330 1
829 5294 894 5346 G.
932 5294 1015 5352 11,
1046 5293 1112 5351 X,
1158 5292 1228 5340 dc
1266 5288 1728 5350 probationibus,
1765 5287 1846 5348 11,
1884 5288 1965 5350 19;
2005 5299 2056 5339 c.
2091 5289 2174 5346 11,
2213 5288 2285 5338 de
2320 5283 2652 5341 haer-suono,
2689 5284 2759 5344 V,
2790 5282 2842 5343 2,
2889 5281 2954 5333 ln
2991 5282 3117 5343 V103
3153 5280 3214 5334 S.
3251 5282 3321 5334 Ο.
3357 5280 3411 5333 S.
3438 5273 3539 5328 Off..

592 5387 762 5438 instr.
798 5384 833 5437 6
865 5396 998 5444 aug.
1035 5382 1181 5440 1897,
1219 5394 1275 5431 ιι.
1312 5382 1362 5441 5;
1399 5380 1457 5433 S.
1490 5380 1554 5432 O.
1590 5380 1695 5440 Dp.
1740 5382 1801 5432 et
1836 5379 1999 5440 Res„
2036 5378 2206 5430 lustr.
2242 5379 2308 5429 11
2341 5376 2463 5429 lun.
2509 5374 2657 5435 1880,
2693 5386 2752 5426 ιι.
2789 5372 2871 5434 12;
2911 5372 2969 5425 S.
3002 5371 3069 5425 G.
3102 5371 3176 5424 de
3208 5372 3385 5433 Prop.
3415 5362 3539 5418 Fide·

590 5478 761 5527 lnstr.
803 5488 858 5525 a.
894 5473 1042 5534 1883,
1077 5485 1136 5524 ιι.
1169 5471 1302 5523 xn.
