3753 5871
485 252 591 310 ΞΜ
1625 255 1822 308 voden
1866 257 2029 308 lum
2068 256 2351 309 canendos

1760 513 2019 581 Garm-
2059 513 2196 580 VI.

1014 639 1127 707 Do
1169 639 1424 706 collati
1465 638 1816 726 baptimi
1853 641 2335 708 adnotatione
2375 647 2449 710 et
2487 640 2945 727 probatione.

1781 833 1960 901 om.
2003 833 2156 902 777.

667 956 703 1040 §
751 959 816 1022 1.
866 956 1182 1026 Parochi
1216 958 1483 1027 debent
1527 960 1827 1027 nomina
1865 959 2435 1045 baptiza-torum,
2483 960 2854 1028 mentione
2894 960 3102 1028 iacta
3135 961 3228 1029 de
3265 961 3471 1028 mini·

488 1069 672 1149 stro,
706 1066 1143 1150 parentibus
1166 1083 1256 1134 ac
1285 1067 1634 1153 patrinis,
1664 1067 1756 1136 de
1788 1068 1953 1135 loco
1978 1085 2065 1135 ac
2092 1067 2214 1136 die
2237 1066 2498 1137 collati
2529 1067 2908 1153 baptismi,
2941 1068 3020 1136 in
3048 1069 3474 1155 baptismali

489 1170 679 1241 libro
710 1173 967 1242 sedulo
997 1178 1074 1242 et
1102 1173 1261 1242 sine
1293 1173 1448 1241 ulla
1478 1190 1687 1242 mora
1721 1175 2000 1243 reterre
2031 1174 2082 1241 ¹.

664 1281 699 1363 ξ
744 1279 812 1346 2.
862 1282 1007 1349 Ubi
1050 1300 1224 1351 vero
1257 1283 1350 1351 de
1393 1281 1804 1366 illegitimus
1837 1281 2017 1350 filiis
2060 1285 2356 1368 agatur,
2396 1284 2661 1351 matris
2697 1300 2962 1352 nomen
2996 1287 3113 1352 est
3155 1284 3473 1352 inseren-

488 1390 691 1472 dum,
734 1390 802 1456 si
834 1390 1127 1475 publice
1162 1390 1322 1458 eius
1357 1391 1799 1459 maternitas
1833 1395 2150 1475 constet,
2188 1392 2306 1459 vel
2351 1391 2519 1476 ipsa
2555 1396 2819 1476 sponte
2856 1409 2995 1460 sua
3033 1393 3315 1477 scripto
3358 1392 3475 1460 vel

486 1514 735 1566 coram
760 1497 1048 1566 duobus
1081 1497 1398 1565 testibus
1425 1498 1504 1566 id
1538 1503 1767 1582 petat3
1800 1500 1980 1567 item
2011 1517 2272 1568 nomen
2301 1500 2567 1584 patris,
2597 1499 2993 1568 dummodo
3026 1500 3186 1585 ipse
3213 1505 3475 1585 sponte

486 1624 625 1676 aua
660 1624 708 1672 a
742 1605 1064 1690 parocho
1097 1605 1213 1674 vel
1250 1605 1532 1690 scripto
1567 1606 1684 1673 vel
1720 1624 1967 1674 coram
2015 1607 2303 1675 duobus
2340 1606 2657 1674 testibus
2694 1606 2770 1675 id
2813 1608 3171 1692 requirat,
3220 1608 3338 1677 vel
3384 1628 3473 1678 ex

487 1714 786 1800 publico
827 1713 1258 1782 authentico
1310 1714 1750 1782 documento
1791 1715 1895 1782 sit
1949 1718 2191 1798 notus;
2246 1715 2325 1782 in
2369 1715 2638 1782 ceteris
2679 1716 2975 1784 casibus
3020 1716 3475 1786 inscribatur

486 1826 709 1890 natus
742 1826 1094 1907 tanquam
1123 1820 1324 1888 filius
1354 1820 1594 1906 patris
1619 1822 1856 1907 ignoti
1882 1823 1996 1889 vel
2023 1822 2444 1907 ignotorum
2473 1827 2865 1907 parentum
2899 1820 2952 1888 ².

1782 2002 1962 2070 CAN.
2001 2002 2153 2070 778.

662 2124 744 2192 Si
779 2125 1196 2210 baptismus
1230 2143 1361 2193 nec
1397 2143 1443 2192 a
1479 2124 1783 2209 proprio
1818 2124 2143 2209 parocho
2180 2143 2312 2192 nec
2347 2143 2434 2193 eo
2478 2128 2866 2209 praesente
2901 2123 3472 2193 administratus

423 2257 452 2274 ··
478 2231 737 2315 fuerit,
774 2231 1115 2300 minister
1146 2233 1239 2301 de
1274 2233 1439 2317 ipso
1471 2231 1748 2301 collato
1783 2232 2325 2317 quamprimum
2362 2232 2747 2318 proprium
2786 2231 3077 2301 ratione
3110 2231 3467 2300 domicilii

482 2340 883 2423 parochum
924 2339 1283 2425 baptizati
1324 2340 1712 2409 certiorem
1754 2339 2016 2408 reddat
2047 2338 2100 2406 ⁸.

1771 2519 1948 2586 ΟΛΝ.
1996 2518 2148 2586 779.

654 2642 773 2710 Ad
833 2642 1186 2709 collatum
1239 2642 1686 2726 baptismum
1733 2642 2385 2726 comprobandum,
2449 2642 2517 2709 si
2578 2642 2854 2710 nemini
2903 2641 3039 2711 fiat
3100 2643 3464 2727 praeiudi-

479 2748 703 2833 cium,
757 2750 944 2818 satis
981 2754 1095 2818 est
1146 2768 1339 2816 unus
1388 2750 1604 2817 testis
1646 2750 1846 2818 omni
1886 2751 2313 2835 exceptione
2362 2750 2623 2833 maior,
2666 2750 2783 2819 vel
2828 2750 3065 2835 ipsius
3107 2750 3466 2835 baptizati

479 2856 1022 2941 iusiurandum,
1059 2859 1123 2925 si
1157 2858 1316 2943 ipse
1349 2857 1429 2924 in
1466 2857 1727 2926 adulta
1762 2861 2009 2927 aetate
2042 2859 2487 2943 baptismum
2531 2859 2888 2943 receperit
2917 2858 2969 2923 ⁴.

1672 3177 2095 3246 TITULUS
2127 3177 2236 3243 II.

1602 3317 1704 3384 De
1750 3315 2305 3383 confirmatione.

1765 3483 1943 3552 cm.
1993 3482 2145 3549 780.

654 3610 1211 3677 Sacramentum
1243 3606 1826 3675 confirmationis
1859 3606 2183 3674 conferri
2214 3606 2427 3673 debet
2461 3623 2594 3689 per
2624 3622 2888 3671 manus
2920 3603 3462 3687 impositionem

472 3736 641 3785 cum
671 3718 1018 3785 unctione
1043 3715 1468 3784 chrismatis
1505 3716 1583 3782 in
1620 3716 1868 3783 fronte
1898 3722 1973 3782 et
2012 3733 2142 3798 per
2178 3714 2398 3782 verba
2430 3714 2508 3779 in
2541 3711 3091 3798 pontificalibus
3121 3710 3337 3778 libris
3366 3710 3460 3777 ab

473 3824 810 3892 Ecclesia
847 3825 1180 3909 probatis
1217 3824 1675 3908 praescripta
1703 3823 1756 3890 ⁸.

655 4089 674 4124 ¹
713 4088 886 4140 Conc.
924 4086 1211 4148 Trident„
1250 4099 1392 4138 sess.
1430 4085 1629 4145 XXIV,
1676 4086 1747 4135 de
1784 4084 1896 4144 ret.
1937 4083 2216 4143 matrim„
2253 4096 2303 4134 c.
2343 4084 2393 4145 2;
2439 4082 2793 4135 Benedictus
2830 4082 2982 4142 XIV,
3018 4084 3204 4134 const.
3255 4095 3288 4132 ι
3332 4080 3458 4131 Fir-

476 4178 706 4228 mandis
729 4193 778 4239 ι,
804 4177 839 4229 6
859 4189 993 4228 nov.
1016 4176 1163 4237 1744,
1198 4176 1226 4237 fi
1255 4176 1306 4238 ὓς
1329 4174 1388 4228 Β.
1423 4174 1490 4227 O.
1529 4174 1586 4228 S.
1624 4174 1740 4226 ΟΠ.
1780 4174 2071 4234 (Mission.
2105 4174 2399 4235 Aegypti).
2426 4174 2461 4224 9
2483 4172 2606 4224 dec.
2634 4172 2781 4233 17453
2808 4170 2867 4223 S.
2901 4171 2966 4225 G.
2992 4169 3067 4224 de
3091 4171 3261 4231 Pron.
3292 4169 3455 4229 Fide,

476 4269 644 4320 instr.
691 4266 792 4326 (ad
823 4266 1093 4326 Archiep.
1132 4265 1496 4326 Hiberniae),
1539 4263 1604 4315 25
1637 4264 1757 4316 iun.
1796 4264 1944 4325 1791;
1980 4265 2148 4314 instr.
2196 4261 2297 4322 (ad
2344 4262 2463 4313 vic.
2503 4263 2611 4321 Ap.
2647 4260 2873 4313 Indiar.
2918 4258 3195 4322 orient),
3241 4259 3275 4313 8
3307 4262 3454 4319 sept.

474 4357 620 4417 1869,
653 4368 709 4406 n.
747 4356 828 4417 21:
857 4356 1097 4407 Rituale
1126 4354 1314 4415 Rom„
1355 4354 1449 4405 tit.
1495 4353 1576 4413 11,
1607 4365 1657 4404 c.
1693 4353 1745 4413 1,
1783 4355 1853 4403 de
1894 4354 2260 4402 sacramento
2297 4349 2573 4410 baptismi
2605 4349 2721 4400 rite
2752 4348 3242 4407 administrando,
3276 4359 3333 4398 n.
3375 4347 3459 4407 ως

471 4457 521 4496 c.
558 4447 608 4505 2,
650 4445 804 4496 Ordo
836 4444 1111 4504 baptismi
1140 4441 1538 4502 parvulorum,
1575 4455 1631 4492 n.
1664 4443 1745 4504 343
1772 4442 1868 4494 tit.
1900 4442 1966 4503 X,
1996 4452 2046 4492 c.
2077 4440 2127 4501 2,
2160 4438 2472 4490 For-mulae
2500 4438 2843 4490 scribendae
2871 4438 2934 4487 tn
2968 4435 3138 4488 libr-te
3172 4434 3456 4486 habendis

472 4538 628 4596 apud
660 4534 963 4595 parochos.-
986 4547 1036 4586 c.
1064 4536 1115 4594 3,
1144 4534 1359 4584 Forma
1394 4532 1760 4583 describendi
1800 4530 2146 4591 amputatos.

651 4627 677 4662 2
715 4625 772 4676 S.
802 4625 866 4676 C.
904 4625 1008 4683 Dp.
1037 4626 1100 4675 et
1124 4623 1286 4684 Reg„
1315 4621 1644 4682 Buuubina,
1673 4621 1707 4671 2
1731 4623 1907 4672 mart.
1938 4619 2084 4680 18603
2118 4619 2360 4671 Ritualc
2389 4619 2576 4678 Rom„
2605 4618 2699 4669 tit.
2738 4615 2805 4676 x,
2841 4627 2891 4666 c.
2920 4616 2971 4675 3,
3003 4613 3215 4665 Forma
3244 4612 3452 4663 decori·

475 4710 644 4762 benai
681 4712 1025 4771 baptizatos.

653 4806 678 4840 ³
717 4803 774 4853 S.
805 4803 870 4854 C.
900 4802 973 4853 de
1003 4802 1171 4861 Prop.
1205 4800 1367 4860 Fide,
1397 4798 1552 4851 decr.
1589 4799 1623 4851 6
1649 4803 1761 4851 oct.
1795 4798 1942 4859 1863,
1980 4797 2045 4855 O,
2078 4812 2134 4848 a.
2460 4820 2471 4830 =

645 4896 673 4932 ⁴
712 4894 776 4943 C.
806 4894 921 4952 110,
951 4892 1065 4952 112,
1103 4891 1217 4950 113,
1253 4892 1323 4940 D.
1355 4891 1455 4951 lv,
1495 4891 1565 4940 de
1601 4900 1779 4945 cona:
1807 4887 2161 4939 Benedictus
2191 4887 2340 4946 XIV,
2378 4896 2468 4945 ep.
2503 4900 2533 4935 α
2562 4882 2863 4935 Postremo
2900 4882 3097 4933 mense
3126 4896 3174 4941 ι,
3205 4880 3273 4934 28
3301 4880 3450 4932 febr.

469 4982 616 5042 1747,
651 4994 706 5033 u.
741 4982 824 5042 31,
858 4982 940 5042 δδς
974 4981 1031 5032 S.
1068 4980 1133 5031 C.
1174 4979 1230 5031 S.
1269 4978 1408 5040 011..
1441 4979 1474 5030 5
1515 4980 1632 5029 ian.
1668 4977 1814 5037 1724:
1845 4977 1914 5029 18
1953 4979 2127 5027 mart.
2165 4974 2313 5035 1896,
2347 4973 2424 5026 ad
2463 4975 2515 5035 1:
2557 4972 2615 5025 S.
2652 4973 2717 5025 G.
2755 4972 2843 5033 0.,
2879 4970 3165 5029 Brtoeien„
3202 4971 3268 5021 11
3301 4969 3451 5020 febr.

470 5072 615 5133 1797;
644 5072 703 5123 8.
733 5071 795 5123 C.
831 5071 904 5123 de
932 5072 1101 5130 Prop.
1141 5069 1304 5129 Fide,
1347 5071 1514 5121 instr.
1554 5069 1655 5128 (ad
1686 5069 1809 5120 Vic.
1851 5070 1957 5127 Ap.
1993 5066 2218 5117 Indiar.
2250 5064 2524 5123 Oricum,
2563 5062 2597 5114 8
2623 5065 2772 5123 sept.
2804 5060 2953 5121 1860,
2985 5072 3044 5111 n.
3078 5059 3160 5112 48.

639 5161 665 5195 ⁸
701 5159 766 5212 C.
810 5160 924 5219 119,
970 5159 1041 5209 D.
1087 5159 1188 5220 IV,
1225 5160 1296 5209 de
1329 5168 1506 5215 cons„-
1537 5168 1586 5208 c.
1622 5159 1673 5218 1,
1709 5156 1813 5216 345,
1845 5155 1896 5216 7,
1934 5155 2005 5206 D.
2043 5155 2111 5215 V,
2148 5155 2219 5204 de
2251 5163 2429 5210 oona:
2460 5164 2511 5203 c.
2546 5152 2599 5211 4,
2633 5152 2700 5211 X,
2738 5153 2811 5202 de
2846 5146 3285 5206 consuetudine,
3321 5145 3371 5207 Ι,
3406 5147 3456 5205 4:

467 5263 516 5304 c.
545 5263 666 5312 un..
691 5251 756 5311 X,
787 5251 857 5301 de
885 5261 1055 5300 sacra
1085 5249 1377 5306 unctione,
1402 5250 1451 5306 1.
1472 5248 1552 5310 15;
1570 5246 1741 5299 Cone.
1763 5246 2052 5305 Trident„
2077 5257 2220 5297 sess.
2245 5242 2381 5304 VII,
2408 5245 2478 5295 de
2504 5241 2897 5301 eaor-amentis
2920 5241 2984 5290 tn
3006 5248 3235 5301 venem,
3256 5237 3457 5295 can.1;

469 5342 539 5390 de
572 5339 1029 5399 confirmatione,
1061 5350 1189 5389 can.
1222 5341 1271 5399 1,
1306 5338 1354 5401 23
1384 5337 1761 5390 Innocentius
1800 5336 1917 5396 111,
1950 5346 2039 5397 ep.
2075 5351 2107 5386 ι
2144 5333 2291 5385 Eius
2324 5332 2587 5392 exemplo
2617 5347 2667 5392 ι,
2707 5330 2776 5383 28
2812 5329 2935 5381 dec.
2968 5327 3118 5389 1208,
3157 5325 3456 5378 professio

467 5430 603 5481 ndei
636 5428 1047 5481 waldensibus
1076 5439 1349 5489 praescr.;
1382 5428 1760 5480 Innocentius
1787 5426 1890 5488 lv,
1927 5437 2018 5487 ep.
2060 5441 2092 5476 ι
2119 5423 2239 5476 Sub
2272 5419 2597 5474 catholiam
2634 5436 2685 5483 n,
2715 5419 2749 5471 6
2777 5422 2951 5471 mart.
2991 5416 3139 5478 1264,
3172 5416 3200 5477 1
3231 5415 3283 5477 3,
3313 5427 3372 5467 n.
3408 5416 3457 5474 45
