3753 5871
1167 346 1344 397 uuor
1387 340 2185 398 soonam-neronom
2515 324 2520 329 ’
3077 331 3188 391 908

1489 548 1670 619 om.
1710 547 1865 616 711.

371 691 408 774 5
457 693 525 758 1.
574 690 842 759 Plures
870 689 1528 758 confraternitates
1555 687 1673 755 vel
1710 686 1881 772 piae
1911 684 2222 753 uniones
2249 682 2575 752 eiusdem
2609 680 2821 749 tituli
2851 696 2939 747 ac
2977 677 3187 745 insti-

202 798 372 882 tuti,
410 799 561 867 nisi
605 799 683 867 id
720 799 829 868 eis
863 797 1287 883 specialiter
1319 796 1743 865 concessum
1780 796 1882 863 sit
1924 797 2064 863 aut
2104 794 2268 861 iure
2301 795 2631 873 cautum,
2674 808 2766 856 ne
2801 787 3189 872 erigantur

206 923 374 975 neve
406 907 916 992 approbentur
953 906 1032 973 in
1063 905 1314 974 eodem
1345 904 1527 987 loco;
1558 904 1624 971 si
1655 921 1830 971 vero
1858 906 2130 988 agatur
2166 900 2260 969 de
2299 900 2588 985 magnis
2615 899 3074 981 civitatibus,
3110 897 3188 965 id

202 1013 399 1097 licet,
438 1014 832 1083 dummodo
863 1015 1062 1082 inter
1094 1014 1299 1098 ipsas
1330 1009 1745 1081 intercedat
1784 1010 2250 1093 conveniens,
2287 1008 2567 1077 iudicio
2598 1006 2984 1075 ordinarii
3018 1004 3186 1087 loci,

202 1120 567 1190 distantia
611 1121 663 1189 ¹.

383 1229 421 1314 ξ
465 1229 535 1295 2.
584 1229 868 1298 curent
910 1228 1238 1296 locorum
1283 1226 1668 1296 ordinarii
1702 1233 1790 1296 ut
1824 1226 1907 1294 in
1941 1226 2273 1311 qualibet
2316 1222 2660 1309 paroecia
2697 1220 3198 1289 instituantur

206 1336 864 1406 confraternitates
896 1335 1349 1405 sanctissimi
1385 1335 1873 1417 Sacramenti,
1919 1352 2007 1402 ac
2038 1333 2423 1404 doctrinae
2464 1330 2939 1412 christianae3
2984 1344 3196 1412 quae,

202 1443 531 1531 legitime
576 1450 888 1526 erectae,
946 1444 1111 1528 ipso
1154 1443 1318 1511 iure
1361 1448 1803 1529 aggregatae
1848 1447 2028 1510 sunt
2072 1441 2344 1510 eisdem
2390 1434 3190 1506 Arcbiconfraternita·

199 1552 405 1620 tibus
442 1552 524 1619 in
558 1551 758 1620 Urbe
786 1570 832 1619 a
864 1550 1248 1620 cardinali
1284 1550 1511 1620 Urbis
1548 1551 1854 1618 vicario
1883 1548 2151 1618 erectis
2181 1550 2236 1619 ².

1505 1739 1685 1810 om.
1728 1737 1884 1806 712.

385 1878 421 1962 5
469 1881 536 1946 1.
586 1880 1264 1950 confraternitates
1296 1882 1414 1950 vel
1448 1881 1618 1966 piae
1660 1881 1971 1949 uniones
2007 1900 2099 1950 ne
2131 1881 2545 1969 erigantur,
2583 1882 2730 1949 nisi
2768 1881 2848 1948 in
2893 1881 3198 1949 ecclesia

205 1992 340 2056 ant
388 1989 719 2058 oratorio
754 1989 1052 2074 publico
1087 1990 1205 2057 vel
1241 1991 1505 2058 saltem
1544 1989 2054 2075 semi-publico
2090 1989 2144 2057 ³.

392 2094 426 2177 ξ
474 2095 542 2163 2.
591 2095 704 2165 Ne
745 2097 1270 2182 instituantur,
1311 2098 1470 2166 sine
1509 2097 1845 2182 Capituli
1884 2115 2272 2181 consensu,
2324 2096 2404 2164 in
2445 2096 2755 2165 ecclesia
2793 2094 3205 2163 cathedrali

209 2206 350 2271 aut
386 2202 781 2289 collegiali.
2458 2282 2464 2287 ,

394 2311 429 2394 ξ
475 2311 543 2379 3.
593 2312 686 2379 In
730 2312 1058 2381 ecclesiis
1097 2313 1213 2381 vel
1266 2313 1617 2382 oratoriis
1669 2312 2183 2399 religiosarum
2225 2312 2673 2380 ordinarius
2724 2311 2868 2378 loci
2910 2309 3205 2395 permit·

214 2422 374 2489 tere
408 2424 656 2505 potest
692 2421 1130 2489 erectionem
1167 2420 1686 2489 associationis
1721 2422 2115 2489 mulierum
2156 2423 2477 2503 tantum,
2518 2425 2654 2488 aut
2701 2418 2869 2503 piae
2912 2417 3208 2485 unionis

215 2544 402 2613 quae
446 2527 743 2595 nonnisi
797 2528 1349 2612 precationibus
1391 2529 1773 2597 incumbat
1823 2532 1901 2597 et
1954 2529 2369 2615 gratiarum
2416 2528 2809 2595 dumtaxat
2857 2525 3202 2609 spirituae

214 2632 397 2702 lium
431 2634 1096 2703 communicatione
1135 2637 1458 2721 gaudeat
1495 2637 1545 2701 ⁴.

1523 2821 1699 2888 CAN.
1742 2819 1896 2887 718.

400 2959 437 3042 5
484 2961 551 3025 1.
598 2957 957 3044 Religiosi
995 2978 1164 3028 cum
1205 2959 1954 3028 confraternitatibus
1998 2961 2233 3046 piisve
2287 2962 2686 3030 unionibus
2727 2982 2774 3030 a
2818 2981 2895 3031 se
2947 2966 3215 3032 erectis

222 3073 536 3152 possunt
570 3072 647 3136 et
679 3067 950 3137 debent
990 3069 1533 3137 communicare
1570 3087 1821 3138 omnes
1863 3073 1941 3138 et
1976 3070 2175 3138 solas
2209 3072 2495 3156 gratias
2531 3071 2988 3156 spirituales,
3030 3089 3217 3156 quae

221 3176 299 3242 in
327 3174 820 3242 facultatibus
849 3194 896 3242 a
926 3176 1113 3244 Sede
1141 3177 1574 3260 Apostolica
1612 3178 1929 3262 receptis
1961 3178 2295 3263 specifice
2324 3184 2400 3248 et
2430 3179 2866 3248 nominatim
2897 3197 3211 3247 commu·

221 3282 575 3350 nicabiles
610 3282 1106 3364 declarentur,
1153 3301 1424 3369 eaeque
1460 3285 1538 3351 in
1584 3290 1759 3353 actu
1796 3286 2191 3354 erectionis
2225 3286 2814 3355 manifestandae
2855 3292 3032 3355 sunt
3069 3287 3209 3354 sin-

216 3389 442 3475 gulis,
483 3393 778 3459 servato
820 3392 1283 3475 praescripto
1312 3409 1479 3459 can.
1520 3393 1650 3461 919
1680 3392 1733 3460 ³.

399 3497 435 3579 ξ
482 3495 550 3562 2.
600 3498 1391 3582 confraternitatibus,
1420 3501 1515 3568 ab
1540 3501 1801 3568 iisdem
1830 3500 2123 3582 erectis,
2151 3501 2504 3569 nonlicet
2525 3506 2800 3568 vestem
2837 3501 3214 3584 propriam

222 3621 348 3674 seu
389 3605 744 3690 insignia,
781 3625 966 3690 quae
994 3608 1074 3673 in
1115 3608 1433 3692 publicis
1466 3608 2058 3692 processionibus
2088 3609 2403 3694 aliisque
2435 3610 2668 3676 sacris
2706 3609 3218 3677 functionibus

220 3710 622 3781 deferenda
661 3717 862 3797 sunt,
896 3732 1270 3784 assumere
1300 3716 1460 3785 sine
1490 3717 1794 3802 speciali
1828 3717 2215 3785 Ordinarii
2246 3718 2391 3785 loci
2423 3717 2729 3786 licentia
2767 3714 2819 3782 ⁸.

408 3976 430 4012 ¹
467 3974 738 4027 Clemens
771 3974 938 4033 VIII,
976 3977 1167 4026 const.
1209 3987 1243 4024 ι
1276 3974 1685 4035 Quaecumque
1716 3989 1767 4035 ι,
1800 3973 1834 4026 7
1865 3973 1991 4026 dec.
2033 3972 2181 4035 1604,
2218 3973 2246 4035 2
2277 3974 2327 4036 2,
2360 3973 2418 4041 S,
2455 3974 2520 4027 Ο.
2559 3975 2665 4036 mp.
2699 3979 2762 4027 et
2793 3976 2958 4038 neg„
3001 3972 3216 4025 Medio-

228 4065 445 4125 Μαι,
475 4064 509 4114 4
535 4065 652 4115 lan.
684 4063 831 4124 1598,
856 4061 1195 4121 Tam-lm„
1220 4062 1286 4115 m
1314 4062 1442 4116 dec.
1472 4063 1620 4123 1694,
1656 4064 1689 4115 1
1716 4065 1894 4115 mart.
1924 4062 2071 4125 1696,
2100 4061 2479 4122 Οουαῑηοοπ.,
2506 4062 2572 4115 29
2599 4064 2719 4115 lan.
2757 4062 2905 4125 1616,
2935 4061 2994 4114 S.
3027 4062 3094 4115 O.
3128 4063 3216 4123 0.,

231 4153 645 4214 neapolitana,
694 4153 759 4204 17
800 4154 903 4204 iul.
951 4152 1102 4214 1688,
1143 4151 1490 4209 cosmam,
1531 4152 1565 4204 8
1605 4152 1709 4203 lul.
1752 4152 1900 4214 1690,
1949 4149 2538 4211 humescamus„
2579 4153 2646 4204 19
2683 4164 2817 4214 ang.
2860 4151 3007 4213 1690,
3051 4151 3129 4203 ad
3171 4154 3221 4213 1,

231 4242 289 4296 8.
315 4244 384 4297 Ο.
413 4242 669 4304 Indulg„
704 4241 768 4293 27
793 4249 939 4302 sept.
971 4241 1119 4302 1677,
1146 4241 1529 4300 Lemovices..
1554 4240 1620 4292 22
1644 4253 1779 4302 aug.
1808 4240 1957 4301 1842,
1993 4240 2070 4293 ad
2097 4241 2149 4302 8,
2175 4240 2569 4300 Anaeaavcn„
2598 4240 2664 4293 29
2692 4240 2841 4293 febr.
2879 4240 3028 4296 1864.
3058 4240 3135 4292 ad
3172 4241 3220 4302 2;

236 4332 413 4384 (troie
452 4334 513 4382 ot
547 4330 740 4388 orbis,
778 4330 845 4383 60
876 4342 1010 4391 aug.
1045 4330 1192 4391 1866,
1229 4328 1506 4388 Danaen..
1539 4329 1604 4382 81
1644 4331 1763 4381 ian.
1799 4329 1948 4389 1893,
1983 4328 2061 4382 ad
2092 4329 2263 4385 1·111:
2296 4327 2484 4380 Tertii
2519 4327 2760 4381 ordinis
2793 4329 2854 4380 S.
2899 4327 3222 4385 From-leci,

235 4421 298 4474 81
321 4423 443 4474 ian.
472 4421 619 4482 1898,
654 4421 732 4472 ad
758 4421 806 4480 Ι,
835 4418 1075 4472 Ordinis
1100 4419 1602 4478 Praedicator-um,
1628 4419 1697 4471 m
1716 4421 1859 4471 mall
1890 4418 2038 4480 1896,
2074 4418 2151 4471 ad
2182 4418 2298 4479 III,
2329 4418 2428 4479 Π,
2458 4417 2516 4470 Β.
2550 4418 2621 4469 R.
2654 4418 2742 4478 0.,
2776 4417 3015 4470 ordinis
3052 4416 3222 4468 Prae-

239 4510 588 4568 dicator-um,
613 4510 647 4561 7
674 4509 797 4563 dec.
828 4509 979 4571 16ss;
1004 4508 1376 4567 Pomnien„
1403 4507 1436 4560 7
1459 4508 1584 4560 dec.
1612 4507 1759 4570 1668,
1793 4508 2035 4565 Veneta,
2062 4509 2126 4559 14
2148 4519 2281 4560 nov.
2307 4507 2455 4564 1676:
2480 4506 2703 4559 Montio
2731 4505 2965 4565 Albani,
2991 4506 3057 4559 29
3088 4517 3220 4556 nov.

234 4598 378 4661 1856,
408 4598 750 4655 Tanaum„
781 4598 847 4648 14
884 4609 1018 4659 aug.
1044 4589 1198 4649 1868.

409 4692 438 4728 ²
482 4687 541 4740 S.
574 4688 717 4739 Plus
745 4688 814 4747 V,
844 4690 1031 4739 const.
1066 4702 1102 4737 α
1135 4686 1227 4737 Bm
1256 4685 1451 4736 debito
1479 4700 1530 4747 n,
1566 4685 1600 4737 6
1625 4686 1917 4746 οσῐ.ν1671,
1949 4685 1976 4746 4
2006 4686 2056 4748 2,
2086 4684 2442 4738 Benedictus
2469 4684 2621 4743 x1v‚
2658 4695 2748 4746 ep.
2779 4684 2998 4745 encycl.
3033 4698 3063 4733 α
3091 4682 3225 4734 Etsi

243 4777 482 4828 nmmo
516 4792 567 4837 n,
605 4776 641 4829 7
684 4776 833 4829 febr.
881 4776 1030 4835 1742,
1071 4776 1099 4838 ι
1136 4776 1186 4837 7,
1225 4777 1369 4828 Plus
1402 4776 1470 4834 X.
1513 4775 1630 4828 ntt.
1679 4776 1899 4836 encycl.
1941 4789 1972 4824 ι
2021 4774 2242 4824 Acerbo
2278 4773 2455 4824 ’timis
2492 4787 2542 4832 n,
2587 4773 2651 4824 15
2686 4784 2812 4833 apr.
2845 4772 2994 4832 1906,
3041 4785 3094 4823 n.
3129 4772 3228 4833 lv:

245 4866 300 4920 8.
330 4867 396 4919 0.
429 4866 684 4927 Indulg„
715 4866 780 4918 23
810 4877 939 4926 apr.
977 4866 1123 4927 1676,
1148 4866 1213 4917 27
1240 4869 1388 4926 sept.
1426 4865 1572 4926 1677,
1598 4864 1663 4917 23
1688 4866 1864 4916 mart.
1894 4863 2041 4925 1711,
2073 4861 2247 4913 Urbis
2278 4866 2338 4915 et
2368 4860 2560 4920 oruc,
2597 4861 2663 4912 22
2689 4872 2816 4922 apr.
2846 4860 2994 4922 1752,
3029 4860 3224 4910 Lemo-

244 4955 451 5014 uoen„
487 4955 553 5007 22
588 4967 721 5018 ang.
772 4954 920 5015 1842,
961 4954 1038 5007 ad
1078 4956 1130 5016 1,
1161 4954 1212 5014 8,
1243 4955 1293 5017 4,
1333 4953 1728 5012 cameracen..
1767 4953 1833 5005 22
1868 4953 2019 5005 febr.
2060 4951 2209 5014 1847,
2260 4949 2339 5005 ad
2377 4951 2427 5013 2,
2464 4948 2747 5008 Lanam„
2797 4949 2862 5002 81
2912 4951 3031 5002 lan.
3077 4949 3225 5007 1898,

243 5044 318 5097 ad
352 5045 471 5098 111.

415 5138 440 5175 ³
485 5134 545 5186 S.
576 5134 641 5186 G.
681 5133 755 5187 de
784 5133 954 5193 Prop.
987 5132 1134 5185 Pide
1174 5132 1263 5192 (0.
1296 5132 1361 5183 P.
1394 5143 1501 5192 pro
1531 5132 1702 5193 Sin),
1733 5130 1801 5184 16
1836 5130 1958 5183 lan.
1991 5130 2139 5192 1804,
2168 5130 2203 5182 8
2240 5131 2361 5181 lun.
2400 5127 2533 5181 1845

412 5228 440 5263 ⁴
483 5223 543 5277 8.
581 5223 647 5276 0.
686 5224 793 5284 Bp.
830 5225 893 5275 et
934 5222 1099 5284 Reg„
1146 5221 1511 5280 Tio-aeones..
1544 5221 1579 5273 6
1612 5232 1743 5272 nov.
1790 5219 1938 5281 1695,
1973 5218 2258 5278 Romana,
2294 5219 2361 5270 18
2393 5219 2511 5270 lan.
2550 5217 2698 5279 1907,
2737 5216 2795 5270 S.
2834 5217 2899 5268 C.
2936 5215 3010 5268 de
3055 5216 3224 5275 Prop.

249 5314 406 5377 nde,
433 5315 553 5368 ntt.
595 5313 698 5374 (ad
720 5314 826 5375 Ep.
854 5312 1301 5374 magalonem),
1328 5312 1395 5363 10
1417 5314 1530 5363 oct.
1556 5310 1703 5372 1894,
1727 5309 1785 5362 S.
1813 5309 1880 5361 O.
1916 5307 2168 5370 Indulg„
2198 5309 2589 5367 Audenam..
2615 5306 2681 5359 29
2710 5306 2859 5358 febr.
2895 5303 3042 5363 1864,
3071 5302 3148 5354 ad
3174 5304 3224 5352 4.

418 5407 443 5444 ⁵
480 5404 755 5455 Clemens
778 5402 946 5461 VIII.
969 5405 1154 5454 const.
1182 5416 1213 5451 ι
1239 5400 1652 5461 Quaecumque
1679 5414 1728 5460 ι,
1751 5399 1785 5451 7
1805 5398 1928 5450 dec.
1959 5397 2107 5458 1604,
2133 5397 2161 5459 ι
2182 5397 2233 5457 4,
2263 5395 2314 5457 6,
2336 5396 2393 5449 S.
2418 5395 2483 5448 C.
2512 5394 2766 5456 Indulg„
2790 5394 2856 5445 12
2876 5395 3048 5444 mart.
3079 5390 3225 5442 1671.

416 5497 442 5533 ⁸
485 5493 546 5544 S.
577 5490 643 5542 Ο.
673 5489 779 5551 Ep.
809 5493 875 5544 et
899 5490 1062 5551 Res..
1092 5489 1318 5547 chien..
1352 5489 1388 5542 6
1412 5489 1535 5541 dec.
1573 5487 1718 5541 1616.
