3753 5871
413 242 419 249 ’
491 264 598 323 178
886 243 898 264 ’
1624 268 1820 319 com
1866 268 2028 321 luo-u
2067 270 2350 322 cameos

1759 528 2020 596 CAPUT
2058 528 2167 595 II.

1662 647 1775 715 De
1817 651 2251 735 privileyiia.

1789 838 1969 906 CAN.
2013 837 2165 906 613.

666 962 700 1044 §
748 964 813 1027 1.
863 961 1253 1042 Quaelibet
1288 962 1550 1047 religio
1589 962 1687 1030 iis
1729 967 2026 1030 tantum
2069 963 2480 1049 privilegiis
2513 965 2811 1050 gaudet,
2851 984 3037 1052 quae
3071 968 3189 1036 vel
3225 968 3359 1036 hoc
3396 971 3475 1035 ln

487 1069 758 1138 Codice
789 1071 1293 1152 continentur,
1320 1071 1437 1137 vel
1464 1089 1513 1138 a
1542 1070 1729 1139 Sede
1754 1071 2189 1155 Apostolica
2222 1072 2502 1141 directe
2527 1073 2762 1141 eidem
2789 1092 3135 1143 concessa
3163 1076 3472 1158 fuel-lut,

487 1177 786 1244 exclusa
816 1178 892 1244 in
926 1181 1300 1262 posterum
1340 1177 1669 1262 qualibet
1702 1179 2389 1247 communicatione.

669 1285 703 1367 ξ
749 1284 815 1350 2.
865 1285 1269 1371 Privilegia
1299 1286 1566 1371 quibus
1595 1287 1871 1372 gaudet
1897 1288 2100 1355 Ordo
2136 1288 2525 1373 regularis,
2553 1293 2984 1374 competunt
3017 1309 3301 1377 quoque
3329 1311 3471 1361 mo·

491 1392 814 1460 nialibus
846 1394 1171 1460 eiusdem
1207 1392 1537 1474 Ordinis,
1577 1399 1944 1478 quatenus
1985 1413 2238 1463 eorum
2281 1396 2438 1464 sint
2477 1414 2786 1481 capaces
2823 1397 2872 1463 ¹.

1788 1567 1966 1635 CAN.
2010 1568 2162 1635 614.

660 1691 1041 1776 Religiosi,
1085 1692 1309 1759 etiam
1349 1690 1524 1759 laici
1572 1709 1661 1759 ac
1713 1691 2003 1773 novitii,
2056 1692 2418 1760 fruuntur
2456 1693 2891 1761 clericorum
2935 1639 3345 1780 privilegiis
3383 1693 3475 1762 de

489 1800 757 1886 quibus
787 1801 868 1867 in
899 1818 1064 1867 can.
1105 1798 1392 1866 119-123
1426 1798 1478 1864 ².

1795 1906 1976 1974 CAN.
2016 1906 2168 1974 615.

660 2029 1092 2117 Begulsres,
1130 2028 1434 2097 novitiis
1477 2047 1622 2095 non
1666 2029 2009 2110 exclusis,
2052 2028 2204 2097 sive
2238 2029 2385 2096 viri
2423 2029 2576 2097 sive
2611 2029 2981 2112 mulieres,
3019 2048 3185 2098 cum
3222 2047 3473 2098 eorum

483 2138 823 2210 domibus
864 2143 939 2206 et
973 2136 1326 2219 ecclesiis,
1363 2137 1689 2221 exceptis
1721 2137 1817 2204 iis
1849 2138 2296 2206 monialibus
2340 2155 2526 2222 quae
2563 2136 3085 2222 Superioribus
3122 2137 3471 2224 regulari·

483 2246 624 2316 bus
662 2264 809 2314 non
851 2245 1192 2327 subsunt,
1235 2245 1330 2313 ab
1371 2245 1753 2313 Ordinarii
1801 2245 1947 2313 loci
1995 2245 2508 2314 iurisdictione
2544 2246 2865 2331 exempti
2905 2250 3108 2328 sunt,
3151 2250 3468 2331 praeter-

486 2373 706 2442 quam
743 2356 823 2421 in
851 2352 1148 2420 casibus
1176 2370 1220 2419 a
1253 2351 1415 2419 iure
1446 2352 1811 2436 expressis
1841 2351 1895 2418 ³.

1778 2525 1957 2593 CAN·
2002 2523 2154 2590 616.

661 2648 695 2732 1
742 2651 808 2715 1.
858 2647 1264 2735 Regulares
1289 2654 1504 2717 extra
1527 2648 1823 2716 domum
1850 2647 2236 2744 illegitime
2257 2648 2630 2734 degentes,
2655 2649 2881 2717 etiam
2913 2651 3051 2718 sub
3082 2654 3474 2735 praetextu

483 2758 877 2825 accedendi
913 2757 1009 2825 ad
1042 2756 1500 2841 Superiores,
1541 2756 2029 2840 exemptionis
2058 2756 2447 2842 privilegio
2477 2775 2625 2826 non
2655 2757 2984 2843 gaudent
3019 2756 3075 2824 ⁴.

665 2865 699 2948 ξ
745 2865 811 2931 2.
865 2866 947 2933 si
980 2869 1192 2933 extra
1232 2864 1528 2932 domum
1569 2865 1923 2933 delictum
1954 2865 2456 2935 commiserint
2490 2883 2622 2934 nec
2654 2884 2703 2933 a
2736 2866 3041 2952 proprio
3079 2865 3475 2953 Superiore

482 2974 947 3058 praemonito
982 2973 1419 3058 puniantur,
1459 2992 1506 3041 a
1537 2974 1680 3041 loci
1713 2974 2117 3042 Ordinatio
2148 2975 2402 3059 puniri
2432 2980 2768 3060 possunt,
2801 2976 2945 3044 etsi
2975 2996 3016 3044 e
3043 2975 3261 3044 domo
3297 2976 3468 3062 legi·

484 3081 661 3149 time
689 3081 1008 3150 exierint
1037 3087 1112 3151 et
1150 3082 1445 3148 domum
1489 3080 1763 3148 reversi
1794 3080 2080 3150 tuerint
2126 3080 2180 3149 ⁸.

666 3307 688 3345 ¹
727 3308 784 3361 S.
828 3307 894 3359 C.
947 3306 1201 3367 Indum..
1244 3303 1690 3362 conimbricam,
1729 3303 1795 3356 28
1833 3303 1953 3355 lan.
1997 3304 2144 3365 17113
2181 3304 2247 3354 22
2287 3315 2414 3365 apr.
2464 3304 2614 3367 1711:
2652 3305 2718 3358 28
2757 3316 2884 3367 apr.
2937 3304 3085 3366 1716;
3121 3302 3470 3355 Montanum

486 3397 672 3446 'ferm
701 3396 940 3447 Ordinis
967 3396 1027 3445 8.
1056 3394 1379 3452 Erant-ieci,
1412 3394 1446 3446 8
1470 3394 1594 3446 dec.
1631 3392 1776 3455 1766;
1804 3392 2055 3450 Nolana,
2084 3394 2117 3445 1
2149 3404 2278 3455 apr.
2313 3393 2461 3455 1743:
2486 3391 2835 3444 Montanum
2867 3391 3183 3444 ordinario
3212 3389 3469 3442 locens·

484 3486 902 3544 subiectarum,
933 3485 999 3537 30
1020 3484 1165 3535 mall
1188 3484 1335 3546 1744;
1362 3483 1636 3533 viennen.
1665 3484 1728 3533 in
1756 3483 2022 3540 dustria,
2047 3482 2114 3535 26
2135 3493 2269 3545 αις.
2298 3482 2445 3545 1747;
2470 3481 2818 3534 Montanum
2844 3482 2906 3535 8.
2946 3482 3217 3540 Ursulus,
3243 3480 3310 3533 16
3344 3479 3466 3533 dec.

482 3575 629 3637 17493
670 3575 1065 3631 cameracen„
1100 3572 1166 3623 22
1199 3573 1346 3624 febr.
1387 3571 1537 3632 1847,
1573 3571 1650 3623 ad
1690 3571 1739 3632 5:
1773 3569 1962 3621 Tertii
1995 3569 2234 3623 oraim
2267 3569 2328 3623 8.
2363 3569 2686 3629 Francicus,
2719 3571 2786 3624 18
2820 3573 2968 3633 sept.
3004 3570 3152 3631 18813
3183 3567 3467 3626 Lindon„

481 3664 546 3716 13
580 3664 683 3715 lul.
717 3663 865 3723 1808,
907 3662 987 3714 ad
1022 3661 1102 3713 11.

659 3755 686 3791 2
726 3753 790 3805 C.
820 3754 902 3814 40,
927 3752 993 3805 C.
1020 3752 1117 3812 xl,
1152 3763 1207 3813 o.
1240 3752 1289 3811 1;
1313 3751 1609 3802 Martinus
1638 3749 1708 3810 V,
1736 3753 1922 3801 const.
1953 3764 1984 3799 α
2012 3748 2107 3802 Aa
2134 3748 2538 3810 repr-intendat
2564 3764 2613 3810 n,
2642 3750 2673 3801 1
2700 3748 2848 3801 febr.
2876 3747 3025 3808 1428,
3053 3748 3081 3809 1
3107 3748 3158 3809 3:
3192 3747 3251 3800 8.
3284 3746 3347 3799 C.
3381 3746 3469 3807 C.,

482 3841 853 3898 Mitevitana,
893 3840 960 3893 28
989 3841 1137 3892 febr.
1173 3840 1320 3899 1654,
1354 3838 1433 3891 ad
1464 3838 1514 3889 1.
1550 3865 1617 3875 —
1647 3837 1795 3890 Vide
1827 3837 2013 3891 etlam
2051 3847 2183 3889 can.
2220 3836 2369 3899 2648,
2408 3837 2435 3898 1
2477 3838 2528 3889 4.

657 3935 683 3970 ³
722 3931 787 3984 C.
846 3931 896 3992 2,
943 3929 994 3991 6,
1041 3929 1106 3982 C.
1155 3929 1371 3990 XVIII,
1418 3940 1473 3990 q.
1520 3928 1570 3990 2;
1613 3940 1664 3979 c.
1722 3928 1774 3988 5,
1818 3929 1870 3988 0,
1920 3928 1992 3978 de
2048 3925 2395 3986 ρνίυίιοοίίο,
2444 3926 2514 3987 V,
2563 3926 2614 3987 7,
2675 3925 2740 3979 Ιιι
2786 3925 2914 3988 V103
2958 3925 3131 3978 Conc.
3182 3923 3477 3984 Trident.,

483 4033 625 4074 sess.
655 4021 821 4081 XXV,
858 4021 929 4071 de
956 4017 1345 4079 reantur-ibus,
1379 4027 1430 4068 c.
1459 4018 1510 4078 ος
1540 4015 1598 4069 S.
1635 4016 1779 4068 Plus
1804 4017 1874 4076 V,
1904 4020 2089 4068 const.
2121 4031 2152 4066 α
2178 4015 2311 4066 mai
2338 4015 2799 4065 mendicantium
2827 4028 2878 4075 ι,
2905 4014 2972 4066 16
3004 4013 3149 4065 mall
3175 4012 3323 4074 1567,
3356 4013 3383 4074 1
3413 4014 3467 4074 1,

480 4125 538 4163 ιι.
572 4111 655 4171 17,
685 4111 712 4172 1
737 4111 786 4170 2,
813 4123 871 4161 ιι.
897 4110 980 4170 17;
1001 4110 1185 4160 const.
1216 4122 1247 4157 α
1278 4107 1368 4157 Eo
1393 4118 1684 4167 supernae
1707 4119 1755 4166 ι,
1787 4105 1855 4158 16
1880 4117 2016 4168 aug.
2049 4105 2197 4165 1567,
2231 4105 2258 4166 1
2289 4104 2340 4166 2,
2371 4104 2423 4166 83
2448 4103 2768 4167 Gregorius
2793 4103 2913 4164 XV,
2946 4106 3137 4156 const.
3172 4117 3204 4153 ι
3233 4101 3469 4154 Imm-

485 4198 656 4248 tabili
687 4212 736 4259 n,
773 4198 810 4251 5
838 4198 985 4250 febr.
1019 4196 1166 4256 1622,
1201 4196 1228 4257 1
1258 4197 1308 4257 4;
1336 4195 1608 4248 Clemens
1634 4195 1765 4255 ΧΠ,
1797 4197 1984 4248 const.
2006 4210 2036 4245 ι
2058 4194 2348 4245 Admonet
2380 4196 2498 4244 Nos
2518 4213 2567 4256 ι,
2598 4193 2663 4244 11
2699 4204 2835 4254 aux.
2870 4192 3020 4253 1735,
3056 4191 3083 4252 1
3123 4192 3174 4252 1,
3208 4191 3259 4252 3;
3288 4190 3470 4242 Bene·

481 4289 678 4341 dictus
709 4288 860 4347 XIV,
887 4289 1072 4339 const.
1101 4302 1132 4337 α
1159 4286 1249 4337 Aa
1274 4284 1591 4337 manantis
1617 4299 1665 4346 ι,
1694 4284 1761 4337 30
1791 4287 1968 4337 mart.
1996 4283 2145 4343 1742,
2176 4283 2203 4344 1
2238 4283 2320 4344 19:
2347 4285 2533 4335 const.
2564 4296 2596 4332 ι
2632 4280 2973 4333 Fir-mandis
3003 4295 3052 4341 n,
3080 4279 3115 4332 6
3142 4291 3275 4331 nov.
3308 4278 3461 4341 1744,

483 4379 510 4440 1
542 4378 575 4428 2
604 4390 710 4439 so.;
734 4388 825 4436 ep.
857 4376 1074 4437 encycl.
1110 4390 1141 4425 α
1173 4370 1574 4435 apostolicum
1605 4371 1999 4424 ministerium
2030 4387 2081 4433 n,
2116 4373 2184 4425 30
2209 4372 2355 4423 mall
2382 4371 2531 4431 1753,
2571 4371 2599 4432 1
2629 4370 2683 4431 5,
2713 4369 2796 4430 12,
2827 4370 2909 4430 14;
2936 4370 3053 4420 Leo
3080 4368 3248 4428 xln,
3279 4370 3468 4419 const.
3540 4362 3543 4365 ’

482 4483 513 4518 α
545 4466 838 4516 Romanos
871 4464 1181 4524 Pontifices
1222 4478 1270 4524 n,
1303 4463 1338 4516 8
1366 4462 1509 4513 mali
1541 4460 1687 4522 1881:
1721 4460 1778 4514 S.
1812 4462 1878 4514 C.
1913 4462 2018 4522 Ep.
2050 4465 2114 4515 et
2142 4460 2307 4523 Res..
2349 4459 2687 4517 Platones„
2720 4458 2784 4510 21
2815 4470 2946 4509 nov.
2992 4458 3138 4518 1591;
3174 4455 3471 4513 vasaten„

480 4558 514 4609 0
544 4567 675 4607 nov.
714 4554 864 4615 1592:
902 4552 1240 4610 Ver-cellen„
1272 4553 1305 4604 5
1336 4563 1462 4612 apr.
1499 4550 1645 4612 1625;
1683 4549 2034 4609 Ναηπετοπ.,
2065 4550 2133 4603 18
2163 4550 2266 4602 lul.
2308 4549 2456 4611 1642;
2486 4548 2703 4601 declar.
2737 4549 2803 4600 10
2833 4559 2964 4598 nov.
3000 4546 3148 4606 1671,
3191 4544 3270 4596 ad
3304 4545 3355 4607 1,
3389 4544 3475 4608 113

481 4645 841 4702 Rhodonem,
865 4643 931 4694 27
956 4644 1103 4694 febr.
1138 4642 1286 4703 1863,
1312 4641 1391 4693 ad
1414 4643 1464 4702 1;
1489 4639 1547 4693 S.
1579 4640 1644 4692 C.
1678 4640 1764 4699 C..
1794 4638 2160 4700 Μοοαπιίπα,
2194 4639 2260 4691 30
2284 4639 2403 4690 lan.
2430 4637 2577 4699 16443
2612 4636 2669 4690 S.
2702 4636 2767 4689 C.
2797 4636 2872 4688 de
2898 4635 3235 4696 Renglosls,
3269 4632 3471 4685 Viven-

485 4734 630 4790 una,
676 4733 709 4784 3
743 4743 876 4793 ang.
918 4731 1065 4782 1915.

656 4825 684 4861 ⁴
724 4822 788 4873 C.
832 4822 880 4872 2.
925 4822 996 4871 de
1034 4819 1404 4880 reumatibus
1445 4822 1504 4870 et
1555 4817 2002 4870 transeuntibus
2040 4819 2118 4867 aa
2156 4814 2519 4876 relictionem,
2570 4814 2686 4875 111,
2728 4813 2780 4875 8,
2824 4814 2887 4864 ln
2937 4812 3259 4874 Exti-evag.
3304 4822 3474 4872 com.;

482 4913 655 4965 Cone.
683 4910 972 4971 Trident„
999 4921 1142 4961 sess.
1171 4909 1336 4968 XXV,
1372 4910 1443 4960 de
1475 4906 1865 4968 renutat-ibae.
1891 4918 1941 4957 c.
1971 4907 2019 4957 4.

657 5004 684 5039 ⁵
719 5000 784 5053 C.
818 5001 869 5059 1,
913 5001 984 5049 de
1015 4997 1360 5058 privilegius,
1392 4999 1460 5057 V,
1493 4998 1544 5056 7,
1581 4998 1641 5047 ln
1675 4995 1799 5056 V103
1836 4995 2011 5047 Cone.
2044 4995 2332 5053 Trident„
2366 5004 2508 5045 sess.
2553 4992 2657 5052 VI,
2695 4993 2766 5042 de
2805 4991 2944 5051 ret„
2978 5001 3029 5042 c.
3067 4991 3118 5052 ὃς
3150 5001 3294 5049 sess.
3330 4989 3470 5049 VII,

483 5092 555 5141 de
587 5089 722 5149 res„
755 5100 805 5139 c.
842 5090 924 5150 14;
957 5100 1100 5140 sess.
1140 5087 1307 5147 XXV,
1347 5088 1417 5137 de
1456 5084 1848 5146 reomao-ibus,
1881 5097 1930 5135 e.
1964 5085 2044 5146 143
2078 5083 2137 5137 S.
2183 5083 2325 5135 Plus
2356 5083 2425 5143 V,
2462 5083 2645 5134 const.
2682 5096 2714 5132 ι
2746 5079 2881 5132 Em
2913 5078 3374 5155 mendicantfum
3418 5091 3470 5137 ι,

482 5180 549 5231 16
569 5180 712 5230 mail
741 5178 888 5237 1567,
916 5179 941 5239 1
965 5179 1014 5237 1,
1039 5189 1095 5227 n.
1122 5177 1204 5238 16,
1231 5177 1256 5237 1
1287 5176 1336 5237 2,
1361 5189 1418 5227 ιι.
1450 5175 1532 5237 16;
1551 5178 1736 5227 const.
1769 5189 1800 5224 α
1829 5173 1921 5224 Ea
1947 5183 2235 5232 supernae
2265 5187 2314 5232 ι,
2349 5172 2416 5225 16
2444 5183 2578 5233 aug.
2611 5170 2759 5230 1567,
2789 5170 2817 5231 1
2843 5169 2895 5231 2,
2926 5169 2976 5230 8;
2999 5168 3269 5220 Clemens
3300 5166 3472 5227 VIII,

482 5272 667 5321 const.
698 5283 729 5318 α
756 5266 1025 5326 suscepti
1055 5266 1313 5316 misseris
1340 5281 1388 5324 ι,
1420 5264 1488 5317 23
1516 5265 1665 5316 febr.
1701 5263 1847 5323 1596,
1878 5262 1906 5323 1
1933 5262 1981 5322 3;
2015 5261 2394 5313 Innocentius
2418 5260 2484 5320 x,
2512 5261 2697 5312 const.
2727 5274 2758 5309 α
2785 5257 2933 5310 oum
2960 5258 3116 5309 sicut
3151 5270 3200 5317 n,
3229 5257 3294 5307 14
3324 5256 3472 5307 mail

484 5358 632 5416 1648,
670 5358 697 5419 1
732 5358 782 5415 4,
820 5355 868 5414 1,
913 5354 992 5405 nd
1024 5354 1106 5413 12,
1142 5353 1222 5413 16;
1255 5353 1610 5406 Benedictus
1644 5353 1795 5413 XIV,
1829 5353 2016 5409 const.
2055 5366 2086 5401 α
2129 5351 2217 5402 Aa
2252 5348 2568 5400 militantis
2613 5363 2661 5409 ι,
2700 5348 2767 5401 30
2798 5349 2974 5399 mart.
3022 5345 3170 5405 1742,
3210 5345 3237 5406 1
3268 5344 3350 5405 24;
3374 5355 3472 5404 ep.

486 5463 515 5497 ι
547 5444 856 5506 Pontificio
891 5458 940 5504 n,
984 5443 1048 5494 27
1081 5444 1221 5494 mall
1260 5443 1406 5505 1746ς
1445 5454 1535 5504 ep.
1569 5444 1788 5504 encycl.
1836 5457 1867 5492 α
1901 5440 2300 5502 apostolieum
2333 5437 2727 5489 ministeriam
2765 5451 2815 5498 ι,
2850 5437 2916 5489 30
2947 5435 3095 5487 mall
3129 5434 3278 5495 1753,
3323 5433 3356 5495 1
3390 5435 3479 5496 15ς
