3753 5871
540 306 650 367 5³2
1678 306 1875 358 Gom
1913 304 2076 356 lm
2123 302 2404 357 Οοηοοίοί

722 491 757 576 5
801 490 870 560 3.
919 490 1348 559 'tribunalis
1389 508 1711 576 praeses,
1765 491 2054 576 quoties
2094 508 2233 574 pro
2273 508 2411 557 suo
2446 487 2800 573 prudenti
2847 485 3166 553 arbitrio
3208 499 3530 552 necessa·

544 600 739 668 rium
777 602 1099 682 censeat,
1132 603 1209 668 et
1242 599 1402 667 sine
1434 599 1665 666 nimio
1695 599 2024 684 partium
2060 597 2485 683 gravamine
2517 595 2680 664 fieri
2712 592 3288 674 animadvertat,
3336 608 3529 657 man·

542 707 723 777 dare
755 711 1003 793 potest
1040 711 1127 776 ut
1156 707 1491 775 defensio
1523 706 1725 793 typis
1757 707 2233 790 imprimatur
2274 722 2425 771 una
2458 722 2627 772 cum
2668 700 3130 770 documentis
3163 698 3532 805 principa·

544 814 741 883 libus
780 816 861 882 in
908 813 1270 883 fasciculo
1303 810 1860 900 coniungendis,
1906 814 2035 900 qui
2073 818 2408 881 actorum
2458 820 2533 880 et
2570 811 3176 878 documentorum
3219 823 3534 873 summa·

545 921 738 989 rium
770 923 1107 990 continet
1153 918 1204 985 ¹.

722 1028 756 1112 5
802 1030 870 1096 4.
918 1028 1083 1110 Quo
1123 1030 1204 1098 in
1250 1047 1429 1097 casu
1468 1030 1721 1098 iubeat
1763 1049 1854 1098 ne
1895 1030 2297 1115 quidquam
2338 1030 2837 1114 imprimatur,
2884 1031 3031 1099 nisi
3071 1032 3285 1116 prius
3340 1030 3538 1101 exhi·

543 1137 702 1206 bito
733 1137 1241 1222 manuscripto
1275 1142 1351 1206 et
1383 1138 1599 1205 venia
1639 1137 1830 1206 illud
1868 1137 2297 1223 publicandi
2341 1139 2666 1222 obtenta;
2700 1142 3084 1224 praeterea
3126 1138 3395 1207 sedulo
3426 1156 3539 1206 ca·

544 1249 719 1313 veat
745 1244 838 1313 de
868 1249 1174 1323 secreto,
1210 1247 1276 1313 si
1308 1246 1503 1331 quod
1533 1247 1635 1314 sit
1674 1246 1754 1314 in
1786 1263 2014 1314 causa
2046 1246 2486 1313 servandum
2529 1246 2581 1312 ².

1815 1441 1994 1509 CAN.
2045 1440 2240 1508 1864.

716 1581 1000 1650 Iudicis
1028 1585 1105 1650 et
1131 1582 1210 1650 in
1249 1581 1612 1650 tribunali
1640 1582 2013 1669 collegiali
2043 1582 2410 1668 praesidis
2437 1587 2553 1650 est
2582 1582 2975 1665 moderari,
3009 1599 3149 1666 pro
3184 1598 3329 1647 sna.
3369 1598 3543 1665 pru·

542 1688 844 1880 (Ιίζειιθίιὶἒιί,15
860 1689 1178 1865 m
1187 1689 1697 1829 defensionum
1727 1691 2251 1770 extensionem,
2284 1690 2431 1758 nisi
2462 1690 2555 1760 de
2584 1690 2719 1758 hoc
2744 1688 3108 1775 peculiari
3132 1687 3548 1757 tribunalis

1809 1958 1989 2026 CAN.
2040 1957 2235 2026 1865.

726 2108 761 2193 5
808 2111 874 2177 1.
923 2109 1505 2178 Oommunicatis
1567 2110 1893 2179 vicissim
1967 2111 2166 2180 inter
2229 2115 2482 2195 partes
2546 2110 3057 2179 defensionum
3111 2108 3548 2192 scripturis,

543 2216 845 2302 utrique
886 2218 1089 2303 parti
1129 2218 1640 2304 responsiones
1678 2219 2019 2288 exhibere
2068 2220 2315 2302 liceat,
2358 2220 2563 2287 intra
2603 2219 2822 2287 breve
2858 2223 3153 2302 tempus
3199 2235 3251 2284 a
3291 2216 3553 2284 iudice

539 2326 1097 2410 praestitutum,
1133 2330 1209 2395 et
1234 2328 1549 2396 servatis
1575 2328 1852 2413 regulis
1880 2331 1957 2396 et
1980 2329 2294 2397 cautelis
2320 2328 2413 2396 de
2442 2327 2709 2413 quibus
2739 2326 2820 2394 in
2846 2344 3011 2394 can.
3043 2324 3241 2408 1863,
3272 2323 3451 2392 1864
3483 2321 3541 2389 ⁴.

724 2432 759 2517 5
804 2431 871 2500 2.
921 2433 1085 2502 Hoc
1118 2434 1238 2502 ius
1270 2435 1610 2520 partibus
1653 2436 1875 2504 semel
1909 2441 2204 2506 tantum
2242 2440 2425 2520 esto,
2472 2437 2618 2503 nisi
2661 2436 2893 2504 iudici
2927 2435 3137 2520 gravi
3175 2452 3266 2502 ex
3308 2451 3551 2501 causa

543 2538 816 2608 iterum
864 2541 1208 2610 videa-tur
1265 2543 1829 2628 concedendum3
1878 2550 2059 2613 tunc
2106 2547 2354 2613 autem
2405 2545 2803 2627 concessio,
2857 2543 2989 2611 uni
3038 2542 3243 2627 parti
3302 2542 3548 2622 facta,

545 2646 767 2716 alteri
811 2667 1096 2735 quoque
1134 2650 1316 2717 data
1362 2656 1751 2719 censeatur
1789 2654 1841 2721 ⁸.

1816 2844 1994 2913 ΟΔΝ.
2048 2844 2242 2913 1866.

723 2996 758 3081 5
804 3000 870 3066 1.
918 2994 1528 3085 Infomationes,
1554 3000 1670 3068 uti
1692 3005 1984 3085 vocant,
2015 3002 2285 3088 orales,
2310 3003 2576 3088 quibus
2608 3006 2951 3076 videlicet
2977 3007 3321 3077 advocati
3350 3010 3548 3078 iudi·

542 3107 857 3296 {ermhciilee
858 3106 1240 3282 3331:ch
1268 3109 1459 3177 iuris
1489 3113 1565 3178 et
1596 3110 1783 3178 facti
1810 3127 2112 3178 causam
2145 3112 2711 3197 respicientibus
2750 3115 3120 3186 instruere
3152 3122 3547 3203 satagunt,

726 3320 761 3405 5
805 3320 873 3388 2.
922 3323 1375 3392 Admittitur
1409 3328 1657 3392 tamen
1695 3324 2078 3394 moderata
2119 3326 2535 3411 disputatio
2568 3346 2817 3396 coram
2854 3330 3098 3400 iudice
3130 3349 3269 3415 pro
3304 3333 3548 3401 tribu·

548 3428 706 3498 nali
765 3429 1061 3498 sedente
1122 3431 1218 3499 ad
1267 3432 1552 3517 aliquid
1602 3433 2160 3517 illustrandum,
2213 3435 2304 3517 si,
2356 3435 2727 3504 alterutra
2786 3438 2904 3505 vel
2953 3441 3269 3524 utraque
3321 3446 3551 3525 parte

549 3537 1001 3621 postulante,
1040 3538 1260 3607 iudex
1295 3558 1455 3607 eam
1493 3540 1753 3609 utilem
1789 3546 2088 3611 censeat
2130 3548 2354 3627 atque
2391 3543 2747 3611 admittat
2780 3544 2832 3612 '.

724 3642 758 3727 5
804 3643 872 3711 3.
920 3646 1038 3714 Ad
1065 3645 1645 3732 disputa-tionem
1680 3649 2154 3719 obtinendam
2187 3657 2435 3735 partes
2461 3654 2800 3724 exhibere
2823 3655 3091 3725 debent
3118 3657 3199 3724 in
3234 3658 3549 3744 scriptis

549 3752 1061 3837 quaestionum
1094 3755 1346 3839 capita
1372 3775 1539 3823 cum
1566 3757 1805 3826 altera
1838 3763 2054 3843 parte
2087 3759 2578 3844 discutienda,
2612 3763 2871 3846 paucis
2899 3764 3142 3833 verbis
3168 3783 3547 3852 expressag

729 4034 751 4070 ¹
787 4034 910 4088 Lex
935 4036 1171 4096 propria
1199 4035 1258 4089 S.
1291 4035 1362 4087 Β.
1392 4036 1582 4089 Rotae
1609 4041 1673 4090 et
1698 4037 2054 4100 Slgnaturae
2081 4040 2211 4099 Ap..
2238 4039 2304 4092 29
2328 4040 2450 4091 iun.
2485 4040 2634 4101 1908,
2660 4052 2790 4093 can.
2819 4041 2901 4102 26;
2926 4041 3186 4102 Regulus
3211 4041 3547 4093 servandae

548 4126 613 4176 ln
640 4123 879 4178 iudiciis
908 4127 1068 4186 apud
1099 4126 1159 4179 S.
1193 4126 1264 4178 Β.
1298 4126 1485 4179 Rotae
1514 4128 1820 4188 Tribunal,
1850 4130 1884 4180 4
1920 4141 2055 4190 auc.
2088 4130 2235 4190 1910,
2270 4129 2297 4190 5
2330 4130 2413 4182 45.

722 4224 748 4257 ²
788 4216 910 4267 Lex
945 4218 1181 4277 propria
1214 4217 1273 4270 S.
1306 4217 1376 4269 Β.
1409 4216 1598 4270 Rotae
1633 4223 1696 4271 et
1725 4218 2081 4280 sig-naturae
2111 4221 2241 4280 Ap..
2271 4220 2337 4273 29
2365 4220 2487 4272 lun.
2528 4219 2675 4282 1908,
2706 4231 2835 4272 can.
2867 4219 2951 4280 29,
2986 4220 3013 4282 5
3044 4221 3095 4282 85
3124 4220 3386 4283 Regulae
3424 4233 3544 4274 set·

549 4307 781 4359 vandae
804 4306 866 4357 ln
896 4307 1132 4360 iudiciis
1156 4308 1315 4370 apud
1344 4309 1403 4361 Β.
1432 4309 1502 4360 Β.
1531 4310 1723 4361 Rotae
1745 4309 2051 4370 Tribunal,
2087 4312 2120 4361 4
2145 4322 2278 4372 aug.
2307 4311 2455 4371 1910,
2488 4310 2515 4371 5
2541 4310 2623 4373 61;
2656 4311 2919 4373 Regulae
2944 4310 3271 4362 servandae
3296 4311 3363 4362 ln
3388 4311 3544 4363 ludl-

549 4398 662 4450 clls
693 4396 851 4458 apud
882 4396 1145 4459 Suprem.
1179 4398 1532 4461 signaturae
1560 4401 1667 4460 Ap.
1706 4401 2012 4461 Tribunal,
2040 4400 2074 4453 6
2102 4404 2277 4452 mart.
2307 4401 2455 4461 1912,
2487 4404 2601 4453 art.
2640 4402 2724 4463 41,
2753 4402 2836 4453 44.

726 4492 752 4529 ³
791 4489 912 4540 Lex
949 4491 1184 4549 propria
1224 4489 1283 4542 S.
1316 4489 1388 4541 Β.
1420 4491 1612 4543 Rotae
1648 4494 1710 4543 et
1747 4490 2101 4552 sig-naturae
2136 4493 2265 4552 Ap..
2305 4491 2369 4543 29
2404 4491 2525 4542 lun.
2572 4492 2721 4551 1908,
2758 4503 2888 4543 can.
2920 4491 3003 4553 29,
3043 4491 3070 4553 5
3110 4493 3162 4551 1,
3192 4491 3242 4553 2:
3276 4491 3547 4553 &sulae

550 4579 878 4633 servandae
914 4581 976 4631 ln
1004 4580 1243 4632 iudiciis
1270 4581 1428 4641 apud
1458 4580 1516 4633 S.
1550 4580 1621 4633 Β.
1656 4580 1843 4634 Rotae
1881 4582 2183 4642 Tribunal,
2216 4584 2248 4632 4
2279 4594 2411 4644 aug.
2444 4582 2592 4642 1910,
2627 4581 2654 4642 5
2692 4582 2776 4642 50,
2806 4593 2865 4633 ιι.
2897 4583 2948 4643 1,
2983 4581 3010 4643 5
3041 4581 3125 4641 58,
3155 4582 3239 4641 59,
3267 4593 3330 4633 ιι.
3366 4581 3419 4632 2.

725 4675 753 4712 ⁴
787 4670 909 4721 Lex
941 4671 1176 4729 propria
1211 4669 1268 4723 S.
1301 4671 1372 4722 R.
1406 4670 1595 4723 Rotae
1626 4675 1688 4725 et
1718 4671 2075 4733 signatur-ae
2104 4674 2233 4733 Ap„
2267 4672 2331 4724 29
2362 4673 2481 4723 lun.
2523 4671 2670 4731 1908,
2703 4682 2831 4723 can.
2865 4672 2948 4733 27,
2984 4672 3011 4733 5
3041 4672 3094 4734 83
3130 4672 3394 4734 Beoeulae
3424 4684 3546 4726 aar·

550 4761 781 4814 vandae
814 4762 876 4813 ln
909 4760 1147 4812 iudiciis
1185 4761 1343 4822 apud
1378 4760 1436 4814 S.
1468 4762 1539 4812 R.
1573 4762 1762 4815 Rotae
1801 4762 2108 4820 Tribunal,
2142 4764 2175 4813 4
2209 4775 2342 4823 aug.
2378 4763 2526 4823 1910,
2564 4762 2591 4824 5
2633 4763 2717 4822 50,
2751 4775 2809 4814 ιι.
2842 4765 2893 4815 1.

728 4857 753 4890 ⁵
793 4851 1051 4914 Regulae
1081 4851 1406 4903 servandae
1437 4852 1499 4903 ln
1533 4852 1769 4904 iudiciis
1801 4852 1960 4913 apud
1996 4851 2053 4905 S.
2088 4853 2158 4903 Β.
2192 4852 2380 4905 Rotae
2411 4853 2716 4913 Tribunal,
2749 4854 2782 4904 4
2820 4865 2954 4915 aug.
2988 4853 3139 4914 1910,
3173 4853 3200 4914 5
3234 4851 3318 4912 50,
3352 4864 3412 4902 ιι.
3459 4854 3513 4905 1.

729 4949 755 4984 ⁸
792 4944 913 4995 Lex
954 4942 1191 5004 propria
1244 4941 1301 4994 S.
1337 4943 1407 4994 Β.
1441 4943 1631 4996 Rotae
1670 4947 1732 4996 et
1774 4943 2130 5005 signaturae
2180 4945 2308 5004 Ap„
2351 4943 2415 4996 29
2460 4945 2579 4995 lun.
2622 4943 2771 5003 1908,
2814 4955 2941 4995 ean.
2995 4944 3080 5005 3ος
3119 4943 3381 5005 Mulae
3424 4954 3547 4996 aar·

551 5035 783 5087 vandae
816 5035 878 5086 ln
912 5034 1149 5086 iudiciis
1183 5033 1340 5094 apud
1375 5032 1433 5086 S.
1468 5033 1537 5085 Β.
1571 5033 1761 5087 Rotae
1790 5034 2096 5094 Tribunah
2133 5036 2163 5086 4
2197 5047 2329 5096 aug.
2375 5035 2521 5094 1910,
2560 5034 2587 5096 5
2621 5034 2799 5094 67,ἰι.
2832 5035 2881 5094 1;
2911 5033 3174 5095 Regulae
3214 5032 3548 5084 servandae

551 5127 615 5178 ln
645 5124 885 5178 iudiciis
915 5124 1072 5186 apud
1114 5124 1377 5184 Suprem.
1414 5123 1769 5188 signaturac
1808 5126 1915 5186 Ap.
1950 5126 2254 5185 Tribunal,
2290 5125 2324 5177 6
2352 5128 2527 5177 mart.
2564 5124 2711 5184 1912,
2755 5127 2869 5176 art.
2903 5122 2985 5174 52.

735 5220 760 5257 ⁷
792 5216 856 5268 C.
893 5216 976 5275 15,
1008 5217 1073 5276 Χ,
1110 5217 1181 5266 de
1220 5214 1470 5267 testibus
1505 5221 1564 5268 et
1599 5214 2106 5276 attestationibus,
2144 5217 2226 5276 ΙΙ,
2261 5215 2343 5277 20:
2385 5216 2508 5267 Lex
2544 5213 2780 5276 propria
2818 5212 2877 5266 8.
2909 5213 2981 5264 Β.
3015 5212 3204 5264 Rotae
3237 5215 3301 5266 et
3338 5212 3545 5275 Sigm-

550 5311 726 5361 turae
757 5309 887 5369 Ap„
916 5307 980 5359 29
1015 5309 1137 5358 lun.
1166 5306 1320 5382 1908,
1345 5318 1473 5358 can.
1502 5306 1585 5368 30;
1615 5307 1874 5368 Regulae
1904 5306 2230 5359 servandae
2260 5306 2322 5357 ln
2359 5305 2598 5358 iudiciis
2623 5304 2782 5366 apud
2813 5303 2872 5356 S.
2905 5303 2976 5354 Β.
3009 5304 3200 5356 Rotae
3230 5302 3542 5364 Tribunal.

548 5400 583 5450 4
610 5410 745 5458 aug.
777 5398 924 5458 1910,
961 5397 988 5459 5
1019 5397 1101 5458 67,
1132 5397 1216 5458 68,
1247 5397 1331 5458 71,
1364 5409 1422 5449 ιι.
1453 5396 1559 5459 2-4,
1593 5397 1620 5459 5
1649 5396 1732 5458 72,
1773 5410 1829 5449 ιι.
1864 5396 1914 5459 2;
1943 5398 2203 5459 Regulae
2235 5395 2561 5448 servandae
2589 5395 2652 5447 in
2683 5391 2922 5446 iudiciis
2951 5393 3110 5454 apud
3151 5392 3420 5453 Suprem.
3456 5392 3544 5446 Si·

550 5490 841 5549 gnaturae
882 5489 989 5549 Ap.
1024 5488 1331 5548 Tribunal,
1375 5488 1410 5540 6
1442 5492 1615 5541 mart.
1653 5487 1801 5550 1912,
1838 5491 1953 5540 art.
1995 5488 2077 5547 23,
2113 5489 2194 5539 49.
