3753 5871
1311 377 1489 428 muer
1517 378 1755 430 rancus
1788 403 1809 415 -
1845 378 1935 429 no
1974 378 2172 429 nebu
2243 355 2258 369 '
3154 374 3268 434 249

447 565 483 648 ξ
530 566 597 632 5.
649 566 958 635 Sacrum
1009 571 1259 635 tamen
1310 567 1687 636 Viaticum
1739 585 2175 652 quacunque
2221 566 2372 635 diei
2417 569 2555 636 aut
2601 565 2842 634 noctis
2888 565 3075 634 hora
3131 555 3259 632 mi·

268 672 584 740 nIstrari
618 678 863 757 potest
894 673 944 741 ¹.

1566 782 1744 851 om.
1784 781 1939 848 868.

451 923 836 992 Sacerdoti
894 924 1300 992 celebranti
1350 942 1497 992 non
1558 925 1734 992 licet
1785 922 2336 991 Eucharistiam
2387 921 2595 990 intra
2654 921 2959 988 Missam
3010 919 3260 988 distri-

265 1030 495 1099 buere
523 1030 865 1099 fidelibus
894 1032 1079 1100 adeo
1107 1031 1565 1100 distantibus
1604 1035 1692 1100 ut
1718 1032 1880 1116 ipse
1908 1031 2150 1098 alta-re
2182 1050 2224 1099 e
2250 1033 2648 1114 conspectu
2682 1028 2986 1096 amittat
3010 1025 3064 1094 ².

1565 1234 1745 1303 CAN.
1793 1235 1949 1304 869.

447 1373 681 1441 Sacra
713 1374 1132 1443 communio
1167 1373 1521 1442 distribui
1561 1379 1807 1459 potest
1854 1376 2273 1461 ubicunque
2310 1378 2618 1444 Missam
2652 1379 3024 1447 celebrare
3061 1379 3263 1463 licet,

266 1480 497 1547 etiam
530 1481 612 1547 in
647 1481 977 1550 oratorio
1008 1481 1327 1565 privato,
1376 1481 1522 1549 nisi
1554 1483 1700 1550 loci
1743 1483 2215 1566 ordinarius,
2256 1484 2478 1553 iustis
2511 1484 2603 1552 de
2644 1486 2916 1569 causis,
2956 1486 3036 1552 in
3078 1485 3259 1553 casi-

267 1586 410 1656 bus
441 1587 1026 1671 particularibus
1059 1588 1135 1655 id
1177 1588 1642 1673 prohibuerit
1664 1589 1718 1657 ⁸.

1450 1872 1878 1940 TITULUS
1917 1872 2050 1940 IV.

1342 2018 1462 2086 De
1520 2018 2134 2104 poenitentia.

1574 2228 1751 2295 CAN.
1791 2227 1946 2295 870.

450 2369 544 2435 In
578 2369 1078 2453 poenitentiae
1117 2373 1604 2452 sacramento,
1643 2388 1775 2454 per
1811 2369 2235 2438 iudicialem
2272 2372 2811 2441 absolutionem
2857 2391 2906 2440 a
2940 2372 3272 2458 legitimo

273 2474 625 2543 ministro
642 2476 1126 2560 impertitam,
1152 2476 1354 2545 fideli
1381 2478 1525 2545 rite
1546 2477 1912 2561 disposito
1944 2478 2433 2546 remittuntur
2457 2484 2763 2563 peccata
2794 2483 2967 2564 post
2991 2479 3264 2565 baptis·

272 2599 475 2649 mum
509 2583 903 2651 commissa
923 2584 975 2650 ⁴.

1575 2776 1837 2844 CAPUT
1873 2777 1939 2845 Ι.

989 2914 1101 2984 De
1142 2917 1488 2986 ntinistro
1542 2919 1990 2988 sacramenti
2035 2919 2557 3007 poenitentiae.
3167 2953 3179 2982 ι

1575 3133 1754 3201 OAN.
1796 3133 1950 3200 871.

454 3270 801 3339 Minister
836 3270 1059 3338 huius
1092 3272 1540 3339 sacramenti
1572 3276 1686 3340 est
1722 3273 1926 3340 solus
1961 3239 2303 3340 sacerdos
2327 3273 2380 3340 ³.

462 3499 484 3534 ¹
521 3498 765 3552 Bituale
802 3499 992 3560 Rom„
1031 3498 1127 3552 tit.
1169 3499 1272 3560 IV,
1306 3510 1358 3551 c.
1394 3500 1447 3560 4,
1486 3500 1559 3550 de
1593 3498 1996 3551 communione
2031 3499 2416 3561 infimorum,
2452 3513 2510 3553 n.
2547 3502 2630 3554 10.

456 3591 483 3627 ²
522 3587 581 3639 8.
617 3586 689 3639 R.
726 3589 814 3649 0.,
862 3587 1223 3647 Florentino,
1272 3590 1340 3641 19
1375 3588 1498 3640 dec.
1542 3589 1691 3649 1829,
1733 3589 1811 3641 ad
1859 3591 1911 3651 13
1958 3588 2228 3648 Ianum„
2269 3591 2302 3642 7
2340 3590 2464 3643 dec.
2507 3591 2655 3653 18443
2699 3590 2938 3644 Ordinis
2977 3591 3273 3642 Minorem·

281 3677 746 3738 cunuchorum
777 3678 983 3730 Sancti
1006 3676 1331 3738 Francisci,
1357 3678 1423 3729 24
1448 3681 1623 3730 mart.
1654 3679 1803 3740 1860,
1833 3678 1912 3730 ad
1940 3678 1990 3740 I:
2015 3678 2333 3731 societatis
2366 3680 2523 3738 lesu,
2550 3681 2613 3732 11
2645 3681 2796 3735 maii
2818 3681 2968 3742 1878,
2996 3681 3074 3733 ad
3102 3681 3271 3734 VIII.

458 3769 485 3804 ³
522 3767 581 3819 8.
612 3768 678 3819 0.
714 3767 803 3828 0.,
846 3767 1001 3822 decr.
1038 3765 1105 3818 12
1135 3766 1286 3819 febr.
1321 3767 1468 3828 1679:
1504 3767 1562 3819 S.
1599 3765 1671 3818 R.
1708 3766 1796 3828 0.,
1838 3765 2013 3818 Urbis
2052 3771 2118 3819 et
2164 3766 2426 3827 orestes
2458 3769 2601 3819 maii
2636 3769 2784 3821 1907.

461 3860 490 3896 ⁴
517 3857 581 3908 Ο.
613 3857 697 3915 49,
731 3857 816 3917 51,
849 3856 935 3916 88,
970 3855 1043 3908 D.
1078 3855 1129 3917 1,
1164 3858 1236 3908 de
1264 3856 1504 3917 noenu„-
1530 3868 1581 3908 c.
1617 3858 1669 3917 1,
1701 3855 1774 3907 D.
1809 3856 1912 3918 VI,
1945 3858 2017 3906 ae
2055 3856 2295 3918 poenu.,·
2328 3868 2384 3909 c.
2418 3860 2470 3918 1,
2506 3858 2573 3918 X,
2608 3860 2680 3908 de
2711 3868 2942 3909 summa
2973 3857 3269 3908 Trinitate

277 3948 341 3997 et
369 3946 488 4007 nae
524 3944 838 4005 catholiea,
869 3946 919 4008 I,
951 3947 1002 4008 1;
1030 3946 1207 3998 conc.
1246 3945 1537 4006 'rr-ment„
1578 3957 1718 3997 sess.
1757 3946 1859 4007 VI,
1896 3945 1967 3997 ae
1998 3945 2440 4007 iustificatione,
2472 3959 2524 3999 c.
2555 3949 2639 4008 14,
2673 3959 2804 3999 can.
2837 3948 2919 4009 29ς
2955 3959 3100 4000 sess.
3133 3948 3271 4008 VII,

278 4037 354 4086 ae
382 4033 772 4086 saer-amentis
804 4035 868 4084 in
894 4045 1124 4095 uenere,
1155 4046 1285 4086 can.
1317 4036 1368 4097 1;
1396 4046 1540 4087 sess.
1572 4034 1724 4095 XIV,
1756 4036 1828 4085 ae
1858 4034 2243 4095 poenitentia,
2272 4046 2322 4086 c.
2359 4035 2465 4096 1-8,
2505 4048 2635 4088 cun.
2667 4037 2774 4097 1-4,
2810 4037 2861 4097 9,
2897 4036 2981 4097 12,
3016 4037 3098 4098 15;
3136 4036 3275 4087 Pro-

281 4124 467 4176 tessio
504 4124 643 4176 ndei
687 4125 777 4184 (in
810 4123 985 4176 Oonc.
1034 4123 1376 4185 Lugdunen.
1420 4123 1507 4180 11)
1558 4136 1595 4176 a
1645 4121 1934 4176 Michaeie
1973 4124 2322 4186 Palaeoiogo
2361 4124 2643 4186 Gregorio
2678 4126 2729 4177 Χ
2766 4126 2987 4184 oblata,
3028 4137 3084 4175 a.
3130 4124 3277 4186 1274;

280 4213 641 4266 Benedictus
667 4213 800 4275 ΧΙΙ,
836 4225 892 4263 a.
926 4213 1076 4273 1841,
1111 4224 1274 4273 prop.
1307 4212 1391 4273 48,
1421 4213 1505 4273 51,
1536 4213 1620 4273 52,
1655 4214 2061 4274 Aunenorum,
2093 4212 2312 4275 damn.;
2344 4213 2644 4274 Eugenius
2675 4213 2757 4266 IV
2808 4213 2894 4272 (in
2932 4213 3109 4266 Cone.
3149 4213 3277 4264 Flo-

281 4302 548 4363 renum),
590 4305 777 4354 const.
813 4317 845 4353 ι
876 4301 1161 4352 Eumene
1199 4298 1320 4351 Deo
1354 4315 1404 4362 s,
1446 4300 1516 4352 22
1554 4313 1687 4353 τιον.
1723 4302 1872 4362 1439,
1912 4301 1939 4363 ς
1974 4301 2056 4363 133
2090 4302 2209 4354 Leo
2241 4302 2308 4361 Χ,
2347 4305 2533 4355 const.
2574 4317 2606 4353 ι
2643 4303 2910 4361 Bostar-oe
2946 4301 3194 4350 Domine
3224 4317 3273 4363 n,

280 4391 348 4442 15
380 4390 500 4442 iun.
536 4390 686 4452 152⁰,
719 4402 951 4442 errores
982 4391 1035 4451 5,
1066 4390 1237 4451 10-12,
1268 4391 1352 4451 14,
1389 4389 1633 4442 Martini
1668 4390 1913 4451 Iauther,
1947 4390 2165 4453 damn.;
2200 4389 2260 4443 S.
2296 4392 2441 4444 Pius
2481 4393 2550 4453 V,
2598 4395 2780 4444 const.
2819 4407 2849 4441 ι
2883 4390 2975 4440 Ex
3009 4389 3280 4439 omnibus

280 4480 700 4539 afflictionibus
735 4494 786 4541 s,
831 4482 865 4531 1
898 4483 1013 4533 oct.
1051 4479 1201 4540 1567,
1238 4490 1471 4530 errores
1511 4479 1599 4540 57,
1634 4479 1718 4541 58,
1768 4479 2079 4531 Michaelis
2116 4479 2271 4539 Bau,
2311 4479 2530 4542 damn:
2569 4481 2842 4533 Urbanus
2881 4480 3049 4539 VIII,
3088 4482 3274 4531 const.

283 4585 315 4621 ι
336 4569 415 4620 1¹·
438 4570 723 4620 eumenii
747 4584 798 4631 s,
822 4570 859 4622 6
880 4573 1055 4622 mart.
1089 4569 1240 4629 1641,
1270 4569 1297 4631 ς
1332 4569 1383 4630 2,
1411 4569 1461 4631 8;
1488 4570 1649 4621 Pius.
1683 4569 1785 4630 VI,
1816 4572 2003 4622 const.
2036 4584 2068 4620 ι
2092 4569 2391 4620 Mediator
2415 4584 2467 4631 s,
2503 4571 2568 4621 11
2602 4581 2735 4621 nov.
2767 4568 2917 4627 1784,
2952 4568 2979 4627 3
3010 4569 3060 4629 53
3088 4571 3275 4620 const.

283 4674 315 4710 ι
344 4659 659 4709 Auctorem
683 4659 825 4719 fidei
850 4674 900 4720 s,
931 4660 997 4712 28
1021 4672 1154 4721 aug.
1182 4660 1331 4719 1794,
1362 4670 1525 4721 prop.
1556 4659 1640 4718 36,
1672 4658 1756 4720 38,
1787 4658 2008 4721 synodi
2036 4659 2372 4720 Pistorien„
2399 4659 2618 4720 damn.;
2655 4657 2712 4710 S.
2751 4657 2816 4709 C.
2851 4655 2910 4709 S.
2942 4657 3081 4718 off..
3119 4657 3274 4708 decr.

283 4749 317 4798 4
353 4751 529 4801 mart.
570 4747 719 4807 1679,
770 4760 932 4809 prop.
974 4749 1058 4809 64,
1100 4749 1320 4810 damn.;
1364 4748 1403 4799 2
1447 4748 1572 4800 dec.
1613 4747 1761 4809 1874:
1800 4748 2044 4800 Rituale
2082 4748 2270 4809 Rom..
2315 4750 2410 4800 tit.
2455 4748 2571 4809 111,
2613 4758 2663 4797 c.
2695 4748 2747 4806 1,
2794 4748 2865 4796 de
2908 4749 3278 4796 sacramento

282 4837 702 4896 poenitentiae,
740 4847 798 4887 n.
838 4837 888 4896 1,
920 4838 969 4887 2.
1001 4863 1068 4874 -
1096 4836 1245 4889 Vide
1280 4839 1462 4888 etium
1497 4849 1627 4889 can.
1665 4836 1781 4889 886.

459 4930 487 4964 ⁵
523 4926 589 4979 0.
634 4927 719 4987 51,
750 4927 833 4987 78,
863 4926 948 4986 88,
994 4927 1066 4977 D.
1106 4927 1155 4981 1.
1192 4926 1265 4977 de
1298 4928 1537 4987 poenit„-
1567 4938 1617 4978 c.
1658 4929 1708 4988 1,
1748 4927 1819 4977 D.
1867 4926 1970 4986 VI,
2010 4927 2082 4975 de
2116 4927 2355 4985 poenit.-
2390 4936 2439 4976 c.
2473 4925 2557 4983 10,
2589 4924 2656 4983 Χ,
2698 4926 2768 4974 de
2805 4922 3186 4981 poenitentiis
3221 4927 3281 4974 et

281 5015 749 5075 remissionibus,
778 5016 848 5076 V,
878 5016 962 5078 883
989 5015 1164 5069 Cone.
1198 5016 1488 5077 Trident„
1523 5029 1667 5069 sess.
1700 5016 1803 5076 VI,
1837 5016 1910 5067 de
1948 5012 2389 5075 iustificatione,
2420 5025 2470 5064 c.
2504 5014 2586 5073 14;
2618 5024 2761 5064 sess.
2797 5013 2949 5073 xlv,
2983 5012 3055 5062 de
3086 5012 3280 5072 poeni-

284 5106 496 5164 tentia,
529 5116 580 5156 c.
612 5107 664 5167 1,
694 5106 745 5166 2,
776 5105 883 5166 5-7,
912 5105 964 5167 9,
1006 5117 1137 5157 can.
1178 5106 1262 5166 10;
1293 5118 1438 5157 sess.
1472 5105 1687 5166 XXIII,
1725 5106 1796 5155 de
1830 5103 2056 5162 ordine,
2090 5115 2141 5154 c.
2173 5105 2224 5164 1;
2266 5101 2645 5154 Innocentius
2680 5101 2763 5160 11,
2798 5114 2889 5163 ep.
2932 5117 2962 5151 ι
3000 5100 3281 5152 restante

284 5195 564 5254 apostolo
591 5211 641 5256 n,
667 5195 735 5247 16
759 5196 863 5246 iul.
894 5196 1043 5256 1141,
1074 5196 1319 5256 capitul.
1348 5195 1431 5254 12,
1463 5193 1625 5247 Petri
1660 5194 1975 5253 Abaelard,
2005 5193 2225 5253 damn.;
2255 5192 2552 5243 Martinus
2579 5192 2628 5242 V
2666 5191 2753 5249 (in
2781 5192 2955 5243 Conc.
2995 5192 3281 5243 Constan-

284 5283 476 5345 tien.),
522 5287 709 5336 const.
749 5299 779 5333 ι
815 5282 985 5333 Inter
1020 5287 1264 5334 cunetas
1302 5299 1352 5342 s,
1394 5283 1459 5333 22
1495 5284 1644 5336 febr.
1683 5282 1832 5344 1418,
1881 5286 1982 5335 art
2036 5283 2119 5343 20,
2154 5281 2238 5342 21,
2286 5281 2361 5332 de
2397 5282 2612 5343 quibus
2645 5293 2911 5332 errorum
2954 5280 3186 5331 wiclefi
3221 5283 3283 5332 et

285 5373 452 5425 Husz
484 5374 742 5435 suspecti
780 5372 1200 5435 interrogation
1235 5373 1533 5434 Eugenius
1570 5373 1651 5426 IV
1698 5373 1788 5433 (in
1820 5372 1996 5424 Oonc.
2037 5371 2411 5430 Florentin.),
2456 5374 2642 5422 const.
2682 5386 2712 5420 ι
2751 5368 3033 5420 Εωιιῑεαεε
3072 5369 3195 5418 Deo
3230 5384 3280 5430 n,

284 5463 352 5515 22
370 5475 503 5514 nov.
529 5462 679 5523 1439,
708 5462 840 5525 §133
860 5463 979 5515 Leo
1005 5461 1073 5523 Χ,
1098 5465 1283 5515 const.
1318 5479 1348 5513 ι
1373 5463 1638 5523 masur-ac-
1672 5462 1916 5514 Domine
1944 5477 1993 5523 n,
2022 5463 2088 5514 15
2117 5462 2235 5513 iun.
2265 5461 2412 5521 1520,
2438 5473 2605 5513 error
2637 5460 2720 5519 13,
2759 5459 3010 5511 Martini
3039 5459 3284 5517 Luther,

286 5550 507 5614 damn:
528 5551 847 5614 Gregorius
869 5553 1036 5613 XIII,
1060 5555 1245 5605 const.
1277 5569 1307 5603 ι
1337 5552 1526 5613 Officii
1550 5553 1738 5604 nostri
1763 5567 1813 5613 s,
1845 5552 1881 5605 6
1903 5564 2037 5614 aug.
2066 5550 2214 5610 1574,
2247 5551 2272 5612 g
2296 5551 2347 5613 23
2376 5550 2647 5603 Clemens
2671 5549 2841 5607 VIII,
2873 5551 3062 5601 const.
3092 5564 3122 5598 ι
3151 5545 3286 5598 Etsi
