3753 5871
1195 339 1372 388 Liber
1416 340 1675 401 Quartus
1709 363 1728 375 ·
1764 337 1852 389 Do
1897 339 2273 391 Prooombu
3131 339 3239 398 535

1525 641 1783 708 CAPUT
1832 641 1940 707 ΙΙ.

377 764 488 832 De
525 765 855 850 yratuito
893 763 1337 851 patrocinio,
1373 767 1506 831 aut
1552 780 2039 850 empenearum
2074 763 2539 833 iudicialium
2576 763 3101 832 deminutione.

1508 962 1686 1029 CAN.
1736 963 1932 1030 1914.

422 1089 820 1172 Pauperes‚
860 1088 925 1155 si
955 1088 1033 1155 in
1071 1092 1311 1155 totum
1341 1087 1662 1170 impares
1690 1087 1843 1154 sint
1875 1087 2216 1171 expensis
2245 1086 2720 1154 iudicialibus
2750 1086 3230 1167 sustinendis,

247 1198 365 1263 ius
397 1196 671 1263 habent
696 1197 792 1262 ad
825 1196 1236 1277 gratuitum
1267 1194 1784 1278 patrocinium;
1814 1195 1881 1261 si
1905 1195 1993 1262 ex
2024 1199 2239 1279 parte
2267 1200 2588 1277 tantum,
2620 1195 2716 1262 ad
2745 1211 3229 1279 expensarum

243 1302 819 1369 deminutionem
862 1302 911 1367 ¹.

1515 1410 1692 1478 CAN.
1745 1410 1941 1476 1915.

426 1536 460 1616 ξ
507 1538 574 1600 1.
623 1535 769 1614 Qui
803 1535 1335 1619 exemptionem
1374 1535 1466 1602 ab
1502 1535 1841 1618 expensis
1878 1534 1994 1601 vel
2028 1551 2280 1601 earum
2318 1533 2893 1601 deminutionem
2940 1532 3233 1616 assequi

244 1642 432 1725 vult,
465 1661 624 1710 eam
661 1661 708 1709 a
739 1642 980 1710 iudice
1014 1642 1392 1726 postulare
1424 1642 1662 1724 debet,
1704 1642 1884 1708 dato
1912 1641 2233 1726 supplici
2263 1641 2538 1723 libello,
2582 1640 2978 1725 allatisque
3016 1638 3229 1707 docu-

248 1750 516 1818 mentis
563 1750 827 1833 quibus
876 1768 1062 1834 quae
1105 1750 1438 1817 conditio
1480 1751 1582 1817 sit
1628 1749 2082 1833 postulantis
2132 1766 2403 1834 quaeve
2461 1749 2620 1816 eius
2682 1748 2788 1816 rei
2834 1747 3233 1814 familiaris

243 1858 459 1942 copia
490 1859 963 1941 demonstret3
997 1863 1380 1942 praeterea
1423 1857 1735 1941 probare
1769 1858 1985 1926 debet
2019 1876 2096 1925 se
2139 1876 2285 1924 non
2322 1857 2616 1924 futilem
2662 1875 2894 1940 neque
2929 1860 3228 1923 temera·

249 1964 433 2030 riam
481 1982 781 2031 causam
820 1982 1037 2050 agere
1081 1963 1131 2027 ³.

424 2072 457 2154 ξ
504 2072 570 2137 2.
623 2072 853 2140 Iudex
893 2073 1466 2157 postulationem
1518 2091 1648 2140 nec
1686 2073 2042 2140 admittat
2089 2091 2220 2139 nec
2271 2071 2584 2154 reiiciat,
2629 2071 2777 2138 nisi
2828 2070 3230 2156 requisitis,

246 2180 311 2246 si
357 2198 543 2264 opus
589 2181 716 2263 sit,
765 2180 1058 2248 notitiis
1107 2181 1331 2248 etiam
1382 2180 1683 2249 secretis
1733 2181 1999 2265 quibus
2046 2184 2323 2247 statum
2378 2179 2485 2247 rei
2535 2179 2933 2246 familiaris
2993 2178 3232 2263 ipsius

245 2287 697 2371 postulantis
728 2292 1183 2372 compertum
1220 2288 1487 2356 habere
1530 2288 1768 2372 possit
1800 2288 2203 2372 auditoque
2240 2291 2658 2373 promotore
2692 2286 3048 2370 iustitiae3
3084 2287 3232 2355 imo

243 2412 660 2461 concessam
696 2399 942 2479 potest
974 2395 1196 2463 etiam
1244 2413 1608 2478 revocare,
1648 2397 1714 2463 si
1753 2396 1832 2462 in
1867 2396 2184 2464 decursu
2230 2413 2614 2479 processus
2647 2398 3008 2462 assertam
3055 2413 3228 2479 pau·

246 2506 606 2585 pertatem
650 2521 797 2570 non
844 2503 1100 2570 adesse
1134 2508 1591 2588 compertum
1629 2504 1971 2572 habuerit
2017 2500 2069 2566 ⁸.

1508 2678 1685 2745 CAN.
1742 2677 1937 2744 1916.

416 2798 449 2880 δ
498 2801 563 2864 1.
613 2800 730 2868 Ad
774 2801 1186 2885 gratuitum
1234 2819 1640 2885 pauperum
1688 2800 2185 2886 patrocinium
2229 2801 2449 2869 iudex
2494 2802 2573 2868 in
2618 2789 2934 2887 singulis
2987 2801 3234 2868 causis

244 2906 474 2991 eligat
506 2906 827 2993 aliquem
859 2927 947 2977 ex
989 2909 1370 2976 advocatis
1407 2909 1486 2976 in
1529 2927 1663 2977 suo
1696 2909 1861 2977 foro
1898 2910 2415 2995 approbatum,
2464 2908 2590 2995 qui
2624 2909 2718 2977 ab
2753 2909 2889 2977 hoc
2933 2927 3234 2977 munere

243 3015 626 3099 explendo,
675 3017 821 3083 nisi
864 3035 952 3084 ex
994 3035 1222 3084 causa
1267 3017 1496 3085 iudici
1542 3018 1880 3101 probata,
1931 3036 2086 3085 sese
2143 3018 2546 3085 subducere
2594 3017 2873 3103 nequit,
2922 3035 3132 3085 secus
3187 3036 3234 3084 a

241 3121 485 3190 iudice
525 3141 854 3208 congrua
894 3142 1153 3209 poena,
1207 3125 1432 3193 etiam
1477 3126 1982 3209 suspensionis
2031 3127 2124 3193 ab
2166 3125 2423 3208 officio,
2471 3125 2697 3211 plecti
2749 3129 3004 3209 potest
3035 3122 3084 3192 ⁴.

419 3229 452 3311 ξ
500 3229 566 3296 2.
616 3229 1147 3300 Deficientibus
1186 3232 1589 3315 advocatis,
1644 3234 1864 3301 iudex
1907 3233 2385 3300 ordinarium
2429 3232 2573 3300 loci
2620 3237 2826 3315 roget
2870 3236 2956 3300 ut
3005 3233 3231 3299 aliam

242 3334 581 3404 idoneam
618 3356 1030 3421 personam,
1072 3339 1138 3406 si
1173 3358 1360 3424 opus
1394 3340 1520 3423 sit,
1560 3340 1894 3426 designet
1931 3341 2027 3409 ad
2075 3340 2423 3425 pauperis
2471 3341 2967 3424 patrocinium
3006 3341 3228 3409 susci·

243 3442 615 3525 piendum.

1374 3661 1797 3730 TITULUS
1838 3662 2075 3729 XVII.

1212 3805 1314 3873 De
1362 3807 1810 3875 exsecutione
1855 3808 2268 3876 sententIae.

1508 3999 1684 4068 CAN.
1733 4000 1929 4066 1917.

417 4118 449 4200 ξ
499 4121 563 4184 1.
617 4119 1004 4188 Sententia
1040 4139 1225 4207 quae
1259 4123 1568 4191 transiit
1601 4125 1680 4190 in
1725 4143 1878 4192 rem
1925 4124 2355 4207 iudicatam,
2398 4124 2853 4192 exsecutioni
2889 4124 3230 4193 mandari

241 4229 508 4306 potest.

416 4333 448 4415 ξ
495 4333 563 4401 2.
614 4334 846 4404 Iudex
892 4341 1138 4404 tamen
1186 4343 1431 4422 potest
1477 4340 1912 4421 sententiae,
1974 4358 2160 4425 quae
2218 4340 2541 4408 nondum
2592 4340 2897 4409 transiit
2946 4341 3025 4407 in
3076 4359 3226 4408 rem

239 4437 668 4524 iudicatam,
710 4444 1194 4528 provisoriam
1232 4446 1771 4514 exsecutionem
1815 4447 2111 4514 iubere:

496 4551 593 4615 1.⁰
640 4550 722 4618 Si
756 4556 1027 4633 agatur
1061 4553 1152 4620 de
1187 4553 1731 4636 provisionibus
1769 4574 1897 4623 seu
1943 4554 2573 4639 praestationibus
2606 4556 2702 4623 ad
2741 4555 3230 4623 necessaria-m

239 4657 852 4726 sustentationem
909 4659 1297 4743 ordinatis3

422 4877 444 4913 1
480 4879 603 4929 Lex
628 4880 866 4939 propria
894 4879 952 4932 S.
981 4880 1052 4932 Β.
1079 4879 1268 4933 Rotae
1295 4884 1360 4934 et
1385 4880 1740 4944 signaturae
1765 4882 1899 4943 Ap„
1926 4881 1992 4934 29
2024 4883 2146 4933 lun.
2177 4882 2325 4938 1908.
2361 4883 2688 4945 Appendlx,
2716 4895 2844 4945 cap.
2877 4885 2977 4947 IV,
3015 4899 3072 4938 n.
3102 4888 3151 4946 1,
3182 4887 3230 4947 z

242 4967 501 5029 Regulae
529 4969 853 5022 servandae
880 4969 945 5021 in
971 4970 1208 5023 iudiciis
1239 4970 1398 5032 apud
1427 4971 1485 5025 S.
1516 4971 1586 5022 Β.
1624 4972 1813 5024 Rotae
1838 4972 2145 5033 Tribunal,
2183 4974 2216 5023 4
2242 4985 2360 5034 aug
2410 4974 2559 5034 1910,
2591 4974 2618 5034 8
2651 4974 2765 5026 207.

412 5063 438 5097 ²
484 5059 604 5110 Lex
636 5061 884 5136 propria·
915 5060 974 5113 S.
1009 5061 1079 5113 Β.
1113 5061 1304 5114 Rotae
1330 5065 1393 5115 et
1433 5062 1789 5124 signaturae
1818 5065 1951 5124 Ap„
1985 5063 2050 5115 29
2080 5063 2201 5114 lun.
2236 5062 2383 5124 1908,
2420 5063 2749 5125 Appendlx,
2781 5076 2909 5125 cap.
2952 5065 3053 5126 IV,
3088 5079 3146 5117 n.
3182 5066 3232 5126 33

239 5149 499 5211 Regulae
537 5150 863 5203 servandae
893 5150 958 5202 in
988 5151 1227 5204 iudiciis
1256 5152 1412 5213 apud
1452 5153 1510 5206 S.
1545 5153 1616 5204 Β.
1654 5153 1843 5206 Rotae
1873 5154 2180 5214 Tribunal,
2213 5155 2245 5204 4
2277 5166 2411 5215 aug.
2444 5155 2594 5214 1910,
2639 5155 2666 5215 8
2700 5155 2816 5217 208,
2851 5155 2964 5206 212.

414 5245 440 5282 ³
478 5241 600 5293 Lex
629 5243 865 5303 propria
902 5241 961 5295 S.
990 5243 1060 5294 Β.
1093 5243 1282 5296 Rotae
1304 5246 1367 5296 et
1402 5243 1757 5305 signaturae
1783 5246 1915 5306 Ap„
1943 5245 2009 5297 29
2036 5246 2156 5296 lun.
2187 5241 2336 5305 1908,
2368 5245 2696 5305 Appendht,
2724 5257 2852 5306 cap.
2890 5245 2991 5306 1v,
3020 5259 3080 5297 n.
3113 5248 3161 5297 4.

412 5336 440 5372 ⁴
483 5333 603 5384 Lex
637 5333 874 5393 propria
919 5331 978 5385 S.
1016 5334 1087 5385 Β.
1124 5334 1314 5387 Rotae
1348 5337 1412 5387 et
1446 5333 1800 5394 signaturae
1837 5337 1968 5396 Ap„
2004 5335 2070 5387 29
2102 5336 2224 5387 lun.
2263 5335 2412 5397 1908,
2447 5347 2578 5388 can.
2625 5337 2707 5397 45.
2747 5337 2774 5397 8
2810 5336 2861 5398 2,
2900 5337 3228 5398 appendix,

238 5431 366 5482 cap.
404 5421 506 5483 IV,
533 5434 592 5473 n.
622 5422 672 5484 ⁶3
698 5423 959 5485 Regulus
983 5424 1309 5477 servandae
1343 5424 1406 5476 ln
1433 5424 1670 5477 indicus
1697 5426 1856 5487 apud
1886 5425 1944 5479 S.
1975 5427 2045 5478 Β.
2080 5426 2271 5478 Rotae
2296 5426 2603 5487 Tribunal,
2636 5427 2669 5477 4
2695 5440 2830 5489 aug.
2862 5428 3011 5488 1910,
3052 5428 3079 5488 8
3110 5427 3227 5486 207,

234 5523 293 5562 n.
324 5512 376 5573 1,
417 5512 444 5572 8
473 5511 591 5576 215,
619 5511 734 5567 mo.
