3753 5871
1495 74 1859 125 Documento
3069 71 3169 130 711

208 268 299 329 vel
333 281 452 344 per
506 281 580 327 se
629 262 853 342 ipsam
916 262 1314 323 innocentes
1378 259 1837 322 confessarios
1889 257 2101 337 impie
2153 256 2663 336 calumniando,
2730 257 2835 320 vel
2894 256 3177 322 sceleste

207 372 642 451 procurando,
689 375 772 433 ut
809 370 885 433 id
926 369 1014 432 ab
1045 368 1209 432 aliis
1241 369 1392 445 fiat,
1429 384 1473 430 a
1516 382 1938 446 quocumque
1974 364 2327 429 sacerdote
2362 365 2603 444 quovis
2636 364 3019 445 privilegio,
3039 383 3174 429 .an·

204 478 537 559 ctoritate,
565 483 637 544 et
663 477 1005 557 dignitate
1027 475 1319 555 munito,
1351 478 1830 554 praeterquam
1859 491 1907 536 a
1929 473 1991 534 N
1995 474 2169 551 obis,
2198 473 2606 551 Nostrisqne
2630 472 3172 553 Successoribus‚

205 587 328 648 nisi
350 587 422 648 in
454 586 590 650 fine
612 585 818 660 vitae,
844 590 918 647 et
938 586 1222 663 excepto
1245 583 1491 645 mortis
1515 580 1839 660 articulo,
1866 598 1990 660 spe
2014 580 2475 644 absolutionis
2499 580 2934 661 obtinendae,
2969 598 3172 661 quam

204 694 402 757 Nobis
432 698 508 757 et
543 692 1061 755 Successoribns
1106 689 1481 770 praedictis
1525 706 1975 769 reservamus,
2016 692 2347 768 perpetuo
2392 692 2651 753 careat.

374 801 406 877 ξ
450 804 514 862 4.
561 801 847 863 Demum
888 814 1296 878 magnopere
1335 799 1690 876 cupientes
1727 815 1775 861 a
1813 796 2267 860 sacerdotalis
2304 796 2572 877 indicii,
2613 801 2687 862 et
2727 798 2908 861 sacri
2958 799 3173 862 tribn-

201 909 371 970 nalis
414 908 788 970 sanctitate
827 922 1090 969 omnem
1135 905 1597 984 turpitudinis
1631 905 2081 984 occasionem,
2129 910 2202 969 et
2242 905 2841 968 Sacramentorum
2879 909 3171 969 contem·

202 1020 408 1094 ptum,
439 1020 512 1078 et
539 1013 887 1078 Ecclesiae
921 1013 1249 1076 iniuriam
1281 1013 1479 1093 longe
1510 1013 1928 1092 submovere,
1960 1017 2033 1077 et
2061 1015 2206 1074 tam
2237 1012 2534 1076 exitiosa
2566 1012 2957 1075 huiusmodi
2989 1012 3173 1077 mala

203 1139 475 1200 prorsus
512 1122 891 1199 eliminare,
928 1125 999 1185 et
1040 1123 1374 1199 quantum
1409 1121 1485 1183 in
1528 1121 1825 1184 Domino
1859 1137 2246 1199 possumus,
2276 1105 2671 1183 ‘animarum
2706 1119 3034 1199 periculis
3067 1138 3171 1184 oc·

198 1246 482 1309 currere,
518 1246 691 1308 quas
723 1228 1040 1308 sacrilegi
1071 1229 1374 1308 quidam,
1416 1228 1767 1291 daemonis
1801 1228 2058 1307 potius,
2100 1245 2302 1307 quam
2344 1228 2475 1292 Dei
2505 1228 2835 1304 ministri,
2868 1228 3019 1292 loco
3058 1246 3177 1292 eas

200 1354 314 1415 per
358 1337 874 1400 Sacramentum
920 1336 1236 1401 Creatori
1284 1354 1409 1399 suo
1455 1354 1537 1398 ac
1582 1339 1823 1399 nostro
1870 1335 2406 1415 reconciliandi,.
2434 1337 2682 1399 maiori
2742 1338 3175 1416 peccatorum

199 1444 363 1509 mole
389 1447 775 1522 onerantes,
802 1444 876 1506 in
905 1444 1323 1523 protundum
1357 1443 1754 1522 iniquitatis
1782 1444 2185 1506 barathrum
2215 1444 2479 1507 nefarie
2507 1445 2976 1523 submergunt,
3008 1461 3171 1508 non·

197 1552 533 1614 nullorum
562 1550 1074 1615 venerabilium
1102 1551 1432 1614 Fra-trum
1469 1552 1880 1615 Nostrorum
1913 1551 2208 1615 Sanctae
2247 1553 2594 1616 Romanae
2625 1552 2975 1616 Ecclesiae
3011 1552 3167 1615 Car·

195 1660 546 1738 dinalium,
585 1663 657 1723 et
691 1659 1078 1740 aliquorum
1125 1659 1200 1721 in
1247 1659 1594 1739 theologia
1634 1660 2125 1739 Magistrorum
2173 1659 2463 1722 consilio
2502 1661 2796 1739 desuper
2835 1660 3172 1738 adhibito,

197 1766 665 1829 accedentibus
733 1783 996 1845 quoque
1056 1767 1336 1831 iteratis
1402 1766 1707 1845 plurium
1766 1765 2262 1846 Episcoporum
2333 1766 2980 1845 supplicationibus,
3046 1766 3174 1831 hac

201 1876 446 1938 Nostra
485 1876 558 1936 in
592 1879 995 1954 perpetuum
1036 1875 1339 1937 valitura
1373 1875 1751 1953 sanctione,
1786 1874 2349 1952 quemadmodum
2380 1892 2426 1937 a
2466 1875 2784 1953 pluribus
2815 1876 3179 1954 Episcopis

196 2001 313 2061 per
349 1984 709 2062 synodales
758 2000 921 2045 suas
955 1982 1489 2046 constitutiones
1525 1982 1664 2044 iam
1703 1983 1966 2045 factum
2007 2000 2154 2045 esse
2192 1983 2528 2059 novimus,
2570 1983 2887 2045 omnibns
2923 1988 2995 2046 et
3037 1983 3171 2044 sin·

193 2091 368 2170 gulis
402 2091 895 2177 sacerdotibus,
940 2094 1084 2154 tam
1122 2090 1590 2153 saecularibus
1632 2107 1835 2170 quam
1880 2089 2313 2169 regularibus
2346 2090 2829 2169 cuiuscumque
2865 2090 3171 2170 Ordinis,

194 2216 271 2261 ac
311 2198 696 2278 dignitatis,
759 2199 1039 2262 tametsi
1098 2198 1405 2277 alioquin
1465 2199 1555 2261 ad
1616 2198 2079 2262 confessiones
2136 2197 2574 2277 excipiendas
2634 2200 3061 2280 approbatis,
3103 2202 3175 2261 et

193 2306 423 2382 quovis
465 2305 822 2385 privilegio
856 2310 926 2370 et
955 2305 1255 2384 indulto,
1289 2306 1498 2368 etiam
1543 2305 1824 2385 speciali
1866 2306 2324 2384 expressione.
2362 2310 2433 2370 et
2477 2305 2972 2384 specialissima
3007 2309 3176 2369 nota

190 2420 260 2475 et
300 2414 637 2476 mentione
701 2414 907 2493 digno
972 2413 1302 2492 suffultis,
1370 2415 1791 2477 auctoritate
1857 2413 2283 2493 Apostolica,
2327 2418 2399 2478 et
2441 2414 2740 2478 Nostrae
2806 2414 3174 2493 potestatis

190 2521 613 2598 plenitudine
652 2522 1130 2584 interdicimus
1179 2526 1251 2586 et
1293 2522 1751 2601 prohibemus,
1805 2539 1893 2584 ne
1941 2520 2194 2599 aliquis
2234 2538 2492 2600 eorum,
2536 2526 2735 2585 extra
2776 2539 3011 2585 casnm
3064 2538 3171 2586 ex·

186 2632 443 2691 tremae
470 2628 928 2708 necessitatis,
967 2627 1292 2691 nimirum
1323 2630 1398 2690 in
1436 2626 1657 2708 ipsius
1689 2628 1935 2691 mortis
1972 2628 2292 2707 articulo,
2326 2633 2399 2691 et
2428 2630 2784 2693 deficiente
2814 2632 2982 2691 tnnc
3011 2646 3169 2708 qno-

185 2752 467 2814 cumque
512 2735 656 2799 alio
698 2737 1050 2800 sacerdote
1092 2736 1207 2815 qni
1251 2737 1656 2801 confessarii
1702 2754 1953 2799 munus
1996 2737 2185 2799 obire
2228 2736 2472 2814 possit,
2518 2737 3012 2800 contessionem
3069 2754 3170 2799 sa·

183 2842 667 2907 eramentalem
710 2860 1041 2922 personae
1077 2844 1430 2922 complicis
1468 2846 1542 2906 in
1593 2848 1871 2923 pecca-to
1942 2846 2134 2923 turpi
2199 2849 2406 2923 atque
2478 2844 2863 2923 inhonest0‚
2930 2847 3174 2908 contra

185 2955 450 3014 sextum
511 2950 835 3030 Decalogi
883 2957 1320 3031 praeceptum
1368 2954 1750 3030 commisso,
1800 2954 2108 3031 excipere
2156 2954 2435 3032 audeat,
2487 2954 2764 3016 sublata
2811 2957 3173 3032 propterea

183 3058 292 3119 illi
334 3059 486 3136 ipso
525 3059 678 3122 iure
719 3076 1138 3137 quacumque
1178 3061 1598 3124 auctoritate
1649 3065 1722 3125 et
1764 3061 2241 3124 iurisdictione
2283 3063 2373 3124 ad
2428 3059 2983 3140 qualemcumque
3024 3078 3169 3140 per-

185 3182 421 3227 sonam
456 3167 542 3227 ab
577 3166 966 3229 huiusmodi
1002 3165 1204 3245 culpa
1248 3167 1748 3244 absolvendam3
1784 3170 1956 3232 adeo
1992 3169 2285 3247 quidem,
2328 3173 2410 3231 ut
2453 3168 2821 3238 absolutio.
2862 3170 2921 3231 si
2968 3186 3169 3248 quam

180 3274 622 3351 impertierit,
672 3274 866 3336 nulla
914 3279 1121 3352 atque
1165 3275 1373 3338 irrita
1423 3278 1701 3339 omnino
1749 3277 1866 3354 sit,
1919 3281 2247 3355 tanquam
2297 3278 2654 3355 impertita
2702 3295 2747 3338 a
2796 3278 3170 3355 sacerdote,

179 3381 301 3457 qui
334 3381 810 3444 iurisdictione
852 3399 933 3444 ac
977 3382 1312 3447 facultate
1348 3385 1437 3445 ad
1483 3384 1707 3447 valide
1740 3383 2223 3447 absolvendum
2266 3384 2654 3447 necessaria
2687 3385 3003 3463 privatus
3037 3383 3170 3446 exi·

180 3488 336 3566 stit,
381 3505 580 3566 quam
614 3490 676 3551 ei
715 3507 835 3567 per
869 3494 1261 3567 praesentes
1295 3492 1420 3553 has
1456 3491 1748 3554 Nosti-as
1781 3492 2081 3555 adimere
2116 3491 2559 3567 intendimus3
2594 3496 2665 3555 et
2699 3492 3170 3569 nihilominuS,

178 3596 240 3655 si
283 3595 437 3671 quis
472 3597 935 3659 confessarius
983 3615 1175 3660 secus
1213 3599 1439 3661 facere
1484 3617 1697 3661 ausus
1742 3599 1980 3677 fuerit,
2020 3599 2302 3662 maioris
2342 3615 2604 3677 quoque
2640 3599 3169 3662 excommunica-

178 3702 399 3763 tionis
432 3720 740 3780 poenam,
781 3721 826 3765 a
854 3720 985 3781 qua
1019 3704 1411 3767 absolvendi
1446 3710 1855 3785 potesta-tem
1899 3707 2111 3768 Nobis
2146 3706 2334 3783 solis,
2379 3706 2785 3785 Nostrisqne
2822 3706 3167 3769 Successo-

179 3809 377 3871 ribus
410 3811 776 3873 dumtaxat
811 3828 1256 3890 reservamus,
1295 3814 1449 3891 ipso
1490 3813 1677 3876 facto
1712 3815 2048 3876 incurrat.

371 3917 401 3992 ξ
450 3918 508 3978 5.
556 3917 1008 3982 Declarantes
1044 3921 1277 3998 etiam,
1307 3925 1383 3984 et
1408 3921 1870 3998 decernentes,
1912 3924 2089 4000 quod
2125 3941 2244 3985 nec
2281 3923 2489 3986 etiam
2521 3924 2595 3984 in
2628 3924 2760 3985 vim
2793 3923 3170 3986 cuiuscum-

170 4041 312 4100 que
357 4025 674 4101 Iubilaei,
713 4030 838 4089 aut
872 4026 1079 4089 etiam
1119 4027 1385 4104 Bullae,
1425 4046 1596 4107 quae
1632 4031 2029 4107 appellatur
2065 4031 2431 4093 Cruciatae
2481 4031 2797 4105 Sanctae,
2839 4036 2965 4093 aut
3003 4030 3167 4093 altc-

169 4134 328 4193 rins
364 4132 734 4196 cuiuslibet
767 4134 1048 4207 indulti,
1095 4137 1585 4199 confessionem
1633 4137 1795 4198 dicti
1840 4137 2191 4214 complicis
2237 4137 2626 4203 huiusmodi
2664 4138 3021 4216 quisquam
3063 4156 3171 4200 va·

158 4239 311 4300 leat
333 4238 667 4316 excipere,
683 4240 877 4316 eique
902 4242 1461 4304 sacramentalem
1485 4241 1982 4305 absolutionem
2008 4243 2309 4321 elargiri:
2334 4261 2486 4306 cum
2517 4245 2604 4307 ad
2635 4245 2811 4307 hunc
2833 4245 3172 4324 effectum,

166 4352 246 4408 et
280 4347 361 4408 in
407 4349 532 4410 hoc
568 4334 756 4424 casu,
797 4348 1031 4411 nullus
1067 4350 1552 4427 confessarius,
1594 4355 1834 4430 utpote
1873 4353 1988 4430 qui
2028 4354 2099 4414 in
2142 4353 2531 4415 huiusmodi
2575 4354 2861 4432 peccati,
2902 4358 2973 4418 et
3020 4372 3169 4433 poe-

166 4454 474 4516 nitentis
505 4471 771 4533 genere,
807 4455 1306 4534 iurisdictione,
1346 4463 1426 4520 ut
1461 4460 1874 4535 praefertur.
1914 4463 2171 4537 careat,
2208 4465 2279 4523 et
2321 4461 2712 4523 absolvendi
2758 4459 3097 4524 facultate
3131 4478 3172 4523 a

167 4561 398 4624 Nobis
436 4561 751 4640 privatus
797 4563 1076 4641 existat,
1126 4566 1477 4627 habendus
1514 4567 1609 4629 sit
1648 4585 1774 4645 pro
1819 4566 2241 4630 confessario
2280 4567 2610 4646 legitimo,
2656 4573 2728 4631 et
2766 4569 3206 4647 approbate..

163 4669 333 4732 Non
377 4670 815 4733 obstantibus
854 4669 1509 4752 constitutionibus,
1553 4679 1622 4737 et
1663 4674 2236 4737 ordinationibus
2279 4677 2723 4754 Apostolicis,
2769 4678 3172 4755 praesertim

161 4793 355 4854 quae
416 4783 908 4857 nuncupantur
952 4780 1319 4843 Cruciatae
1373 4780 1690 4859 Sanctae,
1745 4784 1847 4845 vel
1901 4782 2193 4846 Iubilaei
2256 4783 2684 4846 Universalis
2734 4789 2806 4848 et
2853 4784 3171 4864 plenarii,

160 4900 442 4946 necnon
490 4884 842 4962 quibusvis
893 4886 1379 4963 Ecclesiarum,
1425 4892 1497 4950 et
1537 4891 2133 4967 monasteriorum,
2178 4896 2249 4953 et
2300 4890 2635 4953 Ordinum
2690 4894 3171 4969 quorumlibet,

158 5007 470 5068 quorum
511 4991 648 5070 ipsi
693 4994 1081 5058 sacerdotes
1122 4996 1409 5074 fuerint,
1456 4997 1663 5058 etiam
1719 4997 2132 5071 iuramento,
2178 4998 2697 5062 confirmatione
2745 5001 3171 5078 Apostolica,

159 5097 280 5160 vel
333 5099 579 5177 quavis
626 5100 954 5164 firmitate
1013 5103 1154 5165 alia
1205 5104 1570 5181 roboratiS,
1622 5105 1935 5180 statutiS,
1987 5110 2058 5169 et
2103 5091 2739 5186 consuetudinibus,
2793 5107 3173 5187 privilegiis

156 5221 470 5284 quoqne,
517 5206 835 5283 indultis,
874 5212 943 5271 et
981 5208 1268 5273 Litteris
1314 5211 1757 5290 Apostolicis.
1799 5213 1923 5275 sub
1962 5214 2495 5293 quibuscumque
2533 5216 2890 5278 tenoribus
2925 5220 2998 5280 et
3034 5216 3171 5277 for·
