3753 5871
1217 352 1393 402 muer
1422 353 1659 405 Tertiae
1692 378 1713 389 -
1750 353 1837 403 nv
1876 353 2074 404 mou
2531 323 2537 328 ⁴
3059 349 3170 410 419

357 540 390 622 ξ
436 541 504 607 3.
552 523 928 608 Adversus
956 539 1331 606 decretum
1364 537 1747 605 Ordinarii
1781 537 2133 621 unientis,
2171 538 2718 621 transferentis,
2760 537 3162 606 dividentis

179 655 314 717 aut
358 648 956 716 dIsmembrantis
1016 646 1389 729 beneficia,
1441 647 1671 715 datur
1719 647 1798 713 in
1845 646 2266 714 devolutivo
2314 650 2608 714 tantum
2672 664 3012 713 recursus
3062 647 3158 712 ad

180 755 530 822 Sanctam
582 754 840 822 Sedem
875 754 925 821 ¹.

1445 861 1621 928 cm.
1682 860 1875 926 1429.

358 977 392 1060 ξ
440 979 506 1043 1.
557 976 945 1045 Beneficiis
1004 975 1454 1060 quibuslibet
1510 979 1885 1059 nequeunt
1949 975 2330 1042 Ordinarii
2390 975 2713 1042 locorum
2776 975 3161 1059 pensiones

179 1089 575 1169 perpetuas
613 1087 749 1151 aut
787 1085 1277 1167 temporarias
1321 1085 1695 1167 imponere
1733 1101 1920 1167 quae
1955 1083 2051 1149 ad
2089 1083 2318 1150 vitam
2360 1083 2814 1167 pensionarii
2860 1083 3157 1167 durent,

180 1191 671 1276 sedpossunt,
700 1192 877 1259 dum
914 1190 1340 1259 beneficium
1369 1191 1789 1274 conferunt,
1821 1209 1912 1260 ex
1947 1191 2149 1258 iusta
2175 1209 2404 1258 causa
2429 1192 2508 1256 in
2548 1192 2711 1274 ipso
2739 1191 3160 1258 collationis

180 1305 354 1367 actu
396 1298 896 1382 exprimenda,
941 1299 1210 1366 eisdem
1262 1299 1636 1382 imponere
1676 1297 2064 1382 pensiones
2104 1297 2615 1381 temporarias,
2666 1317 2851 1383 quae
2891 1299 3163 1366 durent

177 1406 273 1473 ad
309 1406 539 1474 vitam
582 1404 1056 1486 beneficiarii,
1102 1405 1307 1472 salva
1342 1405 1513 1473 huic
1555 1424 1882 1490 congrua
1920 1407 2256 1490 portione
2291 1405 2343 1472 ².

357 1511 390 1593 ξ
438 1512 504 1578 2.
555 1510 944 1580 Beneficiis
977 1516 1225 1580 autem
1264 1513 1803 1596 paroecialibus
1837 1532 1985 1580 non
2022 1518 2356 1597 possunt,
2406 1515 2551 1580 nisi
2588 1515 2665 1580 in
2702 1515 3159 1582 commodum

178 1620 482 1704 parochi
512 1621 627 1687 vel
660 1620 922 1686 vicarii
955 1618 1280 1688 eiusdem
1317 1621 1699 1703 paroeciae
1740 1639 1784 1686 a
1820 1638 2121 1688 munere
2163 1620 2529 1703 abeuntis,
2576 1621 2950 1705 imponere
2988 1641 3156 1706 pen-

179 1727 446 1810 siones,
490 1745 675 1812 quae
712 1730 959 1794 tamen
1010 1745 1100 1794 ne
1141 1728 1500 1795 excedant
1538 1727 1838 1795 tertiam
1881 1731 2167 1812 partem
2221 1726 2503 1798 reditus
2545 1730 2950 1812 paroeciae,
3006 1729 3156 1813 qui·

178 1833 430 1901 busvis
463 1833 800 1901 deductis
833 1835 1172 1917 expensis
1215 1840 1289 1902 et
1323 1835 1628 1902 incertis
1665 1835 2026 1902 reditibus
2059 1835 2112 1902 ³.

361 1939 394 2021 ὅ
440 1941 507 2008 3.
559 1939 956 2008 Pensiones
995 1941 1368 2009 beneficiis
1415 1942 1566 2010 sive
1606 1961 1652 2009 a
1693 1942 2025 2009 Romano
2069 1942 2427 2010 Pontiflce
2476 1942 2628 2010 sive
2665 1943 2759 2010 ab
2797 1942 2969 2010 aliis
3017 1944 3158 2011 col·

178 2048 544 2115 latoribus
570 2047 983 2131 impositae,
1013 2053 1306 2117 cessant
1332 2054 1570 2116 morte
1596 2050 2073 2133 pensionarii,
2115 2050 2240 2134 qui
2268 2055 2512 2118 tamen
2547 2051 2805 2134 nequit
2836 2069 2962 2118 eas
2988 2051 3157 2118 alie-

178 2173 385 2236 nare,
421 2155 566 2221 nisi
606 2155 682 2223 id
719 2174 1058 2239 expresse
1090 2174 1512 2223 concessum
1549 2157 1655 2224 sit
1686 2157 1740 2224 ⁴.

1439 2312 1617 2379 Gffl.
1667 2311 1862 2379 1430.

360 2425 394 2508 ἓ
439 2428 506 2493 1.
558 2425 930 2495 Beneficia
952 2431 1217 2495 curata
1243 2427 1336 2493 ab
1372 2426 1795 2494 ordinariis
1821 2427 1904 2495 in
1932 2444 2079 2496 non
2105 2433 2370 2496 curata
2396 2429 2726 2496 converti
2765 2432 3159 2513 nequeunt,

179 2552 314 2600 nec
343 2532 691 2601 beneficia·
722 2535 1064 2618 religiosa
1100 2534 1179 2601 in
1211 2534 1647 2616 saecularia,
1682 2552 1815 2604 nec
1847 2534 2259 2605 saecularia
2295 2537 2375 2602 in
2405 2536 2747 2620 religiosa
2783 2537 2834 2604 ⁵.

362 2640 395 2722 §
442 2640 508 2706 2.
557 2641 623 2707 Ε
662 2642 1041 2709 contrario
1080 2646 1394 2725 possunt
1431 2641 1783 2711 beneficia
1822 2641 2189 2729 simplicia
2238 2644 2355 2717 ab,
2374 2643 2794 2710 Ordinariis
2836 2643 3160 2710 locorum

178 2747 261 2815 in
312 2752 576 2814 curata
633 2749 989 2830 converti,
1041 2750 1437 2817 dummodo
1484 2768 1576 2817 ne
1627 2750 1925 2819 obstent
1970 2750 2430 2819 conditiones
2490 2770 2538 2819 a
2584 2751 2983 2819 fundatore
3044 2769 3158 2817 ex·

178 2871 500 2939 pressae.

1434 3042 1694 3109 CAPUT
1739 3041 1891 3109 111.

1099 3162 1209 3231 De
1256 3164 1769 3251 beneficiorum
1812 3165 2229 3236 collatione.

1444 3345 1621 3412 CAN.
1674 3346 1869 3412 1431.

359 3469 489 3535 Ius
539 3468 872 3536 Romano
911 3467 1258 3535 Pontifici
1298 3472 1415 3536 est
1453 3468 1805 3535 beneficia
1843 3468 1925 3535 in
1978 3469 2322 3536 universa
2362 3468 2698 3536 Ecclesia
2737 3469 3164 3538 conferendi

176 3593 575 3679 eorumque
609 3575 1077 3643 collationem
1126 3574 1420 3643 sibimet
1462 3575 1884 3643 reservandi
1923 3576 1974 3644 ⁸.

1456 3732 1633 3799 CAN.
1691 3732 1888 3800 1432.

359 3848 393 3931 ξ
440 3852 506 3914 1.
554 3850 671 3917 Ad
710 3847 1180 3917 collationem
1219 3847 1734 3916 beneficiorum
1774 3848 2225 3930 vacantium,
2269 3847 2693 3915 cardinalis
2743 3848 2823 3951 ip
2864 3848 3169 3933 proprio

179 3958 411 4025 titulo
441 3958 556 4024 vel
587 3956 929 4024 diaconia
960 3961 1035 4024 et
1078 3956 1523 4024 Ordinarins
1564 3955 1707 4024 loci
1742 3955 1821 4023 in
1858 3956 2161 4041 proprio
2199 3955 2579 4023 territorio
2623 3956 2897 4024 babent
2929 3956 3161 4023 inten-

176 4066 455 4132 tionem
493 4065 570 4131 in
616 4064 779 4132 iure
814 4063 1203 4130 fundatam
1260 4060 1316 4132 '-

364 4258 387 4295 ¹
423 4259 488 4310 G.
523 4258 573 4317 3,
604 4259 671 4317 X,
702 4259 773 4308 de
804 4256 1064 4307 eeclesiis
1092 4255 1475 4315 aedificandis
1502 4257 1595 4307 vel
1625 4254 1992 4315 reparandis,
2027 4256 2143 4315 111.
2177 4256 2258 4317 48;
2287 4255 2460 4307 conc.
2502 4255 2788 4315 Trident„
2829 4267 2971 4307 sess.
3013 4256 3161 4316 ΧΧῙ,

181 4352 255 4400 de
282 4349 415 4408 res„
440 4360 491 4400 c.
519 4349 568 4409 4,
599 4349 648 4410 5;
673 4360 816 4400 sess.
843 4349 1041 4408 XXIV,
1078 4347 1148 4397 de
1181 4348 1316 4406 res„
1348 4358 1398 4398 c.
1430 4348 1512 4408 15;
1538 4346 1918 4398 Innocentius
1942 4346 2106 4406 XIII,
2139 4348 2323 4397 const.
2355 4359 2385 4394 c
2413 4344 2733 4405 Apostotioi
2761 4344 3083 4396 ministerii
3109 4360 3159 4405 n,

181 4441 248 4493 23
281 4439 423 4489 mali
457 4438 606 4498 1723,
640 4438 668 4498 5
700 4439 782 4498 14;
813 4437 1169 4489 Benedictus
1203 4437 1369 4497 XIII,
1403 4440 1587 4489 const.
1625 4451 1655 4486 c
1691 4437 1763 4487 1n
1805 4447 2077 4496 supremo
2120 4450 2168 4495 ιο,
2213 4435 2277 4487 23
2310 4438 2457 4495 sept.
2493 4435 2642 4494 1724,
2681 4434 2708 4495 5
2743 4436 2827 4496 11,
2857 4434 2940 4497 28ς
2973 4438 3158 4487 const.

180 4543 210 4578 c
239 4526 569 4579 Pastorum
596 4528 771 4585 officii
795 4542 845 4588 ι,
874 4528 939 4577 27
964 4531 1140 4579 mart.
1177 4527 1324 4586 1728,
1364 4526 1391 4587 5
1425 4528 1475 4588 3;
1504 4527 1859 4578 Benedictus
1886 4526 2038 4587 XIV,
2066 4528 2251 4577 const.
2288 4540 2318 4574 α
2345 4524 2435 4574 Aa
2463 4523 2781 4575 militantis
2809 4538 2858 4585 ι,
2889 4525 2956 4577 30
2983 4528 3157 4577 mart.

180 4619 330 4679 1742,
367 4618 394 4679 5
427 4620 511 4678 11,
542 4618 625 4677 16,
656 4618 738 4679 84:
767 4617 885 4668 Leo
914 4617 1078 4677 XIII,
1112 4618 1298 4668 const.
1336 4631 1366 4666 c
1400 4615 1693 4667 Romanos
1726 4614 2039 4675 Pontifices
2074 4630 2123 4676 n,
2166 4614 2201 4667 8
2240 4614 2381 4665 mall
2424 4613 2572 4666 1881.

354 4711 381 4747 ²
418 4708 484 4760 0.
512 4708 595 4767 21,
626 4709 692 4767 Χ,
723 4710 794 4758 de
820 4706 1168 4768 praebendis
1195 4709 1254 4757 et
1283 4705 1691 4766 «liquantibus,
1729 4706 1845 4766 111,
1882 4706 1933 4768 ὅς
1964 4717 2014 4756 c.
2046 4707 2098 4766 9,
2129 4705 2195 4765 Χ,
2228 4707 2298 4755 de
2328 4703 2440 4763 his,
2475 4715 2624 4764 quae
2650 4705 2801 4764 flunt
2829 4717 2865 4753 a
2894 4701 3159 4763 praelato

182 4800 312 4848 uno
349 4808 632 4849 consensu
669 4797 937 4856 capituli,
973 4797 1089 4856 111,
1126 4798 1208 4858 103
1239 4807 1290 4847 c.
1330 4809 1451 4857 un.,
1490 4798 1561 4846 de
1596 4795 1931 4846 excessibus
1970 4795 2388 4856 praelatorum,
2434 4795 2504 4855 V,
2551 4794 2601 4855 6,
2651 4794 2712 4845 in
2750 4793 2950 4855 Clem.;
2981 4793 3160 4846 Cone.

182 4888 469 4948 Trident„
500 4900 643 4939 sess.
674 4887 873 4947 XXIV,
905 4888 975 4937 de
1003 4886 1140 4945 rof„
1169 4897 1219 4937 c.
1258 4886 1341 4949 13;
1378 4886 1437 4939 S.
1476 4886 1542 4938 G.
1576 4886 1680 4947 Ep.
1715 4890 1780 4939 et
1807 4886 1971 4947 Res..
2003 4883 2264 4945 Romen„
2298 4884 2364 4935 15
2392 4886 2567 4935 mart.
2599 4883 2746 4935 1889.

358 4982 385 5017 ³
423 4978 488 5031 G.
524 4979 574 5038 4,
611 4978 678 5036 X,
715 4977 785 5027 de
819 4976 1028 5026 clerieo
1061 4977 1403 5035 asarotantc
1440 4977 1533 5027 vel
1569 4975 1897 5034 debilitato.
1934 4976 2050 5035 111,
2087 4973 2138 5026 3.

359 5072 386 5108 ⁴
428 5067 489 5121 8.
532 5067 597 5119 C.
636 5067 740 5127 Ep.
775 5070 839 5119 et
869 5067 1032 5128 Res..
1069 5064 1353 5124 Romana,
1386 5065 1454 5118 12
1492 5069 1666 5118 mart.
1711 5065 1858 5118 1840.

360 5164 385 5198 ³
426 5159 600 5211 Oonc.
636 5158 924 5218 Trident„
959 5169 1102 5209 sess.
1143 5156 1308 5217 XXV,
1348 5158 1419 5206 do
1452 5155 1589 5216 res„
1626 5167 1676 5207 c.
1714 5156 1795 5208 1⁶.

362 5253 388 5289 ⁸
426 5249 492 5301 G.
532 5248 583 5310 2,
613 5250 696 5309 14,
734 5251 806 5299 ae
847 5246 1197 5309 praebentia
1231 5251 1290 5299 ot
1327 5245 1734 5307 dimituntur,
1772 5247 1890 5307 111,
1926 5248 1976 5307 4,
2014 5246 2075 5297 in
2112 5245 2238 5307 V103
2270 5256 2320 5296 c.
2352 5245 2404 5305 1,
2441 5248 2509 5296 ιιι
2547 5242 2653 5296 ute
2688 5245 2976 5303 pendente
3020 5242 3171 5293 nihil

191 5340 519 5398 innovetur,
549 5340 633 5401 11,
663 5340 713 5401 5,
747 5340 809 5390 in
839 5339 1042 5401 clem:
1072 5340 1216 5391 Pius
1252 5336 1354 5399 VI,
1394 5340 1578 5389 const.
1613 5352 1643 5387 c
1674 5336 1865 5397 Super
1893 5335 2196 5389 soliditate
2226 5350 2276 5395 ι,
2307 5334 2373 5386 28
2407 5346 2538 5387 nov.
2574 5333 2723 5396 1788,
2758 5334 2785 5395 5
2821 5336 2871 5385 4.

366 5432 392 5469 7
454 5430 520 5483 O.
551 5429 635 5492 37,
669 5429 735 5481 O.
767 5430 904 5489 VII,
935 5441 990 5491 q.
1021 5433 1072 5491 1;
1107 5441 1157 5480 c.
1189 5430 1240 5489 3,
1272 5431 1323 5489 4,
1353 5428 1419 5481 0.
1452 5429 1519 5489 X,
1551 5440 1605 5489 q.
1637 5429 1688 5489 1;
1716 5439 1766 5480 c.
1799 5430 1884 5489 11,
1914 5429 1997 5487 19,
2031 5427 2096 5479 C.
2137 5426 2289 5487 XVI,
2330 5438 2384 5488 q.
2418 5426 2467 5487 ῖς
2497 5436 2548 5476 c.
2581 5427 2630 5486 4,
2662 5425 2730 5486 X,
2766 5425 2838 5475 de
2865 5423 3171 5475 muncia·

196 5521 370 5580 tione,
405 5521 457 5582 1,
490 5521 541 5583 Ως
570 5532 619 5572 c.
650 5520 702 5580 6,
735 5521 801 5580 Χ,
840 5520 910 5569 de
946 5518 1405 5581 exceptionibus,
1451 5518 1535 5580 11,
1566 5518 1647 5580 253
1687 5530 1738 5571 c.
1768 5520 1820 5580 3,
1850 5518 1904 5579 ο,
1935 5519 2002 5575 Χ.
2040 5520 2112 5569 «ιο
2147 5515 2643 5574 institutionibus,
2678 5514 2796 5576 111,
2833 5515 2884 5577 ’ῖς
2914 5525 2966 5567 c.
3012 5514 3063 5575 5,
3101 5514 3170 5576 X,
