3753 5871
500 258 612 317 366
1640 259 1836 310 Codes
1880 257 2043 309 luris
2083 257 2364 310 canonici

1773 481 1951 551 cm.
2001 483 2196 550 1269.

682 620 717 703 ἓ
764 622 831 686 1.
883 620 1372 688 sanctissima
1406 620 1885 688 Eucharistia
1923 622 2205 689 servari
2248 622 2466 690 debet
2499 622 2579 688 in
2626 622 3107 690 tabernaculo
3146 621 3495 689 inamovi·

502 726 637 794 bili
682 728 763 794 in
800 728 1041 795 media
1080 734 1293 812 parte
1332 728 1599 795 altaris
1636 729 1880 812 posito
1910 729 1960 795 ¹.

685 834 718 916 ξ
765 835 832 901 2.
883 836 1468 903 'sabernaculum
1507 836 1608 903 sit
1645 836 1928 903 affabre
1973 840 2457 919 exstructum,
2498 836 2982 922 undequaque
3027 836 3260 904 solide
3294 836 3494 903 clau·

503 960 692 1024 sum,
728 943 1071 1010 decenter
1104 951 1450 1010 ornatum
1483 944 1580 1010 ad
1613 962 1946 1011 normam
1990 944 2232 1028 legum
2266 944 2812 1028 liturgicarum,
2851 945 2944 1011 ab
2981 945 3181 1013 omni
3216 944 3372 1011 alia
3416 964 3498 1012 re

501 1065 841 1133 vacuum,
874 1069 962 1118 ac
998 1057 1151 1118 tam
1182 1051 1438 1118 sedulo
1472 1052 1943 1119 custodiatur
1977 1057 2062 1119 ut
2091 1052 2500 1137 periculum
2536 1052 2866 1119 cuiusvis
2896 1053 3299 1136 sacrilegae
3329 1070 3492 1136 pro·

501 1156 913 1224 sanationis
960 1162 1307 1226 arceatur
1333 1157 1386 1225 ².
1942 1209 1945 1212 .
2583 1227 2589 1236 ,

682 1265 716 1348 ξ
761 1265 829 1331 3.
880 1263 1110 1332 Gravi
1142 1265 1396 1350 aliqua
1426 1266 1782 1333 suadente
1818 1284 2048 1332 causa
2077 1266 2170 1333 ab
2204 1266 2605 1334 Ordinario
2643 1265 2787 1333 loci
2816 1266 3156 1351 probata,
3199 1283 3346 1333 non
3379 1276 3498 1334 est

501 1374 814 1440 vetitum
843 1374 1383 1440 sanctissimam
1411 1374 1962 1442 Eucharistiam
1996 1378 2359 1441 nocturno
2381 1379 2710 1459 tempore
2739 1377 2951 1441 extra
2978 1375 3243 1458 altare,
3271 1392 3496 1460 super

500 1481 873 1564 corporali
902 1484 1176 1563 tamen,
1216 1481 1295 1547 in
1323 1480 1483 1548 loco
1512 1481 1790 1550 tutiore
1826 1486 1903 1548 et
1931 1482 2245 1565 decenti,
2286 1482 2678 1566 asservari,
2713 1487 3006 1551 servato
3033 1483 3497 1568 praescripto

500 1605 665 1654 can.
710 1587 881 1653 1271
917 1587 971 1656 ³.

683 1694 716 1776 ξ
762 1695 829 1760 4.
882 1695 1132 1763 Clavis
1176 1694 1664 1776 tabernaculi,
1724 1695 1804 1760 in
1853 1714 1997 1779 quo
2054 1695 2601 1763 sanctissimum
2653 1695 3212 1763 Sacramentum
3257 1714 3488 1763 asser-

500 1806 747 1885 vatur,
783 1802 1349 1887 diligentissime
1404 1802 1767 1869 custodiri
1823 1802 2062 1885 debet,
2131 1807 2439 1870 onerata
2497 1805 2824 1886 graviter
2883 1803 3339 1872 conscientia
3380 1823 3490 1871 sa·-

500 1911 824 1978 cerdotis
871 1911 998 1995 qui
1035 1908 1382 1979 ecclesiae
1427 1910 1542 1977 vel
1580 1908 1893 1977 oratorii
1929 1928 2184 1977 cura-m
2224 1910 2445 1978 habet
2476 1909 2531 1976 ⁴.

1775 2105 1955 2172 om.
2013 2103 2208 2170 1270.

677 2240 1106 2309 Particulae
1145 2247 1641 2323 consecra-tae,
1683 2260 1770 2308 eo
1820 2258 2126 2309 numero
2166 2242 2293 2326 qui
2332 2240 2792 2308 infirmorum
2834 2246 2912 2309 et
2951 2241 3269 2310 aliorum
3320 2241 3488 2309 fide-

502 2345 685 2414 lium
721 2349 1221 2416 communioni
1257 2349 1445 2417 satis
1482 2366 1639 2417 esse
1678 2350 1940 2433 possit,
1992 2353 2351 2434 perpetuo
2387 2352 2914 2417 conserventur
2955 2349 3036 2417 in
3085 2349 3355 2435 pyxide
3401 2368 3490 2416 ex

502 2455 742 2522 solida
786 2457 1220 2540 decentique
1265 2456 1605 2537 materia,
1652 2475 1885 2541 eaque
1928 2457 2205 2524 munda
2261 2461 2337 2524 et
2383 2475 2517 2523 suo
2565 2456 2913 2540 operculo
2968 2456 3150 2524 bene
3205 2457 3487 2540 clausa,

503 2568 853 2647 cooperta
887 2563 1058 2632 albo
1089 2565 1251 2632 velo
1293 2565 1527 2632 serico
1560 2570 1660 2646 et,
1700 2570 2060 2650 quantum
2095 2583 2212 2632 res
2244 2565 2460 2648 feret,
2507 2567 2772 2631 ornato
2803 2563 2856 2630 ⁸.

1779 2760 1957 2827 om.
2007 2758 2202 2826 1271.

675 2901 944 2970 Coram
985 2899 1490 2983 tabernaculo,
1534 2899 1613 2967 in
1654 2917 1798 2984 quo
1835 2899 2383 2967 sanctissimum
2429 2897 2986 2966 Sacramentum
3038 2902 3487 2979 asservatur,

504 3028 653 3076 una
699 3010 961 3078 saltem
999 3010 1288 3093 lampas
1325 3009 1457 3076 diu
1497 3013 1865 3092 noctuque
1900 3007 2369 3075 continenter
2405 3006 2675 3089 luceat,
2718 3005 3116 3074 nutrienda
3164 3005 3325 3074 oleo
3360 3006 3487 3075 oli·

500 3135 760 3184 varum
806 3118 921 3184 vel
965 3134 1137 3184 cera
1180 3133 1427 3202 a·pum;
1475 3116 1602 3182 ubi
1650 3134 1825 3183 vero
1870 3115 2111 3182 oleum
2170 3112 2531 3181 olivarum
2579 3113 2834 3185 haberi
2884 3117 3224 3198 nequeat,
3277 3114 3486 3182 Ordi-

456 3391 464 3401 .
684 3346 706 3381 ¹
742 3345 809 3397 0.
839 3345 923 3405 10,
953 3343 1020 3405 Χ,
1054 3346 1125 3395 αθ
1155 3342 1546 3394 celebratione
1586 3341 1923 3401 missarum,
1953 3346 2013 3394 et
2052 3344 2420 3393 sacramento
2451 3339 2886 3400 Eucharistiae,
2921 3345 2980 3392 et
3012 3339 3231 3391 divinis
3263 3338 3491 3399 officiis.

505 3437 622 3497 111,
653 3437 736 3498 41;
766 3436 941 3488 Cone.
979 3434 1266 3494 Trident„
1298 3446 1441 3485 sess.
1474 3433 1640 3495 XIII,
1672 3434 1744 3483 αθ
1774 3432 2178 3491 Eucherium,
2207 3443 2257 3482 c.
2292 3431 2343 3492 6,
2375 3443 2504 3483 can.
2546 3432 2596 3493 ''I;
2627 3429 2685 3483 S.
2717 3431 2782 3483 0.
2824 3431 2898 3483 de
2930 3431 3100 3492 Prop.
3136 3429 3301 3491 Fide,
3333 3430 3489 3482 decr.

504 3529 568 3581 13
600 3539 726 3587 apr.
762 3526 910 3588 1807,
945 3539 1002 3576 n.
1043 3526 1156 3587 111;
1200 3525 1257 3577 S.
1295 3525 1365 3576 R.
1411 3525 1498 3586 0.,
1534 3523 1893 3583 Enitanien„
1930 3525 1996 3576 10
2028 3524 2151 3575 lun.
2189 3522 2336 3583 1602,
2372 3522 2450 3574 ad
2483 3523 2534 3585 5;
2566 3521 2809 3573 thuale
2852 3520 3041 3583 Rom..
3081 3521 3178 3574 tit.
3218 3521 3322 3581 IV,
3353 3532 3405 3571 c»
3439 3523 3489 3579 1.

504 3620 575 3669 αθ
610 3616 985 3667 sanctissimo
1022 3613 1437 3668 Eucharistiae
1479 3616 1869 3673 sacramento,
1904 3626 1961 3665 n.
1999 3612 2049 3665 5.

682 3712 710 3749 ²
744 3710 809 3761 0.
850 3710 933 3769 10,
963 3710 1030 3769 Χ,
1071 3710 1143 3759 αθ
1175 3706 1563 3758 celebratione
1595 3706 1932 3763 missarum,
1964 3710 2023 3756 et
2054 3708 2422 3755 sacramento
2454 3703 2886 3762 Eucharistiae,
2924 3707 2981 3753 et
3015 3701 3233 3753 divinis
3265 3700 3493 3760 officiis,

505 3801 621 3861 111,
655 3801 738 3862 41;
769 3811 819 3851 c.
852 3801 902 3860 1,
937 3799 1004 3860 Χ,
1050 3800 1123 3849 αθ
1160 3798 1428 3848 custodia
1463 3795 1901 3854 Eucharistiae,
1939 3794 2279 3847 chrismatis
2313 3800 2372 3846 et
2410 3795 2664 3845 aliorum
2699 3795 3219 3851 sacramentorum,
3255 3790 3374 3852 111,
3412 3793 3494 3853 ⁴4;

504 3893 565 3944 Β.
597 3892 666 3942 R.
699 3890 787 3951 0.,
827 3888 1132 3949 Toletana,
1160 3889 1227 3941 20
1260 3893 1408 3950 sept.
1439 3889 1588 3946 1806,
1618 3888 1696 3939 ad
1725 3886 1774 3948 2;
1804 3886 2097 3946 Βᾶσσαι,
2125 3886 2190 3938 21
2225 3887 2326 3937 lul.
2360 3885 2506 3946 1855,
2543 3884 2622 3936 ad
2660 3885 2742 3945 10,
2772 3881 2979 3935 Sancti
3008 3880 3212 3932 Iacobi
3240 3882 3312 3931 αθ
3343 3879 3489 3937 olle,

503 3985 568 4035 28
589 3995 716 4044 apr.
751 3983 896 4043 1866:
923 3981 1235 4041 Uroellen„
1261 3981 1293 4032 7
1319 3993 1453 4041 aug.
1486 3980 1634 4039 1871,
1661 3979 1739 4030 ad
1762 3979 1899 4039 VII,
1925 3978 2093 4039 VIII3
2119 3978 2409 4036 Allonem,
2438 3976 2503 4028 17
2529 3975 2854 4036 tebr.11881;
2875 3973 3274 4033 Nosquauen„
3300 3973 3333 4022 1
3365 3971 3488 4023 dec.

502 4074 649 4135 18823
692 4072 1136 4130 Vallisoletana,
1187 4071 1254 4123 30
1303 4074 1478 4122 mart.
1521 4070 1669 4129 1886,
1714 4069 1792 4121 ad
1835 4070 1884 4131 Ῑ;
1926 4066 2165 4119 Ordinis
2206 4065 2503 4116 Minor-um
2555 4064 3016 4125 capuccinorum
3059 4063 3119 4114 8.
3167 4061 3491 4118 Francisci,

502 4165 534 4216 7
561 4164 685 4215 dec.
713 4163 861 4224 1888,
894 4164 972 4215 ad
997 4163 1162 4223 X111;
1191 4161 1427 4211 calven.
1460 4163 1520 4211 et
1550 4159 1868 4218 Theanen„
1897 4159 1930 4211 5
1964 4158 2086 4210 lun.
2116 4158 2264 4218 1889:
2292 4155 2579 4213 Romana,
2607 4155 2673 4208 20
2702 4156 2823 4208 lun.
2854 4153 3002 4214 1899,
3041 4153 3120 4205 ad
3157 4153 3257 4213 1v;
3283 4151 3492 4203 Caere·

502 4256 758 4309 moniale
788 4256 1145 4316 nmen-opor„
1173 4255 1210 4305 l.
1240 4255 1289 4315 Ι,
1311 4266 1362 4306 c.
1397 4254 1497 4313 VI,
1524 4265 1581 4303 n.
1607 4252 1656 4315 2;
1683 4251 1922 4305 mtuale
1949 4250 2138 4311 Rom„
2163 4249 2259 4302 tit.
2290 4248 2391 4308 lv,
2414 4258 2466 4299 c.
2497 4249 2549 4307 1,
2577 4248 2649 4297 αθ
2672 4244 3047 4297 sanctissimo
3077 4240 3511 4301 Eucharistiae,

677 4348 892 4403 mento,
930 4358 988 4395 n.
1025 4346 1077 4404 5,
1158 4382 1171 4394 .

503 4358 709 4479 ἀπ’
743 4438 800 4490 8.
833 4438 898 4490 c.
929 4438 1003 4489 de
1031 4344 1202 4497 Prgp.
1244 4435 1390 4488 Fide
1425 4434 1511 4495 (0.
1547 4433 2077 4494 G.—Helvetlae),
2107 4431 2141 4482 7
2176 4432 2350 4482 mart.
2386 4428 2533 4490 1805;
2564 4426 2621 4480 S.
2657 4427 2725 4477 R.
2759 4426 2847 4486 C.,
2884 4421 3221 4474 vicariatus
3252 4420 3493 4480 Aposto-

502 4532 603 4582 lioi
638 4532 711 4581 αθ
746 4528 961 4587 Dania,
1005 4529 1072 4580 10
1106 4527 1255 4579 febr.
1297 4526 1445 4586 1871,
1482 4525 1560 4577 ad
1599 4524 1648 4585 Ι,
1684 4522 1735 4576 5.

682 4626 710 4661 ⁴
737 4622 802 4674 0.
839 4623 888 4681 1,
923 4621 990 4681 Χ,
1029 4621 1100 4670 αθ
1143 4617 1412 4669 mastodia
1445 4614 1883 4673 Eucharistiae,
1921 4612 2261 4663 chrismatis
2296 4614 2355 4661 et
2400 4608 2653 4658 aliorum
2690 4608 3212 4662 sacramentorum,
3251 4601 3369 4663 ΙΙΙ,
3409 4603 3489 4660 44;

505 4715 563 4766 8.
589 4713 653 4766 0.
689 4715 792 4773 Ep.
820 4715 883 4765 et
913 4712 1076 4773 neg..
1105 4709 1455 4767 Faventino,
1482 4708 1547 4759 25
1572 4710 1747 4758 mart.
1775 4706 1923 4766 15913
1954 4702 2401 4758 vallisoletana,
2434 4700 2501 4752 12
2524 4701 2700 4750 mart.
2730 4697 2878 4758 1705;
2899 4708 2990 4757 ep.
3025 4694 3245 4756 encycl.
3274 4693 3309 4744 0
3339 4691 3487 4745 febr.

501 4806 648 4866 1751;
679 4804 738 4856 S.
771 4804 841 4854 R.
874 4802 963 4864 0.,
997 4802 1337 4857 civitaten..
1368 4800 1403 4852 6
1439 4799 1563 4851 dec.
1596 4798 1742 4859 16313
1774 4795 2105 4856 Hispalen„
2137 4793 2203 4843 22
2241 4805 2371 4843 nov.
2408 4790 2556 4852 16363
2586 4787 3032 4849 Galapuritana,
3068 4785 3133 4837 13
3163 4786 3312 4843 sept.
3348 4781 3493 4842 1842:

504 4893 949 4955 calopus-itane,
990 4894 1024 4946 3
1054 4905 1187 4954 aug.
1225 4891 1372 4952 16473
1403 4888 1737 4945 Tiburtina,
1769 4888 1802 4939 7
1833 4888 1956 4939 dec.
1994 4885 2140 4946 1737:
2173 4884 2504 4942 Corcuren„
2539 4880 2606 4930 22
2644 4879 2786 4930 mall
2820 4877 2977 4937 1841.
3005 4876 3085 4928 ad
3115 4877 3166 4936 13
3204 4872 3489 4929 Meliten..

500 4988 567 5038 22
596 4988 739 5037 maii
770 4985 918 5047 1841:
946 4984 1250 5042 Numicus„
1290 4983 1323 5034 7
1351 4982 1474 5034 dec.
1509 4980 1658 5040 1844,
1692 4979 1770 5031 ad
1810 4980 1859 5040 -13
1894 4974 2307 5035 Neapolitana,
2339 4975 2405 5025 14
2437 4972 2559 5024 lun.
2593 4971 2741 5022 1845.

681 5081 708 5115 ³
742 5077 806 5129 0.
849 5077 932 5136 93,
984 5076 1056 5126 D.
1092 5075 1174 5135 11,
1222 5076 1293 5124 αθ
1333 5084 1511 5128 conss
1546 5083 1598 5123 c.
1650 5072 1701 5131 3,
1742 5071 1808 5129 X,
1853 5071 1926 5120 αθ
1967 5068 2155 5127 officio
2195 5060 2711 5124 archipresbyteri,
2759 5059 2808 5120 Ι,
2862 5059 2943 5120 243
2983 5057 3156 5109 Cone.
3202 5055 3488 5112 Trident„

501 5182 646 5223 sess.
673 5168 839 5228 XIII,
869 5169 941 5219 de
968 5165 1368 5224 Eucharistia,
1396 5175 1446 5214 c.
1478 5164 1529 5224 6;
1557 5161 1913 5215 Benedictus
1947 5160 2099 5220 XIV,
2130 5160 2315 5209 const.
2348 5171 2378 5206 «
2408 5150 2739 5206 Praeclaris
2769 5165 2817 5212 ι,
2846 5149 2912 5201 18
2944 5150 3121 5199 mart.
3151 5145 3300 5207 174&
3329 5143 3388 5197 8.
3422 5143 3487 5195 0.

500 5263 576 5315 de
621 5262 791 5320 Prop.
832 5259 996 5319 Flde,
1038 5259 1209 5310 instr.
1257 5256 1387 5317 (pro
1423 5252 1982 5311 Graeco-Melchlt.),
2032 5251 2097 5302 15
2132 5249 2280 5301 tebr.
2321 5246 2468 5307 1746:
2508 5244 2566 5298 S.
2607 5243 2678 5295 B.
2720 5243 2808 5302 0.,
2860 5235 3139 5292 civitatis
3179 5234 3489 5290 Ooachen„

499 5354 566 5407 13
588 5365 721 5414 aug.
756 5351 903 5411 1667,
937 5350 1015 5402 ad
1039 5349 1087 5409 2:
1113 5347 1320 5399 Sancti
1343 5344 1672 5407 Hippolyti,
1698 5345 1763 5397 31
1787 5355 1923 5405 aug.
1957 5342 2107 5401 1867,
2134 5340 2214 5392 ad
2238 5339 2341 5400 V1;
2368 5335 2750 5392 madentem..
2777 5333 2843 5385 30
2868 5332 2988 5383 lan.
3021 5329 3170 5390 188ος
3196 5326 3489 5383 Allonem,

500 5446 567 5498 17
602 5445 751 5497 febr.
784 5442 931 5505 1881:
962 5442 1206 5493 thuale
1232 5440 1421 5500 Rom..
1453 5439 1549 5490 tit.
1593 5437 1694 5497 IV,
1725 5447 1775 5487 c.
1807 5437 1858 5495 1,
1895 5436 1966 5485 αθ
1996 5430 2371 5485 sanctissimo
2404 5423 2818 5479 Eucharistiae
2858 5422 3248 5478 sacramento,
3279 5428 3338 5467 n.
3370 5413 3421 5465 5.
