3753 5871
1402 240 1578 291 Liber
1606 237 1841 289 Tertius
1868 262 1893 275 ·
1918 238 2008 288 Ds
2034 236 2232 287 Rem
3211 234 3323 292 415

1600 466 1777 534 CAN.
1835 466 2031 532 1418.

503 594 801 662 Erectio
847 592 1362 661 beneficiorum
1399 591 1533 658 fiat
1569 610 1700 676 per
1739 591 2150 675 legitimum
2189 589 2792 671 instrumentum,
2834 588 2915 653 in
2965 605 3108 671 quo
3144 584 3312 653 defi·

334 703 587 770 niatur
620 703 827 769 locus
860 702 985 779 ubi
1022 700 1450 768 beneficium
1482 702 1806 767 erectum
1848 702 1987 781 est,
2032 703 2107 765 et
2137 696 2656 764 describantur
2688 695 2823 762 dos
2856 693 3186 762 beneficii
3229 712 3317 761 ac

331 810 501 876 iura
543 814 617 877 et
661 827 887 876 onera
922 806 1394 876 beneficiarii.

1603 1071 1861 1139 Garm-
1909 1070 2017 1137 11.

478 1209 591 1278 De
639 1207 940 1291 unione,
991 1206 1511 1290 translatione,
1551 1206 1940 1288 divisione,
1980 1204 2654 1289 dismembratione,
2697 1204 3168 1269 conversione

1211 1320 1282 1380 et
1320 1314 1837 1398 suppressione
1875 1314 2410 1398 beneficiorum.

1604 1511 1780 1577 CAN.
1840 1509 2036 1576 1419.

508 1622 703 1689 Unio
748 1608 1265 1687 beneficiorum
1301 1621 1459 1686 est:

592 1731 691 1794 1.⁰
731 1724 1232 1808 Exest-inctiva,
1268 1744 1435 1792 cum
1483 1729 1619 1793 aut
1656 1744 1744 1792 ex
1787 1725 2206 1809 suppressis
2244 1725 2532 1791 duobus
2573 1724 2689 1790 vel
2728 1723 3069 1807 pluribus
3111 1724 3314 1790 bene·

332 1837 522 1905 ficiis
563 1854 830 1903 novum
869 1840 1094 1919 atque
1138 1835 1435 1900 unicum
1485 1833 1915 1901 beneficium
1954 1832 2292 1916 efficitur,
2336 1835 2474 1899 aut
2513 1851 2740 1899 unum
2781 1833 2899 1899 vel
2948 1832 3171 1917 plura
3208 1832 3323 1899 ita

331 1945 465 2011 alii
500 1944 864 2011 uniuntur
903 1948 987 2011 ut
1025 1960 1184 2010 esse
1214 1942 1581 2024 desinant;
2611 2005 2615 2009 .

591 2050 690 2116 2.·
732 2049 982 2133 Aeque
1027 2048 1494 2133 principalis,
1535 2066 1702 2115 cum
1746 2049 1962 2115 unita
2003 2047 2354 2116 beneficia
2410 2051 2792 2115 remanent
2845 2053 3069 2131 prout
3113 2052 3318 2130 sunt,

332 2177 565 2244 neque
603 2160 923 2226 alterum
963 2158 1184 2225 alteri
1224 2157 1640 2241 subiicitur3

590 2266 691 2331 3.⁰
733 2262 986 2331 Minus
1021 2262 1490 2348 principalis,
1535 2283 1663 2331 seu
1711 2282 1844 2348 per
1883 2262 2405 2329 subiectionem
2446 2262 2562 2329 vel
2600 2260 3116 2346 accessionem,
3151 2280 3320 2329 cum

331 2373 683 2441 beneficia
725 2377 1130 2453 remanent,
1169 2372 1295 2441 sed
1334 2390 1559 2438 unum
1596 2377 1729 2439 aut-
1765 2372 1986 2455 plura
2018 2372 2151 2438 alii
2187 2376 2542 2455 tanquam
2586 2370 3073 2438 accessorium
3118 2370 3317 2455 prin-

328 2480 558 2566 cipali
592 2480 1114 2547 subiiciuntur.

1603 2588 1779 2655 CAN.
1829 2587 2025 2653 1420.

507 2710 541 2793 ἕ
590 2712 655 2777 1.
705 2709 797 2775 In
821 2710 1092 2778 unione
1117 2710 1585 2789 exstinctiva‚
1618 2709 1968 2777 beneficio
1989 2709 2181 2793 quod
2201 2708 2510 2793 emergit
2531 2714 2666 2776 aut
2690 2714 3043 2791 remanet,
3075 2708 3322 2774 omnia

331 2818 501 2886 iura
530 2824 606 2887 et
644 2836 871 2885 onera
901 2818 1434 2885 exstinctorum
1466 2822 1921 2902 competunt,
1957 2823 2056 2900 et,
2093 2818 2159 2884 si
2199 2817 2397 2884 inter
2437 2836 2515 2883 se
2545 2817 2885 2900 componi
2923 2819 3318 2900 nequeant,

330 2925 639 2994 meliora
668 2944 756 2993 ac
786 2925 1315 2993 favorabilium
1353 2926 1404 2994 ¹.

507 3034 541 3115 ξ
588 3033 655 3100 2.
706 3035 797 3100 In
829 3051 1060 3118 aeque
1097 3033 1523 3118 principali,
1559 3034 1938 3117 quodlibet
1972 3032 2401 3100 beneficium
2434 3034 2825 3099 conservat
2858 3049 3068 3097 suam
3105 3037 3319 3097 natu·

335 3159 518 3224 ram,
553 3142 721 3208 iura
759 3146 837 3210 et
866 3159 1116 3222 onera,
1159 3141 1312 3215 sed,
1355 3143 1429 3207 vi
1462 3145 1804 3239 peractae
1839 3140 2159 3222 unionis,
2200 3141 2329 3206 uni
2362 3139 2739 3223 eidemque
2771 3138 3044 3206 clerico
3077 3137 3319 3205 unito-

333 3267 497 3315 rum
531 3247 1047 3316 beneficiorum
1093 3248 1303 3316 tituli
1334 3248 1662 3316 conferri
1699 3248 1973 3315 debent.
1997 3245 2051 3313 ⁸.

512 3356 545 3438 §
591 3356 659 3423 3.
710 3358 799 3422 In
848 3358 1095 3423 minus
1139 3357 1565 3440 principali,
1626 3355 2056 3424 beneficium
2115 3354 2603 3422 accessorium
2653 3353 2991 3437 sequitur
3049 3352 3320 3438 princi-

334 3463 525 3547 pale,
564 3464 674 3531 ita
710 3469 796 3532 ut
830 3465 1168 3544 clericus,
1212 3464 1333 3548 qui
1375 3464 1787 3549 principale
1824 3463 2134 3541 obtinet,
2182 3482 2267 3531 eo
2304 3463 2466 3547 ipso
2505 3466 2580 3530 et
2617 3460 3105 3529 accessorium
3151 3478 3317 3528 con·

333 3574 689 3656 sequatur
724 3575 949 3655 atque
996 3572 1382 3656 utriusque
1430 3591 1656 3640 onera
1692 3572 2000 3656 implere
2036 3572 2298 3639 debeat
2332 3575 2384 3642 ³.

1603 3744 1782 3812 CAN.
1833 3743 2030 3811 1421.

512 3866 933 3937 Translatio
974 3868 1307 3938 beneficii
1370 3870 1686 3937 habetur
1753 3887 1923 3937 cum
1984 3867 2320 3937 beneficii
2389 3868 2598 3936 sedes
2635 3869 2728 3936 de
2767 3869 2918 3936 alio
2959 3869 3041 3934 in
3090 3868 3322 3934 alium

342 3976 584 4044 locum
632 3977 1051 4060 deducitur;
1102 3976 1398 4061 divisio,
1446 3994 1612 4044 cum
1668 3995 1755 4044 ex
1822 3994 1970 4044 uno
2020 3976 2171 4044 duo
2228 3975 2345 4043 vel
2410 3976 2631 4061 plura
2686 3975 3041 4044 beneficia
3093 3974 3309 4060 fiunt3

333 4082 915 4170 dismembratio,
946 4102 1115 4152 cum
1171 4103 1348 4169 pars
1413 4084 1778 4153 territorii
1834 4088 1972 4153 aut
2029 4084 2388 4152 bonorum
2445 4084 2765 4151 alicuius
2831 4083 3165 4152 beneficii
3233 4103 3321 4151 ex

332 4191 583 4260 eodem
615 4177 1041 4261 detrahitur
1070 4198 1148 4261 et
1186 4193 1321 4260 alii
1353 4193 1702 4261 beneficio
1736 4193 1854 4260 vel
1887 4210 2155 4260 causae
2191 4192 2358 4277 piae
2392 4197 2531 4260 aut
2567 4192 3067 4261 ecclesiastico
3109 4192 3318 4262 insti·

333 4303 503 4380 tuto
543 4300 993 4386 assignatur-3
1039 4299 1447 4384 conversio,
1487 4318 1656 4368 cum
1710 4299 2142 4368 beneficium
2186 4300 2265 4367 in
2309 4300 2536 4367 aliam
2592 4301 2906 4385 speciem
2962 4304 3325 4386 mutatum

333 4405 788 4492 suppressio,
822 4425 991 4475 cum
1030 4425 1337 4494 prorsus
1374 4407 1878 4493 exstinguitur
1910 4413 1965 4482 ⁴.

1611 4585 1789 4652 CAN.
1835 4584 2031 4652 1422.
2077 4619 2080 4624 >

511 4708 710 4776 Unio
746 4707 1190 4775 exstinctiva
1224 4707 1767 4808 beneficiorum,
1806 4727 2059 4777 eorum
2108 4709 2556 4794 suppressio,
2597 4714 2732 4777 aut
2770 4709 3332 4776 dismembratio

338 4834 525 4900 quae
560 4816 919 4884 detractis
955 4815 1167 4883 bonis
1202 4815 1751 4908 beneficialibus
1789 4817 1923 4885 fiat
1970 4818 2147 4902 quin
2188 4836 2454 4885 novum
2492 4817 2826 4902 erigatur
2872 4815 3328 4901 beneficium;

522 5046 546 5082 ¹
584 5045 643 5099 S.
681 5045 747 5096 0.
782 5044 871 5104 0..
908 5043 1373 5104 Batneos-coion..
1406 5044 1442 5098 8
1472 5045 1576 5097 iul.
1612 5046 1760 5107 1713,
1796 5046 1878 5098 ad
1909 5046 1961 5108 ’ῖς
1990 5043 2286 5105 Nascon,
2321 5046 2388 5098 17
2421 5045 2541 5098 lan.
2581 5044 2727 5108 17503
2770 5045 3008 5103 Lucem,
3051 5046 3118 5098 28
3151 5046 3329 5106 febr..

339 5135 407 5188 12
442 5138 619 5189 mart.
653 5135 799 5197 1⁷74:
831 5133 1175 5192 Ariminen„
1216 5133 1281 5186 24
1320 5137 1491 5196 sept..
1526 5135 1593 5186 26
1621 5147 1754 5187 nov.
1788 5134 1938 5196 1881,
1973 5136 2051 5188 ad
2083 5137 2135 5188 1.

511 5229 540 5266 ²
580 5226 645 5278 C.
676 5225 759 5285 48,
791 5228 872 5287 49,
904 5226 969 5277 C.
998 5225 1151 5283 xvl.
1184 5237 1239 5287 q.
1269 5226 1320 5287 1;
1345 5236 1396 5276 c.
1427 5226 1479 5286 5,
1508 5224 1560 5284 6,
1591 5225 1657 5278 C.
1687 5226 1837 5286 xxl,
1870 5238 1926 5288 q.
1966 5227 2017 5277 1.

510 5318 539 5357 ⁸
581 5316 644 5367 C.
683 5316 733 5372 2.
772 5318 843 5366 D.
889 5316 1050 5376 Lxx:
1090 5316 1232 5377 Beg.
1276 5315 1361 5376 42,
1400 5314 1471 5367 R.
1508 5316 1589 5376 J..
1625 5315 1689 5367 ln
1721 5316 1849 5368 V10.

510 5409 541 5446 ⁴
576 5405 642 5458 G.
680 5407 762 5466 44,
796 5407 862 5458 c.
897 5404 1035 5467 vn,
1070 5419 1125 5468 o.
1159 5408 1210 5458 1.
