3753 5871
1237 350 1412 400 Liber
1457 348 1760 398 sccundus
1795 372 1813 383 -
1849 347 1937 396 De
1997 345 2268 395 Per-sonis
3175 338 3244 398 77

249 540 669 622 convocari,
711 543 786 606 et
822 539 888 605 si
930 541 1450 619 convocentur,
1497 540 1749 603 votum
1789 534 2064 602 habent
2098 533 2687 616 deliberativum,
2739 534 2883 599 nisi
2921 533 3127 600 aliud
3167 532 3245 599 in

250 647 779 715 convocatione
807 648 1161 713 caveatur
1205 643 1256 711 ².

434 754 469 837 ξ
514 755 583 822 3.
631 753 985 838 Capitula
1028 751 1490 820 cathedralia
1531 755 1666 818 aut
1716 749 2178 817 consultores
2222 748 2639 816 dioecesani
2682 748 3010 815 cuiusvis
3053 747 3245 814 dioe-

251 862 445 930 cesis
477 862 692 929 cuius
721 858 1169 928 ordinarius
1198 859 1293 927 ad
1328 876 1658 926 normam
1696 858 1730 940 ξ
1766 861 1803 924 1
1843 857 2091 925 vocari
2131 856 2370 938 debet,
2407 856 2822 923 invitentur
2852 856 2947 922 ad
2989 854 3244 922 Conci-

256 969 443 1036 lium
486 974 563 1037 et
612 968 918 1035 invitati
958 967 1269 1035 mittant
1317 966 1504 1033 duos
1554 984 1643 1033 ex
1682 965 2227 1049 capitularibus
2267 969 2401 1031 aut
2443 964 2993 1032 consultoribus
3032 963 3243 1031 colle·

254 1076 562 1161 gialiter
593 1076 1041 1160 designatos,
1080 1075 1208 1160 qui
1242 1078 1488 1141 tamen
1523 1073 1859 1141 obtinent
1891 1078 2144 1139 votum
2182 1076 2476 1140 tantum
2511 1071 3007 1139 consultivum
3029 1068 3081 1136 ².

437 1183 472 1265 ξ
518 1184 586 1249 4.
635 1182 957 1249 Maiores
990 1200 1275 1266 quoque
1310 1181 1746 1265 religionum
1779 1180 2234 1247 clericalium
2273 1184 2777 1263 exemptarum
2815 1197 2901 1245 ac
2934 1178 3248 1263 Congre-

254 1290 640 1377 gationum
682 1290 1260 1357 monasticarum
1303 1289 1762 1373 Superiores,
1830 1289 1957 1372 qui
2028 1290 2105 1354 in
2172 1287 2555 1371 provincia
2627 1287 3023 1370 resideant,
3067 1286 3248 1353 invi·

256 1398 474 1466 tandi
507 1404 708 1481 sunt,
727 1396 1148 1481 ‚debentque
1177 1396 1479 1464 invitati
1507 1396 1764 1464 adesse
1792 1400 1927 1463 aut
1958 1395 2588 1478 impedimentum,
2623 1413 2766 1479 quo
2794 1394 3248 1475 detinentur,

254 1505 595 1572 Concilio
622 1509 877 1572 notum
910 1503 1178 1587 facere3
1205 1504 1331 1571 sed
1367 1504 1508 1585 his,
1542 1503 2148 1588 quemadmodum
2178 1503 2351 1570 aliis
2380 1521 2468 1569 ex
2505 1505 2818 1586 utroque
2845 1502 3047 1569 clero
3069 1501 3254 1568 viris

253 1613 354 1680 ad
389 1612 806 1679 Concilium
842 1611 1040 1679 forte
1074 1611 1382 1690 vocatis,
1430 1614 1682 1678 votum
1720 1617 1833 1678 est
1879 1611 2274 1678 dumtaxat
2308 1609 2829 1677 consultivum.

1562 1787 1745 1858 cm.
1787 1787 1941 1853 287.

440 1919 475 2002 ξ
523 1922 588 1986 1.
637 1919 787 1999 Qui
823 1918 1162 1987 Concilio
1198 1917 1533 2002 plenario
1561 1922 1696 1985 aut
1731 1909 2168 2000 provinciali
2200 1917 2557 1985 interesse
2587 1917 2856 1985 debent
2886 1934 3052 1983 cum
3086 1921 3259 1983 voto

252 2027 770 2110 deliberativo,
809 2028 874 2093 si
907 2027 1107 2094 iusto
1148 2025 1673 2109 impedimento
1711 2025 2215 2108 detineantur,
2252 2026 2561 2092 mittant
2593 2029 3147 2108 procuratorem
3183 2027 3260 2091 et

256 2132 865 2218 impedimentum
898 2133 1211 2217 probent
1234 2131 1288 2199 ³.

441 2241 476 2323 ξ
521 2241 589 2308 2.
641 2241 1119 2323 Procurator,
1162 2240 1230 2307 si
1264 2239 1498 2307 fuerit
1538 2258 1730 2306 unus
1778 2259 1864 2307 ex
1916 2238 2269 2306 Patribus
2312 2238 2578 2323 quibus
2618 2243 2733 2306 est
2778 2242 3029 2305 votum
3079 2237 3255 2305 deli·

258 2348 703 2431 berativum,
726 2348 1017 2437 ⁸duplici
1044 2352 1221 2416 voto
1247 2366 1393 2415 non
1424 2348 1718 2432 gaudet3
1746 2347 1816 2414 si
1845 2366 1992 2414 non
2029 2347 2287 2430 suerit,
2328 2347 2551 2415 habet
2581 2350 2832 2413 votum
2864 2346 3258 2413 dumtaxat

256 2455 785 2523 consultivum.

616 2560 621 2566 ’
1563 2562 1740 2630 CAN.
1777 2561 1932 2628 288.

438 2696 528 2763 In
565 2695 905 2765 Concilio
938 2695 1092 2763 sive
1127 2694 1463 2779 plenario
1498 2694 1649 2762 sive
1687 2693 2129 2778 provinciali
2164 2711 2486 2779 praeses,
2530 2692 2809 2776 habito,
2859 2693 2924 2759 si
2961 2690 3053 2759 de
3098 2709 3257 2775 pro·

260 2803 569 2871 vinciali
625 2807 923 2888 agatur,
965 2802 1276 2869 Patrum
1337 2820 1724 2884 consensu,
1788 2801 2239 2869 determina-t
2305 2800 2635 2868 ordinem
2701 2799 3140 2872 servandum
3182 2799 3257 2864 in

263 2911 825 3005 quaestionibus
867 2910 1380 2979 examinandis
1418 2915 1492 2978 et
1530 2910 1772 2995 ipsum
1812 2908 2228 2978 Concilium
2264 2908 2532 2993 aperit,
2574 2907 2962 2991 transfert,
3012 2924 3257 2991 proro-

266 3022 424 3106 gat,
458 3019 778 3087 absolvit
797 3020 851 3086 ⁴.

1565 3124 1743 3192 cm.
1789 3124 1943 3192 289.

442 3263 781 3333 Concilio
819 3264 1155 3348 plenario
1190 3264 1305 3330 vel
1344 3262 1786 3347 provinciali
1833 3262 2206 3343 inchoato,
2247 3260 2524 3327 nemini
2571 3278 2823 3327 eorum
2866 3260 2990 3343 qui
3039 3258 3261 3325 inter·

264 3390 428 3441 esse
466 3371 760 3455 debent,
802 3373 978 3440 licet
1025 3370 1425 3454 discedere,
1469 3371 1615 3437 nisi
1658 3370 1934 3438 iustam
1977 3370 2069 3438 ob
2110 3387 2409 3436 causam
2455 3386 2501 3434 a
2553 3369 2831 3452 Legato
2871 3367 3264 3434 Pontificio

268 3479 389 3546 vel
430 3497 478 3546 a
512 3478 831 3546 Concilii
875 3477 1355 3563 provincialis
1391 3477 1745 3545 Patribus
1781 3478 2168 3562 probatam
2184 3477 2236 3543 ⁸.

1579 3653 1756 3721 CAN·
1793 3652 1947 3719 290.

449 3788 718 3857 Patres
751 3788 832 3853 in
860 3787 1196 3854 Concilio
1225 3786 1561 3871 plenario
1596 3786 1711 3853 vel
1740 3784 2181 3870 provinciali
2211 3783 2638 3868 congregati
2671 3784 3000 3851 studiose
3030 3784 3264 3868 inqui-

268 3902 448 3965 rant
478 3914 569 3964 ac
609 3895 1011 3964 decernant
1047 3913 1233 3979 quae
1274 3894 1370 3963 ad
1409 3894 1581 3961 fidei
1616 3895 2176 3975 incrementum,
2218 3892 2311 3959 ad
2348 3890 2835 3959 moderandos
2869 3909 3133 3973 mores,
3173 3890 3265 3956 ad

263 4003 748 4088 corrigendos
776 4003 1078 4085 abusus,
1121 4003 1217 4071 ad
1248 4002 1792 4070 controversias
1821 4001 2387 4086 componendas,
2432 4000 2527 4067 ad
2565 4016 2784 4065 unam
2823 3999 3270 4083 eandemque

265 4111 747 4195 disciplinam
775 4095 1218 4178 servandam
1238 4111 1356 4178 vel
1384 4109 1901 4192 inducendam,
1936 4112 2356 4193 opportuna
2392 4108 2553 4175 fore
2582 4125 2721 4193 pro
2754 4125 2889 4173 suo
2914 4107 3271 4189 cuiusque

267 4218 660 4286 territorio
684 4217 1081 4284 videantur
1123 4218 1175 4282 ⁸.

1568 4323 1748 4391 CAN.
1792 4323 1946 4390 291.

453 4467 489 4550 5
537 4470 604 4533 1.
652 4465 1016 4534 Absoluto
1050 4462 1387 4531 Concilio
1432 4462 1767 4547 plenario
1804 4466 1939 4529 aut
1985 4460 2452 4546 provinciali,
2493 4477 2788 4544 praeses
2824 4462 2993 4525 acta
3032 4461 3108 4524 et
3152 4456 3270 4524 de·

265 4578 483 4642 creta
531 4574 782 4643 omnia
817 4573 913 4640 ad
960 4573 1311 4641 Sanctam
1359 4569 1617 4639 Sedem
1665 4570 2161 4651 transmittat,
2218 4587 2348 4635 nec
2392 4566 2642 4635 eadem
2684 4570 2909 4633 antea
2949 4562 3265 4649 promul·

449 4804 467 4837 ¹
509 4803 567 4854 S.
600 4802 665 4854 0.
698 4801 787 4862 0.,
821 4800 1064 4861 aquen„
1108 4800 1173 4852 25
1209 4813 1344 4861 aug.
1390 4799 1537 4858 1850,
1575 4798 1654 4849 ad
1687 4798 1791 4849 1-3.

441 4895 468 4930 ²
510 4893 575 4944 0.
610 4894 693 4951 10,
719 4892 785 4953 x,
815 4894 886 4943 dc
916 4892 1029 4949 ms,
1058 4902 1207 4951 quoe
1234 4892 1385 4951 nunt
1407 4902 1446 4939 a
1471 4886 1738 4949 praelato
1766 4888 1893 4938 sinc
1921 4895 2206 4936 consensu
2234 4882 2500 4944 capituli,
2537 4883 2653 4941 111,
2682 4883 2764 4943 1⁰3
2793 4880 2852 4933 S.
2890 4880 2955 4932 0.
2988 4879 3064 4932 de
3098 4881 3270 4940 Pron.

273 4982 425 5034 Fide
474 4982 793 5041 (Anguae).
828 4979 863 5031 6
904 4979 1007 5030 lul.
1043 4978 1191 5037 1874,
1225 4978 1300 5029 ad
1344 4978 1393 5028 1.

442 5074 469 5110 ³
511 5072 576 5123 0.
607 5070 658 5129 9,
690 5070 774 5128 10,
810 5068 881 5119 D.
916 5066 1134 5130 xvl11;
1165 5068 1223 5120 S.
1255 5066 1320 5118 0.
1361 5066 1449 5127 0.,
1482 5064 1896 5121 Tarraconen„
1928 5064 1960 5114 4
1990 5063 2113 5114 dec.
2146 5061 2293 5113 1638.

443 5164 471 5198 ⁴
512 5162 572 5212 S.
609 5160 674 5213 0.
718 5160 806 5218 0.,
851 5156 1131 5208 Civitati-5
1165 5155 1403 5215 Reontio
1436 5156 1498 5205 in
1537 5153 1731 5206 Indue
1772 5151 2090 5213 (Limam),
2126 5163 2324 5202 mense
2358 5149 2506 5200 febr.
2542 5146 2691 5208 1586,
2737 5147 2814 5198 ad
2847 5147 2898 5208 6,
2935 5147 2984 5198 7.

440 5253 467 5285 ⁵
508 5250 571 5302 C.
610 5249 694 5308 12,
731 5249 805 5299 D.
841 5246 1058 5298 xvtn.
2812 5238 2819 5245 ’

442 5343 469 5378 ⁶
509 5340 575 5391 0.
609 5339 692 5398 25,
724 5338 791 5397 X,
831 5337 902 5388 do
947 5334 1444 5391 accusationibus,
1482 5331 1965 5392 inquisitionibus
2004 5334 2063 5381 et
2112 5325 2683 5384 deotunciationibuc,
2732 5325 2802 5386 V,
2844 5327 2895 5386 1;
2933 5325 3107 5377 Oonc.
3148 5325 3273 5375 Trl-

270 5432 461 5490 dent„
493 5440 639 5480 sess.
678 5426 879 5486 XXIV,
909 5427 981 5476 de
1010 5424 1146 5484 ros„
1175 5436 1225 5475 c.
1258 5423 1309 5485 2;
1336 5424 1454 5474 Leo
1486 5422 1533 5473 x
1572 5423 1660 5481 (ln
1689 5421 1864 5473 Oonc.
1900 5421 2252 5470 Lateranen.
2292 5415 2388 5476 V),
2429 5418 2614 5466 const.
2650 5430 2681 5465 α
2713 5413 3007 5473 Reaimini
3045 5412 3275 5462 univer·

275 5520 429 5571 aazia
456 5532 508 5578 ι,
540 5518 572 5567 4
610 5516 754 5567 mall
783 5515 930 5574 1515,
973 5513 999 5574 3
1029 5514 1111 5576 123
1140 5512 1200 5565 S.
1235 5512 1301 5579 0.
1335 5512 1409 5563 de
1440 5512 1611 5570 Prop.
1648 5510 1811 5577 ride,
1847 5510 1962 5560 lltt.
2005 5507 2226 5568 encycl.
2269 5504 2371 5563 (ad
2405 5505 2511 5564 Ep.
2548 5504 2823 5564 Indiam).
2866 5502 2932 5554 28
2958 5514 3093 5564 aug.
3124 5501 3274 5554 1893.
