3753 5871
640 306 749 365 482
1780 312 1975 364 com
2014 313 2176 364 Iuris
2224 314 2505 366 camiac

1322 410 1386 418 .-

1913 537 2088 603 CAN.
2150 538 2344 604 1678.
2487 534 2525 569 ⁶

822 656 968 735 Qui
999 675 1221 741 grave
1250 658 1600 725 damnum
1634 660 1741 726 rei
1781 678 1959 728 suae
1992 660 2372 729 imminere
2393 663 2858 750 pertimescit
2889 685 2975 733 ex
3014 667 3282 734 alieno
3319 665 3567 734 aedificio

647 765 838 848 quod
868 766 1157 831 ruinam
1182 766 1536 848 minatur,
1563 786 1650 834 ex
1674 767 1939 835 arbore
1961 772 2096 836 aut
2125 788 2212 836 ex
2237 770 2394 836 alia
2420 789 2499 837 re
2526 789 2982 856 quacunque,
3012 775 3394 841 actionem
3421 775 3566 840 haba

644 873 733 935 de
767 873 1033 936 damno
1067 871 1343 954 infecto
1376 874 1471 940 ad
1505 875 1977 942 obtinendam
2020 877 2332 960 periculi
2377 878 2874 960 remotionem,
2921 886 3060 948 aut
3092 883 3496 949 cautionem
3517 882 3570 948 de

643 976 912 1047 damno
948 979 1063 1046 vel
1102 981 1523 1064 avertendO,
1554 983 1668 1049 vel
1700 984 2265 1066 compensando,
2303 986 2368 1051 si
2398 985 2595 1053 forte
2633 988 2981 1054 evenerit.

1906 1263 2165 1329 CAPUT
2201 1264 2352 1330 ΙΙΙ.

1372 1385 1476 1452 De
1511 1384 1928 1452 actionibus
1962 1390 2049 1454 ob
2089 1388 2512 1455 nullitatem
2546 1392 2904 1456 actorum.

1911 1580 2087 1648 om.
2138 1579 2332 1648 1679.

822 1702 904 1769 Si
934 1708 1148 1770 actus
1177 1711 1310 1773 aut
1340 1709 1767 1772 contractus
1803 1706 1905 1772 sit
1935 1705 2099 1789 ipso
2129 1705 2292 1773 iure
2323 1705 2600 1788 nullus,
2643 1705 2871 1772 datur
2908 1705 3002 1787 ei,
3045 1706 3276 1774 cuius
3307 1707 3577 1776 interest.

640 1810 838 1878 actio
868 1811 962 1878 ad
996 1812 1465 1880 obtinendam
1505 1831 1551 1880 a
1581 1812 1822 1880 iudice
1852 1813 2425 1881 declarationem
2461 1813 2837 1882 nullitatis
2878 1810 2930 1879 ¹.

1900 1971 2078 2039 CAN·
2136 1971 2332 2039 1680.

822 2092 854 2175 §
903 2096 968 2159 1.
1020 2094 1091 2159 N
1096 2094 1351 2162 ullitas
1390 2100 1604 2162 actus
1642 2101 1820 2163 tunc
1858 2100 2152 2164 tantum
2197 2098 2534 2178 habetur,
2576 2115 2743 2164 cum
2784 2097 2864 2163 in
2902 2115 2988 2164 eo
3033 2094 3406 2170 deficiunt
3451 2112 3577 2179 quae

639 2205 886 2267 actum
918 2203 1157 2286 ipsum
1181 2203 1676 2271 essentialiter
1704 2204 2197 2286 constituunt,
2225 2209 2358 2271 aut
2384 2204 2769 2271 sollemnia
2793 2223 2920 2271 seu
2948 2203 3425 2272 conditiones
3448 2201 3576 2270 desi-

639 2306 1000 2375 derantur
1025 2328 1070 2375 a
1100 2310 1332 2377 sacris
1360 2312 1766 2379 canonibus
1800 2312 2198 2397 requisitae
2227 2313 2363 2379 sub
2391 2330 2627 2397 poena
2657 2311 3055 2380 nullitatiS.

821 2416 853 2497 §
901 2416 966 2482 2.
1018 2416 1089 2481 N
1091 2418 1350 2485 ullitas
1395 2419 1713 2486 alicuius
1768 2425 1982 2488 actus
2027 2439 2173 2487 non
2230 2420 2590 2503 importat
2636 2420 3057 2488 nullitatem
3102 2425 3448 2488 actorum
3497 2416 3576 2501 qui

641 2524 1089 2604 praecedunt
1124 2529 1259 2592 aut
1285 2525 1834 2612 subsequuntur
1861 2532 1934 2595 et
1962 2529 2055 2594 ab
2086 2532 2256 2595 actu
2292 2547 2437 2595 non
2465 2528 2903 2612 dependent.

1904 2686 2080 2754 CAN.
2138 2686 2333 2753 1681.

810 2809 954 2888 Qui
988 2813 1234 2875 actum
1270 2811 1519 2894 posuit
1559 2810 1935 2878 nullitatis
1967 2811 2151 2879 vitio
2184 2811 2567 2891 infectum,
2604 2814 2901 2879 tenetur
2930 2810 3022 2878 de
3063 2811 3372 2878 damnis
3411 2817 3478 2877 et
3504 2825 3576 2873 ex·

638 2916 884 2999 pensis
918 2934 1094 2999 erga
1132 2922 1417 3001 partem
1453 2917 1726 2987 laesam
1774 2917 1824 2981 ².

1912 3043 2087 3110 CAN.
2139 3042 2334 3109 1682.

810 3167 1141 3234 Nullitas
1188 3173 1401 3235 actus
1439 3185 1483 3234 a
1523 3167 1764 3235 iudice
1803 3167 2169 3235 declarari
2210 3187 2355 3235 non
2406 3171 2650 3252 potest
2688 3186 2774 3234 ex
2816 3166 3073 3247 officio,
3127 3165 3286 3232 nisi
3328 3170 3459 3232 aut
3492 3179 3576 3247 pu·

635 3274 821 3341 blice
860 3274 935 3340 id
984 3276 1308 3353 intersit,
1349 3281 1483 3343 aut
1520 3279 1790 3358 agatur
1829 3275 1920 3342 de
1961 3276 2410 3360 pauperibus
2449 3275 2565 3342 vel
2605 3276 2697 3342 de
2746 3274 3154 3341 minoribus
3195 3274 3462 3340 aliisve
3495 3268 3577 3353 qui

634 3380 1000 3447 minorum
1046 3381 1208 3448 iure
1243 3386 1659 3449 censentur.

1907 3491 2084 3558 CAN.
2141 3491 2335 3557 1683.

807 3611 1039 3680 Iudex
1075 3613 1387 3681 inferior
1414 3613 1505 3682 (le
1530 3613 2114 3696 confirmatione,
2146 3634 2192 3681 a
2219 3614 2552 3681 Romano
2580 3612 2938 3681 Pontifice
2964 3611 3167 3680 actui
3203 3612 3330 3679 vel
3357 3612 3575 3678 instru-

635 3724 881 3786 ment-0
909 3720 1223 3821 adiecta,
1249 3721 1497 3790 videre
1521 3742 1666 3791 non
1693 3727 1962 3807 potest,
1995 3723 2138 3789 nisi
2166 3723 2637 3807 Apostolicae
2669 3721 2883 3790 Sedis
2913 3720 3408 3805 praecesserit
3429 3731 3574 3781 man·

635 3825 889 3892 datum
936 3826 987 3892 ³.

1900 4011 2159 4078 CAPUT
2204 4012 2338 4077 IV.

966 4137 1078 4204 De
1112 4135 1529 4203 actionibus
1558 4133 2006 4201 rescissoriis
2038 4141 2111 4202 et
2144 4139 2232 4203 de
2265 4133 2738 4201 restitutione
2771 4134 2852 4199 in
2882 4134 3280 4218 in-teyrwm.

1896 4331 2074 4398 (lm.
2130 4330 2326 4396 1684.

808 4470 841 4552 ξ
889 4474 954 4536 1.
1008 4469 1091 4537 Si
1120 4470 1285 4552 quis
1312 4471 1556 4534 motus
1591 4470 1791 4532 metu
1821 4464 2033 4547 gravi
2064 4462 2341 4529 iniuste
2368 4463 2690 4544 incusso,
2731 4463 2846 4530 vel
2873 4462 3046 4529 dolo
3071 4462 3571 4529 circumventus

632 4583 878 4645 actum
922 4576 1256 4663 posuerit
1288 4576 1404 4642 vel
1436 4577 1900 4641 contractum
1938 4571 2192 4639 inierit
2230 4571 2357 4654 qui
2389 4571 2553 4654 ipso
2585 4570 2748 4638 iure
2791 4588 2936 4638 non
2971 4570 3072 4638 sit
3105 4570 3366 4637 nullus
3423 4572 3568 4654 pote

633 4689 757 4768 rit,
820 4691 1016 4753 metu
1063 4686 1178 4752 vel
1226 4683 1396 4750 dolo
1440 4682 1775 4767 probato,
1827 4680 2158 4749 obtinere
2214 4682 2429 4747 actus
2472 4678 2589 4747 vel
2634 4681 3065 4746 contractus
3110 4677 3568 4746 rescissionem

629 4794 917 4862 actione
965 4811 1152 4878 quae
1186 4798 1495 4859 vocatur
1529 4788 1959 4855 rescissoria
2008 4787 2057 4855 ⁴.

816 5026 830 5057 ¹
873 5023 936 5074 Ο.
969 5023 1051 5082 42,
1083 5022 1147 5074 Ο.
1181 5021 1311 5080 XII,
1345 5032 1399 5081 q,
1432 5020 1481 5080 23
1508 5030 1557 5069 c.
1590 5019 1694 5077 2-4,
1726 5018 1791 5077 X,
1824 5019 1895 5068 de
1930 5017 2041 5075 his,
2074 5028 2223 5076 quae
2260 5017 2321 5066 vi
2350 5017 2614 5065 metusve
2646 5024 2826 5064 ouum
2853 5013 3024 5074 flunt,
3064 5013 3116 5073 1,
3150 5012 3232 5063 4⁰.

805 5122 828 5154 2
875 5111 1023 5163 Vlde
1057 5112 1239 5162 etlam
1271 5121 1401 5160 can.
1436 5108 1584 5168 1625,
1627 5108 1656 5170 ⁸
1699 5109 1749 5159 1.

808 5210 833 5244 ³
873 5203 937 5254 C.
970 5205 1020 5261 1,
1054 5202 1104 5260 2.
1137 5202 1201 5260 x,
1234 5203 1304 5251 de
1335 5198 1772 5260 confirmatione
1810 5197 1946 5248 utili
1973 5199 2066 5249 vel
2105 5194 2327 5254 inumb·
2363 5195 2446 5255 ΙΙ,
2477 5194 2561 5256 Βος
2589 5205 2639 5245 c.
2673 5205 2796 5253 un..
2830 5195 2901 5244 de
2940 5191 3404 5252 probationibus,
3440 5188 3508 5245 11,
3530 5182 3562 5233 ⁷·

637 5297 697 5345 ¹¹¹
728 5294 924 5436 menz.
956 5386 1006 5442 1,
1044 5383 1092 5441 2,
1126 5384 1175 5440 4,
1206 5382 1257 5439 6,
1289 5382 1338 5438 7,
1370 5381 1436 5439 Χ,
1465 5382 1536 5431 de
1565 5379 1675 5438 his,
1703 5389 1852 5440 quae
1880 5379 1941 5429 vi
1966 5382 2230 5428 metusve
2255 5386 2435 5426 eam
2460 5376 2632 5437 flunt,
2667 5374 2718 5434 1,
2748 5375 2829 5434 403
2853 5385 2902 5425 c.
2934 5373 2986 5432 8,
3018 5373 3083 5433 Χ,
3115 5375 3187 5423 ae
3211 5373 3272 5422 in
3309 5372 3554 5428 &turn-

636 5474 1029 5531 restitutione‚
1065 5474 1114 5533 Ι,
1147 5474 1228 5533 41;
1252 5484 1301 5522 c.
1330 5472 1377 5531 2,
1413 5472 1479 5531 x,
1508 5472 1579 5521 ae
1606 5468 1869 5526 arbitris,
1899 5470 1949 5529 1,
1980 5469 2062 5534 4&
2093 5480 2143 5519 c.
2177 5467 2259 5527 17,
2292 5467 2359 5527 x,
2389 5468 2460 5516 ae
2487 5464 2861 5516 conversione
2889 5463 3351 5521 contemtorem,
3382 5458 3483 5512 111.
3504 5450 3559 5504 3
