3753 5871
1130 185 2436 255 umquem-nonamuotpoenu
3076 182 3278 255 ,633

1570 416 1748 485 ΟΑΝ.
1796 415 1994 483 2324.

349 555 356 561 ’
458 564 605 645 Qui
630 561 1083 647 deliquerint
1107 564 1374 628 contra
1400 558 1942 644 praescriptum
1970 574 2137 623 can.
2169 554 2325 638 827,
2364 554 2519 639 828,
2558 553 2714 637 840,
2757 552 2793 635 ξ
2833 554 2901 636 1,
2936 553 3031 619 ab
3061 551 3270 620 Ordi-

288 672 502 740 nario
536 689 674 757 pro
703 669 1075 755 gravitate
1104 667 1369 752 culpae
1402 666 1839 752 puniantur,
1878 683 2027 732 non
2062 663 2387 746 exclusa,
2433 662 2499 729 si
2544 680 2663 728 res
2703 662 2928 743 ferat,
2974 677 3272 743 suspen-

288 781 493 848 sione
522 783 659 848 aut
686 776 1021 846 beneficii
1050 776 1170 844 vel
1200 775 1418 843 officii
1446 774 1928 843 ecclesiastici
1961 772 2403 857 privatione,
2443 770 2587 853 vel,
2631 770 2698 837 si
2726 768 2818 837 de
2850 769 3066 836 laicis
3105 786 3274 853 aga·

294 890 446 971 tur,
485 883 1238 954 excommunicatione
1265 881 1314 950 ².

1549 991 1726 1057 CAN·
1776 989 1974 1057 2325.

457 1136 606 1217 Qui
636 1135 1240 1220 superstitionem
1270 1133 1685 1201 exercuerit
1712 1132 1829 1200 vel
1860 1130 2331 1215 sacrilegium
2358 1128 2923 1213 perpetraverit,
2953 1147 3090 1212 pro
3115 1146 3278 1213 gra·

289 1244 524 1313 vitate
563 1243 830 1330 culpae
870 1244 964 1310 ab
1008 1241 1412 1310 Ordinatio
1450 1240 1836 1325 puniatur,
1886 1238 2116 1306 salvis
2156 1237 2415 1322 poenis
2456 1238 2620 1305 iure
2665 1237 2975 1305 statutis
3015 1239 3281 1303 contra

288 1351 580 1436 aliquos
610 1355 827 1418 actus
865 1349 1422 1434 superstitiosos
1455 1348 1586 1415 vel·
1616 1347 2008 1433 sacrilegia
2037 1344 2094 1413 ³.

1525 1524 1729 1593 CAN.
1778 1525 1976 1592 2320.

457 1667 603 1748 Qui
645 1669 881 1736 falsas
922 1667 1277 1753 reliquias
1318 1666 1643 1749 conficit,
1688 1671 1824 1734 aut
1868 1668 2188 1734 scienter
2227 1666 2507 1747 vendit,
2555 1664 2947 1732 distribuit
2988 1662 3104 1730 vel
3148 1680 3277 1745 pu·

289 1775 525 1844 blicae
571 1776 898 1844 fidelium
944 1776 1407 1844 venerationi
1452 1775 1781 1859 exponit,
1832 1775 1998 1858 ipso
2034 1775 2241 1842 facto
2278 1771 3105 1841 excommunicationem
3147 1770 3277 1836 Or-

286 1882 585 1951 dinario
621 1885 1069 1951 reservatam
1105 1882 1511 1950 contrahit.

1564 2023 1740 2090 CAN.
1785 2022 1983 2090 2327.

458 2167 866 2248 Quaestum
899 2166 1259 2233 facientes
1294 2184 1382 2232 ex
1415 2164 1904 2249 indulgentiis
1948 2164 2379 2248 plectuntur
2422 2162 2584 2246 ipso
2627 2162 2834 2228 facto
2874 2177 3280 2228 excommu-

288 2274 661 2343 nicatione
699 2274 873 2341 Sedi
907 2273 1381 2357 Apostolicae
1422 2272 1861 2356 simpliciter
1898 2273 2273 2339 reservata
2307 2268 2362 2338 ⁸.

1566 2448 1743 2515 CAN·
1794 2448 1993 2515 2328.

459 2589 604 2670 Qui
642 2590 1006 2657 cadavera
1049 2589 1169 2657 vel
1216 2589 1557 2673 sepulcra
1603 2592 2064 2655 mortuorum
2113 2588 2208 2654 ad
2247 2587 2535 2654 furtum
2577 2586 2694 2654 vel
2732 2587 2962 2652 alium
3007 2586 3282 2652 malum

287 2698 506 2766 finem
540 2697 956 2780 violaverit,
989 2697 1393 2765 interdicto
1429 2696 1804 2780 personali
1836 2696 2222 2780 puniatur,
2261 2695 2363 2762 sit
2396 2695 2562 2827 ipso
2598 2694 2802 2762 facto
2843 2694 3173 2774 infamis,
3211 2696 3288 2761 et

284 2804 603 2874 clericus
645 2808 1030 2888 praeterea
1074 2805 1569 2889 deponatur.
1515 2802 1545 2838 ⁴

476 3018 500 3055 ¹
531 3018 705 3071 Oonc.
737 3018 1027 3078 Trident„
1066 3029 1208 3069 sess.
1241 3015 1422 3076 xxn,
1455 3019 1527 3068 ae
1562 3017 1945 3068 observandis
1975 3019 2036 3068 et
2065 3017 2363 3069 evitandis
2391 3019 2457 3067 in
2485 3016 2877 3067 celebratione
2907 3017 3144 3074 mum
3172 3016 3278 3068 Be·

294 3108 566 3160 nedictus
585 3107 738 3168 xlv,
768 3118 859 3168 ep.
884 3108 1104 3169 encyei.
1129 3121 1161 3157 ι
1185 3107 1422 3167 Quanto
1444 3118 1587 3156 cure
1610 3122 1660 3166 ι,
1685 3107 1752 3159 30
1775 3106 1897 3157 iun.
1923 3107 2073 3167 1741,
2101 3107 2128 3168 ς
2152 3107 2203 3167 5;
2222 3117 2313 3166 ep.
2347 3121 2383 3157 ε
2403 3106 2518 3157 Pro
2540 3106 2759 3157 enimin
2791 3119 2841 3165 n,
2874 3106 2941 3158 30
2973 3107 3092 3156 iun.
3127 3104 3275 3166 1741,

299 3197 326 3258 3
361 3196 412 3259 2;
442 3200 627 3250 const.
667 3211 699 3247 ι
743 3197 833 3248 Aa
868 3197 1189 3250 mactantis,
1222 3210 1273 3256 ι,
1310 3196 1377 3248 30
1409 3198 1586 3248 mart.
1625 3196 1773 3257 1742,
1814 3196 1841 3257 ς
1875 3196 1928 3258 o:
1960 3199 2149 3248 const.
2188 3211 2220 3247 ι
2258 3197 2424 3258 Quod
2459 3197 2734 3257 θεραπεία
2778 3209 2829 3255 ι,
2868 3194 2934 3248 20
2962 3207 3097 3257 aug.
3131 3194 3280 3256 174&

299 3286 444 3338 Pius
473 3286 570 3347 IX,
609 3289 795 3338 const.
833 3301 862 3335 α
893 3286 1263 3346 apostoncae
1295 3284 1468 3337 Sedu
1499 3300 1549 3345 ι»,
1581 3286 1647 3336 12
1676 3289 1790 3337 oct.
1825 3285 1975 3347 1800,
2012 3286 2039 3347 ς
2074 3286 2157 3345 11,
2191 3299 2250 3337 n.
2285 3286 2367 3347 12;
2408 3284 2466 3338 S.
2503 3285 2571 3338 O.
2608 3285 2667 3336 S.
2702 3284 2842 3345 off..
2875 3285 2942 3337 13
2974 3287 3092 3335 ian.
3126 3284 3276 3345 1802,

297 3374 378 3427 ad
396 3376 446 3437 4;
471 3375 529 3427 S.
559 3375 623 3427 C.
654 3376 743 3436 0.,
769 3377 925 3427 decr.
953 3376 1018 3427 z
1042 3376 1146 3426 iul.
1173 3375 1323 3435 1874,
1349 3375 1428 3427 ad
1452 3377 1503 3435 1,
1528 3375 1634 3436 3-5;
1656 3375 1812 3427 decr.
1842 3390 1874 3426 ι
1902 3376 2190 3436 Virilem
2214 3390 2265 3436 ι,
2298 3374 2365 3428 25
2389 3376 2532 3426 maii
2564 3375 2713 3436 189&
2741 3386 2833 3436 ep.
2867 3375 2933 3427 28
2962 3387 3098 3435 aug.
3132 3374 3280 3436 18973

298 3463 455 3515 decr.
482 3478 514 3514 ι
542 3465 620 3516 Ut
649 3467 850 3516 deum
879 3478 930 3524 n,
957 3465 1023 3516 11
1047 3465 1189 3515 maii
1215 3466 1365 3525 1004,
1392 3477 1451 3516 ιι.
1479 3465 1617 3527 8-13;
1644 3464 1702 3518 S.
1739 3465 1803 3517 C.
1832 3466 1907 3518 de
1933 3466 2105 3526 Prop.
2135 3465 2302 3525 Fide,
2330 3465 2485 3517 decr.
2515 3464 2582 3517 18
2606 3478 2741 3527 aug.
2778 3464 2925 3516 1893.

465 3555 491 3588 ²
547 3554 612 3606 Ο.
646 3553 728 3614 22,
764 3555 836 3605 D.
872 3555 939 3615 L;
974 3566 1026 3605 c.
1059 3555 1113 3614 0,
1146 3554 1212 3606 G.
1249 3554 1366 3615 111,
1401 3565 1457 3615 q.
1491 3555 1541 3616 5;
1572 3567 1623 3607 c.
1658 3555 1742 3614 17,
1776 3555 1841 3607 Ο.
1880 3555 1983 3614 VI,
2017 3567 2074 3616 q.
2109 3556 2159 3617 13
2197 3567 2249 3607 c.
2282 3555 2402 3615 107,
2435 3555 2502 3606 0.
2536 3555 2636 3614 xl,
2670 3567 2726 3616 q.
2760 3556 2810 3615 3;
2838 3566 2889 3606 c.
2923 3554 3008 3614 17,
3040 3554 3107 3605 O.
3140 3554 3276 3614 XII,

298 3657 354 3706 q.
378 3644 427 3706 2;
451 3656 502 3696 c.
525 3645 610 3705 14,
632 3644 717 3704 21,
742 3644 807 3695 O.
832 3643 1017 3716 XVII,
1040 3656 1096 3706 q.
1121 3645 1171 3706 4;
1190 3644 1350 3705 cm,
1373 3645 1440 3696 Ο.
1466 3644 1666 3705 xx1v,
1690 3656 1746 3706 q.
1776 3645 1827 3705 3;
1848 3656 1899 3697 c.
1934 3646 2040 3704 1-0,
2072 3644 2244 3706 11-13,
2277 3644 2343 3697 O.
2377 3644 2577 3704 XXVI,
2612 3655 2666 3705 q.
2700 3645 2750 3706 5;
2778 3656 2829 3696 c.
2863 3645 2947 3704 15,
2979 3644 3045 3695 O.
3080 3643 3281 3705 XXVI,

299 3746 355 3795 q.
389 3734 440 3796 ⁷3
466 3745 519 3786 c.
554 3735 638 3794 40,
680 3734 752 3785 D.
789 3733 840 3794 1,
877 3736 949 3785 ae
982 3745 1161 3790 ωηο..-
1190 3745 1241 3786 c.
1278 3736 1328 3794 1,
1363 3734 1414 3795 2
1447 3735 1515 3795 X,
1552 3737 1623 3786 ae
1657 3735 2001 3797 conuectis,
2036 3735 2106 3795 V,
2141 3735 2225 3797 213
2263 3746 2317 3786 c.
2355 3734 2406 3795 2,
2442 3737 2513 3785 ae
2545 3734 2733 3795 officio
2763 3734 3077 3792 ordiner-u,
3110 3734 3161 3793 1,
3194 3733 3279 3794 10,

300 3824 364 3874 in
386 3823 514 3885 VI⁰;
541 3823 714 3876 Cone.
743 3823 984 3874 Nicaen.
1013 3823 1097 3883 11,
1123 3825 1283 3875 aetio
1304 3824 1443 3884 vn,
1469 3826 1735 3885 definitio
1760 3827 1832 3876 ae
1858 3826 2048 3876 saer-ie
2073 3825 2450 3885 immunibus:
2472 3825 2646 3876 Cone.
2676 3823 2966 3884 Trident„
2995 3835 3139 3875 sess.
3176 3823 3280 3884 IV,

300 3914 373 3963 ae
403 3914 660 3965 editione
688 3917 748 3964 et
780 3925 893 3964 m
931 3925 1234 3964 sacrorum
1264 3914 1567 3972 librorum·
1596 3926 1741 3966 sess.
1774 3915 1956 3975 XXII,
1992 3917 2065 3966 de
2095 3914 2479 3966 observandis
2511 3917 2570 3964 et
2602 3914 2900 3965 evitandis
2931 3915 2997 3964 in
3030 3913 3282 3964 celebra-

300 3999 457 4050 tione
491 4000 725 4058 niceae:
764 4001 1229 4062 Ioannes‘XXII,
1263 4005 1451 4054 const.
1486 4019 1517 4053 ι
1548 4002 1742 4062 seper
1769 4001 1935 4054 illius
1968 4019 2019 4064 ι,
2062 4015 2118 4054 a.
2153 4003 2301 4063 lam,
2338 4002 2365 4063 ς
2398 4002 2448 4063 2;
2482 4003 2862 4055 Innocentius
2895 4002 3065 4061 VIII,
3099 4004 3286 4054 const.

301 4105 333 4141 ι
357 4091 617 4143 Summis
642 4107 692 4153 ι,
720 4093 755 4144 5
785 4093 911 4144 dec.
940 4093 1088 4154 14843
1113 4095 1231 4145 Leo
1256 4094 1304 4144 X
1341 4094 1429 4152 (in
1456 4094 1631 4145 Cone.
1661 4094 2015 4145 Latet-auen.
2045 4095 2142 4158 V),
2171 4097 2358 4146 const.
2392 4108 2424 4144 ι
2458 4093 2762 4154 supernae
2791 4093 3282 4154 dispositioncs-1»,

295 4178 330 4231 5
362 4179 506 4230 maii
546 4180 695 4241 1514,
732 4181 759 4242 ς
792 4182 876 4242 41;
906 4193 997 4242 ep.
1031 4183 1252 4243 encyci.
1288 4197 1320 4233 ι
1353 4181 1636 4233 Honesta
1679 4197 1730 4243 ι,
1767 4183 1833 4235 15
1865 4183 2015 4235 febr.
2052 4183 2199 4245 15213
2233 4182 2582 4238 HadrIanus
2619 4182 2722 4241 VI,
2758 4193 2851 4242 ep.
2900 4196 2932 4232 ι
2970 4180 3205 4231 Dudum
3237 4196 3287 4240 ι,

303 4270 371 4321 20
405 4271 509 4322 iui.
547 4271 694 4332 1522;
730 4270 940 4324 sixtus
983 4273 1051 4333 V,
1088 4276 1275 4325 const.
1315 4287 1347 4323 ι
1384 4272 1545 4324 Coeli
1582 4277 1643 4324 et
1683 4278 1875 4326 teme
1913 4288 1965 4334 ι,
2002 4273 2037 4325 5
2071 4274 2191 4325 ian.
2231 4272 2384 4333 1580,
2432 4272 2459 4333 3
2496 4273 2547 4335 3;
2584 4271 2906 4333 Gregorius
2939 4270 3062 4331 XV,
3094 4274 3280 4325 const.

302 4373 334 4409 ι
368 4358 799 4432 omnipotentie
827 4362 939 4412 Dei
966 4376 1016 4422 ι,
1046 4361 1112 4414 20
1141 4364 1317 4415 mart.
1348 4362 1495 4425 16233
1522 4362 1799 4415 Urbanus
1824 4363 1994 4424 VIII,
2022 4365 2209 4415 const.
2242 4377 2274 4413 ι
2298 4363 2719 4415 Immineat:
2746 4376 2797 4423 n,
2826 4362 2893 4414 31
2920 4363 3095 4413 mart.
3132 4361 3284 4422 1031,

301 4447 330 4508 8
356 4447 410 4507 3,
440 4448 491 4509 4;
520 4448 791 4500 Clemens
815 4449 949 4509 ΧΠ,
982 4451 1098 4502 ntt.
1128 4456 1226 4511 ap:
1252 4465 1284 4501 ι
1310 4449 1686 4511 compertus·
1712 4467 1764 4513 ι,
1798 4452 1864 4503 24
1890 4464 2025 4514 ang.
2054 4452 2202 4512 1734,
2232 4451 2367 4503 dub.
2400 4451 2565 4512 X1113
2593 4452 2712 4503 ntt.
2743 4462 2839 4511 ap.
2878 4466 2909 4500 ι
2940 4449 3291 4500 concredito

302 4537 486 4590 Notio
515 4553 565 4600 n,
597 4539 662 4592 13
689 4540 832 4591 maii
872 4541 1020 4601 17393
1050 4541 1405 4595 Benedictus
1433 4542 1586 4604 XIV,
1616 4545 1802 4596 const.
1838 4557 1870 4593 ι
1903 4543 1992 4594 Λα
2023 4543 2343 4594 matteum
2374 4556 2425 4603 ι,
2457 4541 2525 4594 30
2553 4544 2731 4594 mart.
2772 4540 2921 4601 1742,
2956 4541 2983 4602 ς
3014 4540 3066 4602 fl:
3096 4542 3284 4593 const.

304 4642 336 4678 ι
360 4628 453 4679 Πω
485 4640 598 4689 quo
623 4643 673 4689 ι,
701 4630 767 4681 11
798 4631 903 4681 ini.
933 4630 1081 4691 1742,
1113 4631 1140 4692 ς
1167 4631 1335 4694 25-213
1358 4635 1545 4685 const.
1575 4647 1607 4683 ι
1636 4632 1911 4684 mun
1943 4633 2410 4684 waldimacum
2436 4646 2487 4692 ι,
2517 4631 2583 4683 12
2608 4633 2757 4692 sept.
2787 4631 2936 4690 1744,
2969 4630 2996 4691 ς
3026 4631 3109 4691 14,
3144 4630 3282 4682 dub.

302 4717 470 4778 XIII,
500 4718 527 4779 ς
551 4718 635 4778 30.
662 4719 745 4780 4⁰3
771 4731 864 4780 ep.
893 4735 924 4769 ι
951 4712 1118 4779 cum,
1142 4724 1211 4772 nt
1235 4725 1394 4773 recte
1419 4725 1579 4774 nom
1604 4736 1654 4783 ι,
1681 4723 1748 4774 27
1771 4723 1879 4774 iul.
1907 4723 2056 4783 1755,
2093 4722 2120 4783 ς
2147 4723 2229 4784 14;
2253 4734 2344 4783 ep.
2373 4721 2595 4783 encycl.
2630 4735 2662 4771 ι
2692 4720 2783 4771 Eo
2815 4733 2929 4780 quo
2959 4734 3010 4780 n,
3043 4722 3075 4771 1
3105 4722 3284 4773 mart.

301 4806 451 4867 1750,
486 4807 515 4868 ς
546 4807 628 4869 47;
657 4806 717 4861 Β.
758 4808 824 4860 Ο.
862 4807 920 4860 S.
955 4809 1096 4871 Off„
1126 4810 1283 4862 decr.
1316 4812 1351 4865 5
1381 4824 1517 4873 aug.
1551 4812 1699 4874 1745;
1729 4813 1847 4865 litt.
1881 4813 2102 4874 encycl.
2136 4814 2172 4862 4
2208 4824 2344 4873 aug.
2378 4810 2526 4872 185ος
2560 4810 2620 4863 Β.
2655 4810 2722 4864 0.
2757 4811 2864 4871 np.
2897 4811 2962 4862 et
2990 4809 3157 4872 Bes„
3189 4820 3282 4870 ep.

303 4896 524 4957 encycl.
557 4898 592 4949 0
622 4897 772 4949 febr.
807 4898 955 4960 1751:
990 4897 1048 4952 Β.
1086 4898 1152 4952 Ο.
1189 4900 1264 4952 de
1305 4901 1477 4961 Prop.
1517 4901 1665 4954 Fide
1706 4902 1795 4962 (Ο.
1834 4902 1899 4953 Ρ.
1937 4914 2046 4963 pro
2083 4899 2737 4960 Sin.—Oochinchin.),
2773 4899 2807 4950 2
2842 4900 2945 4951 iul.
2985 4899 3131 4960 1827;
3167 4899 3287 4952 ntt.

312 4984 416 5044 (ad
450 4986 574 5038 Vic.
602 4988 711 5046 Ap.
744 4987 1100 5050 madmena,
1128 4990 1163 5043 5
1187 5002 1315 5051 apr.
1346 4991 1494 5053 1853;
1522 4993 1640 5045 ntt.
1678 4991 1783 5052 (ad
1812 4990 2111 5052 superior.
2146 4989 2364 5043 semin.
2395 4991 2587 5042 Paris.
2620 4990 2886 5042 Mission.
2918 4988 2999 5041 ad
3036 4989 3287 5051 lunen),

302 5072 337 5124 3
365 5076 539 5125 mart.
571 5074 720 5137 1873;
749 5076 1096 5130 Pontificaie
1121 5079 1311 5140 Rom„
1350 5082 1446 5133 tit.
1479 5080 1822 5133 Benedictio
1851 5082 1969 5134 olei
1998 5081 2566 5133 catechumenorum.

477 5163 504 5200 ³
552 5164 610 5217 Β.
648 5166 793 5218 Pius
829 5166 2338 5232 V,eonst.«EteiDominioi»,81ebr.1557,82,
2378 5170 2643 5231 &const
2681 5169 3286 5230 «Quamplenwm».

303 5252 338 5303 2
364 5253 483 5304 ian.
514 5255 662 5316 1570,
694 5255 723 5316 8
749 5254 798 5318 23
830 5256 975 5309 Pius
1002 5257 1102 5319 1x,
1130 5262 1316 5312 const.
1348 5274 1380 5310 ι
1408 5259 1780 5322 apostoncae
1808 5261 1980 5313 Redis
2007 5275 2060 5322 ι,
2088 5260 2155 5312 12
2180 5263 2295 5312 oct.
2328 5259 2477 5321 1800,
2510 5259 2537 5320 ς
2575 5260 2660 5321 11,
2693 5271 2752 5310 ιι.
2786 5260 2871 5311 11.

478 5360 504 5395 ⁴
547 5348 614 5401 O.
650 5347 733 5408 17,
778 5347 844 5401 Ο.
881 5348 984 5411 VI,
1019 5361 1075 5410 q,
1111 5349 1163 5400 1.
