3753 5871
539 317 649 377 536
1684 327 1882 380 0060oe
1919 329 2081 380 Iam
2130 328 2411 381 canonio!

803 508 902 574 2.·
948 509 1029 577 Si
1075 511 1228 579 alia
1264 513 1514 598 gravis
1552 521 1813 600 urgeat
1854 518 2278 602 necessitas,
2320 518 2431 586 ita
2470 523 2720 588 tamen
2759 522 2870 603 ut,
2911 538 3259 589 concessa
3297 521 3507 605 provi-

544 615 743 683 soria
778 618 1268 704 exsecutione,
1316 639 1448 704 per
1487 624 1896 708 cautiones,
1937 625 2474 695 fideiiussiones
2507 633 2643 696 aut
2675 628 2989 713 pignora
3025 629 3211 696 satis
3245 628 3509 696 consul·

544 725 704 792 tum
729 724 831 793 sit
857 725 1332 796 indemnitati
1356 729 1670 799 alterius
1698 733 1940 816 partis
1962 752 2141 801 casu
2169 752 2315 819 quo
2344 736 2719 804 exsecutio
2747 736 3158 804 revocanda
3182 732 3287 805 sit
3327 733 3378 800 ².

1804 928 1982 995 CAN.
2043 927 2237 994 1918.

713 1070 783 1135 N
786 1088 882 1137 on
913 1074 1135 1138 antea
1165 1069 1622 1138 exsecutioni
1661 1069 1868 1137 locus
1902 1087 2059 1137 esse
2098 1070 2399 1155 poterit,
2437 1088 2657 1156 quam
2692 1071 3231 1139 exsecutorium
3266 1070 3518 1139 iudicis

540 1178 915 1246 decretum
958 1177 1344 1260 habeatur,
1404 1195 1550 1262 quo
1591 1176 1876 1245 scilicet
1918 1177 2256 1246 edicatur
2310 1178 2754 1247 sententiam
2797 1179 3037 1265 ipsam
3081 1179 3519 1247 exsecutioni

541 1284 883 1352 mandari
911 1285 1193 1369 debere;
1229 1284 1420 1370 quod
1455 1285 1829 1353 decretum
1865 1304 2005 1370 pro
2041 1286 2333 1354 diversa
2366 1304 2760 1353 causarum
2805 1292 3079 1355 natura
3108 1288 3226 1355 vel
3259 1288 3342 1354 in
3373 1288 3520 1371 ipso

544 1392 956 1460 sententiae
991 1397 1244 1460 tenore
1289 1393 1721 1460 includatur
1754 1394 1872 1461 vel
1910 1395 2311 1478 separatim
2358 1394 2648 1463 edatur.

1805 1586 1981 1654 CAN.
2044 1586 2237 1654 1919.

720 1727 804 1795 Si
831 1728 1243 1796 sententiae
1274 1728 1647 1795 exsecutio
1673 1728 2047 1813 praeviam
2081 1729 2454 1796 rationum
2485 1727 2972 1796 redditionem
2995 1728 3273 1812 exigat,
3308 1742 3524 1793 causa

541 1834 873 1903 incidens
919 1835 1258 1918 babetur,
1308 1835 1401 1903 ab
1457 1836 1593 1903 illo
1636 1837 1799 1921 ipso
1843 1836 2112 1917 iudice,
2146 1835 2488 1921 ⁴servatis
2531 1837 2622 1903 de
2666 1835 2831 1904 iure
2874 1835 3283 1918 servandis,
3345 1832 3517 1902 deci·

538 1940 803 2025 denda,
842 1944 968 2026 qui
1002 1944 1183 2011 tulit
1221 1944 1662 2011 sententiam
1700 1944 2157 2012 exsecutioni
2197 1943 2718 2011 mandandam.

1813 2145 1992 2213 CAN·
2051 2144 2246 2212 1920.

717 2287 750 2369 §
798 2290 863 2353 1.
918 2286 1379 2355 Sententiam
1413 2287 1867 2354 exsecutioni
1903 2286 2256 2381 mandare
2287 2286 2503 2354 debet
2537 2303 2671 2370 per
2706 2303 2786 2353 se
2816 2286 2934 2353 vel
2968 2303 3099 2370 per
3130 2285 3369 2351 alium
3407 2284 3523 2350 Or·

535 2393 877 2463 dinarius
911 2394 1057 2462 loci
1093 2396 1174 2462 in
1211 2414 1353 2480 quo
1396 2394 1769 2463 sententia
1803 2394 2030 2479 primi
2071 2394 2350 2480 gradus
2386 2394 2693 2461 lata-est
2731 2391 2783 2457 ¹.

718 2503 752 2585 ξ
798 2502 865 2569 2.
916 2503 1128 2583 Quod
1174 2503 1239 2569 si
1291 2503 1412 2570 bic
1455 2506 1722 2571 renuat
1761 2503 1878 2570 vel
1925 2503 2278 2587 negligat,
2324 2505 2538 2587 parte
2578 2501 2794 2569 cuius
2846 2502 3162 2569 interest
3200 2500 3525 2568 instante

535 2611 654 2678 vel
690 2609 915 2679 etiam
962 2630 1050 2678 ex
1088 2609 1349 2692 officio,
1397 2610 1771 2678 exsecutio
1809 2613 2098 2695 spectat
2137 2612 2233 2677 ad
2272 2610 2589 2678 iudicem
2626 2607 3175 2694 appellationis.

714 2718 747 2799 ἓ
794 2717 861 2785 3.
913 2717 1124 2787 Inter
1155 2717 1538 2803 religiosos
1565 2719 1940 2786 exsecutio
1972 2718 2384 2787 sententiae
2415 2721 2704 2802 spectat
2732 2718 2829 2786 ad
2873 2715 3375 2801 Superiorem,
3412 2715 3528 2800 qui

534 2823 991 2892 definitivam
1034 2825 1476 2894 sententiam
1510 2826 1692 2893 tulit
1723 2830 1859 2895 aut
1894 2826 2208 2893 iudicem
2242 2825 2633 2910 delegavit.

1817 3019 1993 3087 CAN.
2046 3018 2240 3086 1921.

720 3161 753 3245 ξ
803 3164 868 3229 1.
919 3162 1356 3246 Exsecutor,
1413 3161 1559 3228 nisi
1624 3161 1799 3246 quid
1855 3161 2016 3229 eius
2078 3161 2397 3229 arbitrio
2447 3161 2528 3227 in
2582 3160 2747 3245 ipso
2800 3158 3212 3228 sententiae
3264 3164 3517 3226 tenore

536 3269 770 3338 fuerit
816 3271 1280 3354 permissum,
1316 3270 1534 3338 debet
1572 3270 2015 3338 sententiam
2055 3269 2319 3354 ipsam,
2361 3269 2762 3337 secundum
2813 3268 3105 3335 obvium
3142 3266 3527 3334 verborum

539 3393 858 3454 sensum,
905 3376 1359 3444 exsecutioni
1399 3377 1776 3444 manda-re.

712 3483 745 3565 ξ
793 3483 859 3549 2.
910 3483 1116 3551 Licet
1150 3484 1218 3552 ei
1258 3485 1507 3553 videre
1547 3485 1639 3553 de
1676 3485 2230 3569 exceptionibus
2262 3485 2466 3553 circa
2498 3486 2793 3553 modum
2829 3491 2904 3554 et
2938 3487 3087 3552 vim
3130 3486 3525 3554 exsecutio·

538 3591 679 3676 nis,
724 3611 871 3660 non
909 3594 1156 3660 autem
1188 3592 1280 3660 de
1312 3592 1581 3660 merito
1607 3610 1898 3674 causae;
1931 3592 2124 3678 quod
2158 3593 2223 3659 si
2253 3593 2520 3661 habeat
2552 3593 2854 3662 aliunde
2884 3598 3349 3678 compertum
3383 3611 3524 3661 sen·

537 3699 849 3767 tentiam
893 3719 1049 3767 esse
1083 3700 1473 3768 manifeste
1506 3700 1891 3782 iniustam,
1937 3701 2310 3768 abstineat
2346 3701 2440 3767 ab
2472 3701 2964 3783 exsecutione,
3001 3706 3077 3769 et
3111 3706 3410 3785 partem
3442 3699 3526 3768 ad

537 3825 703 3874 eum
743 3807 869 3892 qui
905 3807 1441 3875 exsecutionem
1479 3807 1874 3889 commisit,
1920 3807 2256 3876 remittat
2293 3805 2346 3871 ³.

1800 4003 1978 4072 CAN.
2030 4003 2225 4072 1922.

713 4145 746 4227 ξ
796 4147 860 4211 1.
911 4144 1121 4224 Quod
1171 4145 1448 4212 attinet
1502 4145 1598 4213 ad
1659 4146 1893 4214 reales
1950 4145 2303 4230 actioneS,
2355 4145 2783 4214 adiudicata
2834 4145 3072 4214 actori
3124 4165 3202 4213 re
3247 4145 3523 4230 aliqua,

537 4254 715 4320 haec
754 4252 992 4320 actori
1028 4252 1392 4321 tradenda
1441 4258 1554 4321 est
1596 4254 1850 4322 statim
1891 4273 1978 4322 ac
2020 4274 2136 4322 res
2175 4254 2506 4322 iudicata
2544 4255 2859 4322 habetur
2905 4254 2957 4323 ⁴.

711 4358 744 4440 §
793 4357 858 4424 2.
909 4358 1120 4437 Quod
1160 4379 1333 4428 vero
1376 4363 1653 4430 attinet
1689 4361 1783 4428 ad
1832 4362 2163 4429 actiones
2212 4363 2660 4446 personales,
2712 4382 2878 4431 cum
2923 4381 3092 4430 reus
3129 4360 3525 4429 damnatus

534 4472 648 4534 est
691 4467 786 4534 ad
835 4485 985 4534 rem
1032 4468 1370 4535 mobilem
1416 4470 1967 4552 praestandam,
2018 4471 2133 4538 vel
2192 4471 2285 4537 ad
2335 4471 2756 4538 solvendam
2805 4468 3220 4554 pecuniam,
3268 4469 3395 4537 vel
3439 4466 3521 4534 ad

534 4573 740 4642 aliud
803 4574 1129 4641 dandum
1193 4580 1328 4644 aut
1386 4577 1834 4659 faciendum,
1892 4577 2430 4662 quadrimestre
2481 4578 2913 4647 conceditur
2964 4595 3100 4661 pro
3150 4574 3520 4660 implenda

533 4679 981 4767 obligatione
1028 4682 1077 4747 ⁸.

715 4940 736 4976 ¹
775 4939 1036 5001 Regulae
1063 4938 1391 4991 servandae
1419 4938 1481 4989 in
1509 4938 1749 4991 iudiciis
1776 4939 1936 5000 apud
1975 4939 2034 4992 8.
2074 4940 2145 4991 Β.
2178 4940 2368 4992 Rotae
2394 4940 2701 5000 Tribunul,
2731 4940 2764 4990 4
2790 4951 2924 5002 aug.
2958 4939 3109 5000 1910,
3143 4939 3170 4999 8
3204 4939 3292 4991 84.

713 5038 735 5071 ²
769 5030 835 5083 G.
862 5030 912 5090 ⁷,
939 5032 1006 5090 X,
1041 5032 1112 5082 de
1137 5029 1325 5090 officio
1354 5033 1415 5081 et
1438 5031 1731 5091 potestate
1759 5030 1974 5082 matois
2001 5031 2275 5092 delavati,
2304 5031 2354 5090 1,
2382 5030 2464 5092 29;
2489 5029 2549 5082 S.
2581 5029 2648 5082 G.
2686 5030 2790 5090 Ep.
2825 5031 2890 5082 et
2914 5030 3082 5093 neg..
3110 5029 3270 5083 decr.
3305 5030 3376 5083 18
3402 5028 3513 5082 dee·

533 5123 682 5184 1885,
714 5133 773 5173 n.
807 5121 857 5181 3,
892 5120 974 5172 13.

709 5218 736 5255 ³
779 5213 843 5265 O.
880 5212 962 5272 28,
994 5212 1061 5272 X,
1103 5211 1174 5262 de
1208 5210 1396 5271 officio
1439 5216 1498 5263 ct
1534 5214 1826 5271 potestate
1859 5212 2076 5263 iudicis
2116 5210 2392 5272 detestati,
2430 5213 2481 5273 1,
2518 5212 2599 5274 293
2632 5223 2683 5263 c.
2720 5212 2771 5272 δ,
2803 5211 2869 5272 X,
2918 5213 2989 5262 de
3033 5212 3336 5261 centenno
3374 5215 3432 5262 σε
3462 5217 3516 5256 n

532 5301 818 5361 iudicata,
853 5303 936 5363 11,
970 5301 1053 5353 27.

710 5397 738 5433 ⁴
763 5393 828 5446 G.
861 5394 912 5455 6,
945 5393 1012 5454 X,
1045 5394 1116 5444 αο
1146 5391 1441 5443 sententia
1477 5396 1537 5445 et
1567 5404 1632 5443 rc
1664 5392 1950 5454 iudicata,
1982 5395 2065 5453 11,
2098 5393 2178 5444 27.

725 5497 748 5528 ³
771 5484 835 5536 C.
876 5485 960 5545 15,
998 5485 1065 5543 X,
1101 5485 1172 5533 de
1204 5482 1499 5534 sententia
1529 5487 1588 5535 et
1617 5495 1683 5534 rc
1715 5484 1998 5543 iudicata,
2033 5485 2116 5544 11,
2146 5484 2228 5535 27.
