3753 5871
1194 269 1368 318 Liber
1399 269 1702 320 secundus
1743 294 1764 306 ·
1797 268 1885 318 De
1917 267 2191 317 Per-sonis
3080 265 3180 322 127

1486 475 1663 542 CAN.
1702 475 1855 541 453.

368 600 404 682 ξ
451 602 516 667 1.
568 602 673 669 Ut
701 601 868 686 quis
899 601 979 668 in
1006 601 1406 685 parochum
1441 599 1684 667 valide
1710 602 2161 680 assumatur,
2199 597 2413 665 debet
2444 615 2599 663 esse
2630 596 2707 662 in
2738 614 2950 663 sacro
2987 613 3179 679 pres-

192 708 579 793 byteratus
612 709 870 777 ordine
902 709 1439 776 constitutus.
1390 707 1413 743 ¹

370 816 405 898 ἕ
452 816 519 883 2.
573 817 690 885 Sit
721 818 1024 900 insuper
1055 817 1266 884 bonis
1302 815 1654 899 moribus,
1685 814 2053 895 doctrina,
2093 781 2507 879 animarum
2539 812 2716 892 ze10,
2758 812 3182 895 prudentia,

188 925 602 1010 ceterisque
633 926 1040 993 virtutibus
1069 943 1157 992 ac
1198 925 1688 1010 qualitatibus
1724 920 2132 1008 praedituS‚
2171 939 2356 1006 quae
2387 921 2482 987 ad
2517 924 2898 987 vacantem
2935 938 3182 1005 paroe-

189 1032 383 1099 ciam
411 1051 592 1100 cum
625 1033 845 1100 laude
884 1032 1438 1119 gubernandam
1471 1033 1633 1099 iure
1675 1036 1832 1099 tum
1867 1030 2237 1098 communi
2276 1034 2433 1097 tum
2471 1028 2913 1113 particulari
2950 1027 3183 1113 requi·

196 1143 461 1207 runtur
519 1140 571 1208 ².

1494 1205 1670 1272 CAN.
1711 1205 1862 1271 454.

377 1332 413 1415 ξ
461 1335 527 1399 1.
577 1332 724 1412 Qui
748 1332 1130 1417 paroeciae
1152 1330 1788 1398 administrandae
1816 1328 2352 1414 praeficiuntur
2386 1347 2529 1412 qua
2554 1328 2841 1411 proprii
2865 1327 3190 1395 eiusdem

196 1445 547 1524 rectores,
587 1440 893 1509 stabiles
940 1441 1019 1506 in
1069 1459 1154 1507 ea
1202 1458 1359 1506 esse
1397 1439 1685 1522 debent;
1728 1437 1920 1522 quod
1965 1442 2211 1505 tamen
2253 1455 2398 1504 non
2439 1436 2748 1520 impedit
2800 1436 3190 1520 quominus

190 1565 449 1615 omnes
478 1548 572 1616 ab
610 1566 696 1614 ea
731 1547 1085 1614 removeri
1127 1552 1402 1631 queant
1433 1547 1527 1614 ad
1563 1563 1892 1611 normam
1935 1545 2123 1611 iuris
2155 1543 2206 1609 ³.

375 1656 410 1737 ξ
458 1655 523 1721 2.
576 1657 679 1723 At
714 1675 860 1723 non
892 1674 1141 1722 omnes
1171 1654 1470 1739 parochi
1503 1654 1805 1723 eandem
1837 1653 2174 1720 obtinent
2213 1653 2720 1734 stabilitatem3
2753 1651 2878 1735 qui
2918 1651 3192 1717 maiore

191 1763 551 1850 gaudent,
591 1763 1120 1847 inamovibiles;
1160 1763 1285 1848 qui
1321 1763 1627 1846 minore,
1666 1762 2095 1829 amoribiles
2133 1760 2499 1845 appellari
2545 1760 2806 1826 solent.

379 1871 413 1954 §
459 1871 527 1938 3.
578 1871 973 1939 Paroeciae
1004 1870 1513 1938 inamovibiles
1555 1875 1928 1954 nequeunt
1960 1869 2388 1937 amovibiles
2422 1869 2630 1935 reddi
2666 1869 2822 1935 sine
2858 1868 3188 1950 benepla-

189 1980 352 2047 cito
405 1980 833 2064 apostolico;
889 1979 1315 2047 amovibiles
1359 1984 1671 2063 possunt
1727 1979 1818 2044 ab
1869 1978 2261 2062 Episcopo,
2311 1996 2458 2044 non
2504 1983 2748 2044 autem
2800 1995 2846 2042 a
2892 1975 3193 2042 Vicario

191 2089 650 2171 Capitulari,
678 2088 770 2155 de
794 2088 1129 2172 Capituli
1162 2088 1611 2155 cathedralis
1643 2088 1978 2168 consilio,
2009 2086 2517 2153 inamovibiles
2550 2085 2936 2167 declarari3
2968 2103 3197 2150 novae

196 2214 389 2278 quae
421 2195 833 2280 erigantur,
872 2196 1024 2263 sint
1056 2195 1589 2276 inamovibiles,
1630 2195 1773 2261 nisi
1810 2195 2248 2278 Episcopus,
2291 2194 2641 2278 prudenti
2686 2212 2819 2260 suo
2851 2186 3191 2272 arbitrio,

190 2305 514 2371 attentis
548 2304 1045 2386 peculiaribus
1078 2302 1402 2370 locorum
1446 2322 1532 2369 ac
1565 2320 2046 2387 personarum
2083 2302 2480 2383 adiunctis,
2519 2301 2781 2368 audito
2814 2300 3190 2384 Capitulo,

191 2410 810 2478 amovibilitatem
850 2410 1087 2495 magis
1124 2409 1466 2495 expedire
1496 2411 1901 2479 decreverit
1939 2410 1992 2476 ⁴.

381 2518 414 2601 ξ
463 2521 529 2584 4.
580 2518 1225 2602 Quasi-paroeciae
1262 2523 1439 2586 sunt
1476 2536 1726 2586 omnes
1761 2517 2212 2585 amovibiles.

383 2626 417 2709 §
465 2627 531 2692 5.
583 2626 899 2694 Parochi
936 2633 1210 2708 autem,
1253 2627 1347 2694 ad
1390 2627 1802 2710 religiosam
1846 2626 2210 2694 familiam
2262 2625 2741 2708 pertinentes,
2795 2629 2970 2690 sunt
3020 2641 3192 2690 sem-

197 2753 361 2818 per,
404 2736 694 2802 ratione
732 2753 1112 2819 personae,
1166 2734 1592 2801 amovibiles
1635 2735 1728 2801 ad
1777 2739 2035 2801 nutum
2080 2738 2231 2800 tam
2276 2733 2419 2799 loci
2462 2732 2870 2814 ordinarii,
2917 2731 3200 2798 monito

199 2842 628 2926 Superiore‚
668 2862 886 2926 quam
927 2842 1374 2926 Superioris,
1412 2842 1693 2910 monito
1722 2842 2148 2921 Ordinario,
2181 2859 2415 2924 aequo
2443 2841 2629 2922 iure,
2663 2859 2808 2907 non
2842 2840 3200 2923 requisito

196 2952 519 3018 alterius
557 2969 964 3019 consensu:
1015 2970 1146 3019 nec
1185 2952 1379 3019 alter
1419 2951 1636 3019 alteri
1681 2969 1981 3018 causam
2034 2950 2293 3017 iudicii
2333 2951 2451 3017 sui
2489 2950 2780 3033 aperire
2820 2948 3199 3032 multoque

198 3059 454 3125 minus
506 3060 820 3144 probare
882 3063 1202 3137 tenetur,
1270 3062 1474 3129 salvo
1548 3082 1849 3130 recursu
1913 3061 1991 3127 in
2055 3058 2477 3127 devolutivo
2540 3058 2634 3125 ad
2693 3057 3193 3141 Apostolicam

200 3166 468 3234 Sedem
519 3170 570 3235 ⁵.

1494 3235 1670 3302 CAN.
1711 3236 1862 3301 455.

386 3356 418 3438 ἓ
467 3359 533 3422 1.
584 3357 716 3423 Ius
756 3356 1188 3423 nominandi
1227 3360 1303 3422 et
1341 3354 1785 3422 instituendi
1819 3352 2179 3437 parochos
2209 3352 2562 3435 competit
2597 3351 2998 3418 Ordinario
3029 3351 3197 3433 loci,

197 3466 537 3548 exceptis
580 3465 941 3549 paroeciis
986 3465 1304 3532 Sanctae
1359 3463 1531 3531 Sedi
1577 3462 1996 3544 reservatis,
2048 3460 2438 3545 reprobata
2481 3459 2859 3527 contraria
2902 3478 3196 3527 consue·

196 3574 494 3655 tudine,
530 3573 656 3641 sed
690 3573 894 3640 salvo
925 3572 1316 3657 privilegio
1341 3571 1724 3639 electionis
1753 3574 1890 3638 aut
1921 3568 2566 3654 praesentationis,
2611 3569 2676 3634 si
2714 3570 2837 3635 cui
2878 3568 3202 3652 legitime

191 3686 575 3763 competat
602 3683 652 3746 ⁸.

399 3947 419 3980 ¹
456 3945 522 3997 C.
557 3945 639 4006 15,
683 3945 753 3995 ae
785 3945 1065 3994 electione
1106 3949 1165 3996 et
1201 3943 1374 3994 electi
1403 3946 1714 4002 potestate,
1750 3942 1799 4003 1,
1832 3942 1883 4001 6,
1923 3943 1983 3992 ln
2017 3942 2156 3992 V1⁰.-

386 4040 411 4075 2
456 4034 521 4087 Ο.
558 4034 610 4095 7,
647 4035 713 4094 X,
759 4035 830 4085 de
874 4032 1156 4084 elecctone
1190 4038 1250 4084 et
1285 4032 1459 4084 electi
1493 4036 1805 4093 potestate,
1843 4031 1893 4091 Ι,
1925 4033 1974 4093 6;
2010 4044 2059 4082 c.
2092 4032 2174 4092 14,
2207 4032 2273 4091 Χ,
2314 4033 2383 4082 de
2420 4031 2605 4090 officio
2642 4030 2856 4081 iudicis
2896 4029 3204 4086 ordinarit,

200 4130 258 4189 1,
299 4128 387 4189 313
414 4126 589 4178 Cone.
629 4125 917 4185 Trident„
950 4136 1093 4176 sess.
1131 4123 1279 4184 XXI,
1313 4125 1385 4174 de
1414 4123 1549 4182 res„
1580 4134 1629 4173 c.
1662 4121 1712 4183 6;
1745 4134 1889 4173 sess.
1922 4121 2122 4181 XXIV,
2157 4120 2227 4169 de
2261 4119 2396 4178 res„
2427 4130 2477 4171 c.
2521 4120 2602 4180 18;
2645 4120 2703 4170 S.
2739 4120 2881 4170 Plus
2910 4119 2980 4180 V,
3015 4123 3199 4169 const.

202 4234 235 4266 ι
270 4217 348 4266 In
377 4215 749 4274 conserendis
784 4231 835 4276 ι»,
873 4215 939 4265 18
965 4217 1140 4266 meffrt
1171 4213 1319 4274 1567,
1350 4213 1703 4264 Benedictus
1733 4213 1883 4272 XIV,
1914 4224 2005 4272 ep.
2039 4213 2256 4273 encycl.
2292 4228 2322 4261 α
2354 4212 2499 4262 vum
2529 4212 2679 4262 illua
2713 4226 2762 4271 ιο,
2797 4213 2862 4263 14
2899 4211 3201 4271 dec.1742,

206 4308 235 4367 3
282 4306 469 4368 7,1.1,·
518 4304 575 4357 8.
607 4304 674 4356 0.
705 4303 794 4365 0.,
833 4316 924 4364 ep.
969 4305 1034 4355 10
1072 4302 1369 4364 lan.1721;
1410 4302 1565 4353 S.C.
1607 4301 1681 4352 de
1724 4300 2316 4360 Prop.l¹'lde,1nstr.
2370 4300 2472 4361 (ad
2511 4301 2781 4361 Archlep.
2838 4300 3201 4358 Hibernlae).

202 4397 277 4446 Ξ»
318 4396 442 4445 iun.
478 4394 623 4446 1791.

392 4487 419 4523 ³
457 4483 630 4535 Cone.
674 4482 959 4540 Trident..
998 4494 1140 4534 sess.
1185 4481 1384 4541 XXIV,
1421 4482 1491 4531 de
1525 4480 1658 4540 res„
1701 4492 1750 4530 c.
1788 4480 1869 4541 13;
1905 4479 1962 4531 S.
2001 4479 2066 4531 O.
2108 4478 2389 4539 Consist..
2424 4479 2579 4530 decr.
2616 4495 2646 4528 α
2680 4476 2943 4527 Maxima
2977 4489 3119 4527 cura
3155 4493 3203 4535 ιο,

199 4577 274 4624 20
304 4584 442 4633 aug.
476 4573 622 4631 1910,
654 4584 782 4622 can.
819 4572 901 4623 30.

394 4668 420 4699 4
464 4662 521 4713 S.
548 4661 612 4714 O.
643 4662 747 4721 Ep.
773 4665 836 4713 et
865 4662 1028 4724 Reg„
1056 4661 1211 4713 decr.
1244 4660 1279 4712 8
1303 4663 1414 4712 oct.
1441 4659 1587 4720 16703
1615 4659 1673 4712 S.
1701 4660 1766 4711 G.
1800 4659 2078 4717 Consist„
2115 4660 2393 4709 Statuam
2424 4658 2875 4708 Foederatorum
2906 4656 3209 4707 Amen-tom.-

204 4750 731 4811 septentrionalis,
759 4751 826 4801 ω
850 4749 974 4800 lun.
1004 4750 1150 4801 1915.

393 4845 420 4881 ⁸
458 4840 630 4891 conc.
662 4841 949 4900 Trident„
980 4851 1124 4892 sem.
1154 4836 1321 4898 XXV,
1357 4840 1428 4889 de
1458 4835 1847 4896 renutat-tone,
1887 4848 1935 4888 c.
1970 4838 2051 4897 11:
2088 4836 2443 4888 Benedictus
2473 4836 2623 4897 XIV,
2658 4838 2842 4886 const.
2877 4850 2907 4884 α
2940 4834 3029 4884 Ad
3061 4834 3209 4882 mile·-

205 4932 407 4982 tantis
435 4945 484 4990 ι,
521 4931 587 4982 30
615 4932 789 4981 mart.
830 4929 977 4989 1742,
1012 4930 1039 4990 ς
1070 4929 1152 4989 19ς
1179 4931 1364 4981 const.
1398 4944 1429 4978 α
1460 4926 1797 4977 Firmandte
1829 4941 1878 4986 r,
1918 4926 1952 4978 6
1987 4939 2118 4977 nov.
2151 4926 2299 4986 1744,
2333 4926 2360 4987 ξ
2392 4927 2474 4984 11,
2507 4925 2588 4985 16;
2617 4937 2707 4985 ep.
2744 4925 2963 4986 encsel.
2997 4940 3027 4972 α
3061 4923 3205 4983 Apo-

202 5022 491 5074 stoltcum
519 5019 904 5070 minister-tum
934 5034 983 5079 n,
1009 5019 1075 5071 30
1100 5019 1245 5069 mall
1270 5019 1417 5079 1753,
1453 5018 1480 5079 ξ
1514 5018 1595 5079 17;
1623 5017 1680 5070 S.
1713 5018 1778 5069 C.
1815 5017 1919 5077 1³31).
1951 5019 2014 5067 et
2043 5016 2205 5075 Reg„
2243 5015 2545 5071 Perusina,
2571 5015 2634 5064 11
2664 5014 2781 5065 lan.
2814 5013 2961 5072 1578:
2987 5013 3203 5064 declar.

202 5114 273 5166 11
302 5114 454 5171 sept.
487 5110 634 5171 1670,
666 5110 744 5161 ad
772 5109 871 5170 1v;
904 5109 961 5161 S.
994 5109 1059 5160 C.
1092 5108 1180 5169 0..
1208 5108 1596 5167 Camertum„
1624 5107 1689 5159 18
1712 5109 1859 5168 sept.
1893 5106 2039 5161 1627:
2061 5104 2364 5163 Narnien„
2394 5105 2459 5156 13
2486 5105 2588 5155 iul.
2622 5103 2769 5162 1669,
2803 5103 2881 5154 ad
2913 5104 2963 5163 1;
2987 5102 3053 5153 17
3082 5102 3203 5154 dec.

203 5202 366 5262 1689:
391 5198 755 5258 Pannonica„
775 5198 843 5251 28
864 5199 966 5250 lul.
992 5198 1139 5257 1731,
1165 5198 1242 5249 ad
1270 5197 1321 5259 3;
1350 5196 1407 5249 S.
1440 5197 1506 5249 Ο.
1538 5196 1612 5248 de
1642 5198 1811 5256 Prop.
1847 5196 1993 5248 Fide
2025 5194 2113 5254 (C.
2144 5196 2208 5245 P.
2235 5207 2340 5256 pro
2366 5193 2536 5255 Sin),
2563 5193 2596 5245 8
2617 5204 2752 5253 aug.
2785 5191 2931 5254 1698;
2965 5191 3055 5251 (0.
3091 5190 3207 5252 0.),

199 5292 274 5342 13
306 5288 454 5339 mall
492 5287 639 5348 1839,
677 5287 765 5345 (Ο.
808 5289 924 5348 (L),
955 5287 1023 5339 18
1052 5287 1170 5337 ian.
1204 5285 1352 5343 1886,
1384 5286 1463 5338 ad
1494 5286 1545 5338 3.

393 5381 419 5415 ⁸
460 5378 526 5430 C.
558 5379 609 5439 6,
642 5377 706 5430 O.
739 5377 890 5438 XVI,
923 5390 978 5439 (ι.
1009 5377 1059 5439 2;
1090 5388 1140 5428 c.
1173 5378 1255 5437 11,
1289 5378 1353 5428 C.
1388 5376 1539 5436 XVI,
1581 5388 1635 5437 q.
1668 5376 1717 5437 7;
1754 5386 1803 5426 c.
1836 5375 1916 5436 12,
1953 5376 2018 5435 X,
2055 5375 2125 5425 de
2163 5372 2495 5431 haereticis,
2528 5372 2597 5432 V,
2631 5371 2681 5433 7;
2712 5371 2885 5423 Cone.
2919 5370 3207 5429 Trident„

205 5450 362 5523 sess.
399 5468 598 5526 XXIV,
630 5469 701 5519 de
734 5468 869 5526 res..
897 5479 946 5519 c.
980 5467 1061 5527 13,
1094 5466 1175 5529 18;
1203 5466 1259 5517 S.
1296 5466 1438 5517 Plus
1465 5466 1535 5526 V,
1564 5469 1747 5517 const.
1781 5481 1810 5513 α
1841 5464 1911 5515 In
1942 5463 2311 5523 conterendis
2346 5477 2395 5523 n,
2432 5462 2499 5513 18
2525 5462 2698 5511 mart.
2732 5460 2879 5520 1567,
2913 5461 2938 5521 fi
2974 5461 3022 5521 1;
3052 5459 3110 5511 S.
3142 5460 3205 5511 C.
