3753 5871
1292 295 1480 346 nmo
1511 259 2238 352 αηοινειω-οιριιοιοιιοκε

2522 284 2860 344 Cone-conf
3151 279 3258 340 m

271 355 3259 419 ——ss———ss—Ass—

398 653 638 711 oriatur,
675 651 824 714 1612;
856 651 919 701 in
951 647 1143 701 causis
1177 639 1713 699 matrimonialibus,

401 730 694 792 1902-19643
729 730 791 781 in
822 729 1013 781 causis
1049 727 1403 784 Sanctorum,
1437 722 1558 773 1999
1599 719 1631 785 5
1660 719 1712 781 Ξ,

394 812 540 873 mm,
555 811 710 869 mm:
734 810 804 861 de
819 823 887 861 ea
904 809 1098 860 videre
1115 805 1335 872 spectat
1353 802 1424 854 ad
1446 801 1711 860 iudicem,

399 892 521 944 imi)
551 892 582 957 5
606 894 652 955 ¹3
675 890 746 942 de
766 888 1099 955 exceptione
1120 886 1318 938 contra
1339 882 1550 936 iudicis
1570 893 1715 932 com-

401 972 709 1038 petentiam
741 970 871 1022 vide
907 969 1169 1033 Exceptio
1208 960 1709 1030 incompetentius.

264 1052 528 1119 (lo-plez
574 1054 638 1104 in
685 1050 925 1111 delictis,
955 1048 1110 1110 ως
1160 1047 1224 1098 in
1262 1046 1490 1110 peccato
1533 1041 1710 1106 turpi,

394 1133 547 1199 quod
579 1131 791 1184 attinet
828 1129 904 1181 ad
942 1126 1360 1180 absolutionem
1400 1134 1712 1175 sacramen·

321 1268 330 1272 ,
395 1213 585 1275 talem,
604 1211 719 1271 884,
747 1208 899 1266 233*st
935 1220 1138 1259 nomen
1168 1204 1457 1270 complicis
1487 1203 1550 1253 in
1581 1214 1713 1253 con-

393 1294 641 1345 fessione
675 1305 789 1343 non
826 1287 1260 1355 exquirendum,
1291 1285 1388 1337 888
1418 1283 1450 1349 5
1471 1283 1519 1335 9.

264 1372 746 1438 compromissarii
767 1370 828 1421 in
846 1367 1242 1425 electionibus,
1256 1364 1365 1425 172,
1379 1363 1487 1426 173,
1501 1362 1592 1414 179
1612 1360 1710 1427 52

263 1453 722 1518 compro-aium
760 1450 822 1501 in
853 1448 1117 1507 arbitros,
1154 1444 1440 1497 ism-1932.

263 1533 505 1586 conam
545 1532 736 1584 delicti
779 1528 1009 1595 quando
1057 1526 1355 1587 habeatur,
1385 1522 1537 1584 221&
1581 1521 1711 1573 eius

392 1610 830 1677 imputabilitas,
861 1608 991 1662 2213
1029 1605 1096 1673 55
1132 1607 1178 1668 1,
1208 1606 1266 1664 33
1299 1602 1579 1670 quomodo
1612 1614 1712 1666 pu-

393 1691 647 1744 niendus
706 1688 955 1741 admisso
1014 1684 1248 1747 delicto,
1291 1683 1343 1735 si
1407 1695 1589 1748 poena
1648 1680 1709 1731 in

391 1772 583 1836 ipsum
617 1781 840 1835 quoque
869 1766 990 1818 lata
1021 1766 1122 1826 sit,
1155 1763 1284 1815 m
1314 1762 1346 1828 5
1377 1763 1427 1815 3.

265 1852 593 1904 concilium:
649 1847 1126 1901 Oecumenicum:
1171 1857 1207 1895 a
1247 1855 1361 1908 quo
1400 1852 1711 1893 convocan—

391 2092 647 2153 diantur,
668 2090 789 2153 mh
817 2086 1092 2155 professio
1121 2085 1250 2137 fldei
1267 2082 1532 2149 aquibus
1548 2081 1710 2138 emit-

392 2171 584 2232 tenda,
623 2170 747 2222 1106
777 2169 810 2235 5
853 2170 879 2219 1
921 2181 980 2218 ιι.
1027 2167 1075 2228 1,
1116 2165 1185 2217 cf.
1228 2163 1382 2226 2⁴0&
1424 2161 1710 2228 quaestio-

395 2265 496 2303 nes
528 2248 874 2309 tractandae,
904 2247 1026 2308 ὥς
1068 2259 1143 2297 an
1189 2243 1363 2296 liceat
1401 2240 1708 2302 discedere,

387 2331 510 2395 ὣς
544 2330 634 2381 vis
664 2329 1032 2386 decretorum,
1062 2324 1175 2387 22¹7,
1209 2323 1358 2385 13233
1401 2319 1709 2388 appellatio

392 2411 466 2463 ad
509 2407 831 2462 Concilium
862 2421 898 2458 a
930 2404 1218 2457 sententia
1250 2402 1317 2454 R.
1353 2401 1434 2462 P..
1475 2400 1572 2452 zm
1601 2398 1706 2465 52,

388 2491 543 2554 23323
577 2488 899 2555 suspensio,
932 2484 1254 2546 dissolutio,
1285 2482 1382 2534 m
1413 2481 1445 2547 5
1474 2480 1525 2540 2,
1554 2480 1669 2531 229.

259 2602 330 2612 —
352 2572 700 2641 plenarium
718 2583 738 2619 .·
776 2566 1064 2633 quodnam
1105 2567 1164 2617 et
1203 2563 1337 2630 quis
1377 2562 1430 2613 ei
1475 2560 1707 2628 praesit,

389 2652 512 2711 2813
535 2650 770 2716 quinam
804 2647 995 2699 venire
1025 2645 1286 2703 debeant,
1317 2641 1438 2704 28&
1479 2640 1622 2706 quid
1654 2640 1705 2690 si

392 2731 607 2783 fuerint
637 2727 918 2794 impediti,
948 2725 1071 2788 2873
1106 2723 1379 2791 profemo
1410 2720 1559 2782 iidei,
1586 2718 1709 2770 uos

391 2811 424 2877 5
464 2811 491 2862 1
530 2824 586 2861 ιι.
630 2811 676 2869 1,
698 2809 768 2859 cf.
790 2807 943 2867 Ἰοθς
975 2804 1339 2871 quaestiones
1359 2799 1704 2861 tractandae,

389 2891 505 2953 288,
535 2889 658 2953 2903
697 2902 771 2940 an
811 2887 981 2939 liceat
1022 2883 1328 2946 discedere,
1363 2881 1484 2945 289;
1522 2880 1708 2932 decre-

389 2973 578 3023 torum
611 2967 989 3036 promulgatio
1013 2968 1071 3017 et
1107 2965 1214 3027 vis,
1250 2964 1372 3026 2913
1405 2962 1477 3014 de
1512 2959 1710 3013 Conci-

390 3052 488 3103 liis
518 3050 811 3118 plenariis,
842 3049 973 3110 etc.,
1006 3046 1069 3097 in
1102 3043 1433 3110 regionibus
1471 3041 1528 3094 S.
1565 3040 1708 3093 Gon·

389 3130 714 3199 gregationi
746 3129 817 3180 de
849 3125 1217 3193 Propaganda
1240 3122 1377 3175 Fide
1411 3121 1704 3182 subiectis,

257 3323 327 3333 —
353 3291 722 3361 provinciale
744 3307 763 3343 .·
805 3290 867 3341 in
915 3286 1162 3354 singulis
1210 3283 1518 3351 provinciis
1564 3281 1705 3334 cele·

391 3372 674 3425 brandum
708 3368 975 3421 vicesimo
1014 3366 1215 3418 saltem
1257 3376 1488 3430 quoque
1528 3374 1703 3424 anno,

387 3454 512 3514 2833
539 3452 775 3517 quinam
805 3448 1095 3508 convocat,
1117 3446 1358 3512 praeest,
1395 3442 1582 3495 locum
1613 3441 1705 3493 de-

390 3533 680 3591 terminat,
702 3530 823 3592 fflh
846 3528 1083 3596 quinam
1105 3525 1297 3577 venire
1313 3524 1574 3583 debeant,
1590 3522 1705 3583 285,

389 3614 512 3675 28&
534 3612 677 3678 quid
700 3611 750 3662 si
773 3608 990 3661 fuerint
1005 3605 1284 3672 impediti,
1300 3604 1394 3656 287
1406 3619 1421 3665 ς
1439 3602 1707 3669 professio

391 3694 541 3754 fidei,
583 3692 708 3745 14oe
752 3691 784 3756 5
818 3692 842 3741 1
878 3703 936 3740 n.
973 3688 1020 3751 1,
1055 3686 1128 3738 cf.
1159 3687 1311 3748 sio&
1345 3683 1708 3749 quaestiones

391 3772 738 3832 tractandae,
779 3769 893 3832 288,
924 3770 1047 3830 mm
1084 3782 1159 3820 an
1197 3765 1366 3818 liceat
1400 3762 1704 3822 discedere,

389 3856 511 3917 mik
546 3853 898 3905 decretorum
932 3847 1310 3916 promulgatio
1346 3846 1403 3898 et
1440 3846 1547 3908 vie,
1584 3844 1705 3907 2913

390 3934 463 3987 de
483 3931 755 3986 Conciliis
779 3929 1168 3996 regionalibus
1188 3929 1245 3979 et
1268 3924 1710 3998 provincialibus

392 4015 457 4066 in
504 4011 837 4078 regionibus
866 4008 923 4061 S.
947 4006 1387 4074 congregationi
1420 4006 1489 4057 de
1510 4003 1711 4069 Propa-

393 4093 583 4160 ganda
617 4091 752 4143 Fide
783 4089 1074 4151 subiectis,
1097 4089 1192 4142 mi·
1220 4088 1252 4154 5
1284 4088 1332 4137 Ξ.

257 4177 719 4230 concionatores:
814 4171 1183 4221 ministerium
1277 4164 1710 4232 praedicationis

393 4255 750 4307 commissum
794 4251 1089 4317 praecipue
1119 4251 1206 4300 est
1248 4247 1405 4299 Rom.
1452 4244 1709 4297 Pontifici

394 4349 496 4401 pro
525 4333 790 4387 universa
836 4330 1098 4390 Ecclesia,
1134 4325 1420 4393 Episcopis
1459 4340 1558 4391 pro
1589 4325 1709 4376 suis

392 4413 763 4472 dioecesibus,
798 4411 920 4462 1327
951 4409 984 4477 5
1019 4411 1074 4470 13
1106 4408 1203 4460 alii
1234 4407 1417 4472 ipsum
1453 4419 1710 4457 exercere

394 4507 510 4546 non
545 4493 782 4559 possunt
827 4491 953 4543 sine
1001 4489 1268 4541 missione
1313 4487 1603 4547 canonica,
1653 4485 1710 4537 et

391 4572 675 4639 quomodo
721 4571 861 4623 haec
901 4570 1085 4629 detur,
1132 4567 1280 4628 132&
1322 4567 1552 4632 quinam
1589 4579 1710 4617 eam

392 4651 726 4712 concedant,
760 4650 900 4712 1337,
927 4649 1067 4709 1338,
1088 4649 1199 4710 529;
1221 4647 1557 4714 quibusnam
1587 4661 1715 4699 con·

392 4731 647 4785 cedenda
689 4729 778 4781 vel
825 4728 1174 4795 deneganda,
1229 4727 1352 4781 1340
1401 4726 1434 4793 5
1473 4731 1519 4786 1,
1572 4726 1712 4788 1339,

395 4811 548 4876 13423
583 4810 640 4861 S.
676 4810 743 4862 R.
780 4808 837 4861 Ε.
871 4806 1193 4860 Cardinales
1234 4821 1358 4859 eam
1395 4807 1712 4860 habent-ex

395 4892 544 4952 iure,
563 4890 661 4942 239
690 4888 724 4954 5
749 4891 773 4941 1
809 4902 867 4940 n.
889 4890 950 4951 3;
981 4901 1058 4939 an
1092 4886 1272 4952 possit
1302 4887 1569 4948 revocari,
1594 4888 1718 4940 1340

393 4970 537 5038 552,
553 4969 603 5030 3,
621 4968 775 5028 23173
808 4968 1077 5034 professio
1108 4966 1256 5027 fidei,
1293 4967 1414 5018 1106
1444 4965 1476 5032 5
1511 4969 1534 5019 1
1572 4981 1629 5019 n.
1663 4969 1714 5029 7,

394 5050 466 5102 cf.
499 5048 655 5109 2¹0&
697 5061 846 5114 quae
887 5046 949 5099 in
990 5046 1357 5100 concionibus
1386 5047 1718 5113 exponenda

395 5131 456 5182 et
488 5128 790 5194 quomodo,
824 5126 974 5189 13473
1007 5126 1270 5179 hortandi
1304 5125 1493 5179 fideles
1531 5129 1596 5179 ut
1633 5142 1721 5180 sa-

395 5209 510 5262 cris
532 5207 895 5260 concionibus
915 5207 1239 5274 frequenter
1261 5208 1541 5268 intersint,
1567 5207 1716 5269 13483

394 5287 824 5339 concionatores
843 5287 1318 5340 extradioecesani
1339 5287 1617 5354 quomodo
1637 5289 1721 5340 in·

404 5364 647 5425 vitandi,
682 5364 825 5416 1341.

1814 479 2115 532 condoma
2161 477 2368 529 habere
2405 475 2643 541 possunt
2688 471 2967 526 Ordinarii
3006 469 3257 522 locorum

1940 558 2002 611 in
2030 558 2282 624 qualibet
2312 555 2548 608 ecclesia
2583 554 2674 607 sui
2711 550 2979 605 territorii
3013 550 3125 602 etsi
3165 561 3261 600 ex·

1937 640 2144 705 empta,
2165 637 2290 690 1343
2308 637 2340 703 5
2366 637 2421 697 1;
2443 636 2583 696 imo,
2605 633 2855 699 exceptis
2876 631 3095 698 magnis
3124 630 3260 682 civi·

1937 717 2169 778 tatibus,
2208 717 2396 781 potest
2429 714 2762 767 ordinarius
2796 712 3119 765 concionem
3159 710 3254 761 ha·

1934 797 2075 849 bens
2103 798 2247 849 alios
2277 810 2313 849 a
2344 794 2727 848 concionando
2768 791 3085 858 prohibere,
3133 788 3256 840 13⁴3

1935 875 1970 944 5
1990 877 2050 930 2:
2073 875 2425 941 frequentius
2446 872 2740 926 habendae
2761 874 3010 936 tempore
3036 868 3256 920 Adven-

1935 960 2031 1010 tus
2062 960 2120 1009 et
2151 953 2639 1021 Quadragesimae,
2665 951 2812 1013 13463
2834 951 2971 1017 quid
3004 950 3254 1015 tempore

1933 1037 2236 1097 interdicti,
2268 1035 2388 1087 2271
2425 1049 2481 1086 n.
2513 1033 2566 1094 9,
2596 1032 2727 1083 2272
2755 1031 2788 1098 5
2818 1030 2851 1081 3
2884 1047 2940 1084 n.
2973 1031 3022 1082 Ξ.

1810 1118 2100 1171 conclusio
2136 1118 2195 1168 ia
2232 1128 2422 1167 caua:
2467 1113 2625 1179 quid.
2663 1113 2811 1173 1860;
2843 1112 2972 1164 eius
3002 1111 3253 1179 efi'ectus,

1939 1197 2087 1258 1861;
2118 1197 2258 1263 quid
2294 1197 2489 1262 postea
2520 1193 2694 1246 iudici
2725 1191 3059 1252 faciendum,
3095 1190 3236 1243 1882.

1811 1278 2157 1331 concoffiata
2201 1276 2430 1328 manent
2476 1275 2538 1325 in
2585 1287 2691 1325 sua
2736 1271 2794 1323 vi
2844 1285 3025 1338 eaque
3066 1270 3254 1324 Codex

1937 1372 2049 1411 non
2081 1357 2317 1422 abrogat
2350 1369 2453 1407 nec
2484 1355 2554 1407 iis
2584 1353 2799 1420 aliquid
2830 1352 3084 1417 obrogat,
3116 1353 3166 1405 3.

1808 1439 2172 1492 concordatio
2204 1438 2520 1490 dubiorum:
2558 1434 2700 1494 1728,
2734 1433 2873 1491 rm.

1807 1520 2217 1573 coecati-arii:
2274 1516 2551 1582 quomodo
2600 1514 2894 1580 puniendi,
2944 1510 3069 1563 2357
3116 1511 3148 1577 5
3191 1509 3250 1569 2:

1932 1598 2069 1666 quid
2102 1599 2152 1650 si
2182 1598 2394 1650 fuerint
2422 1596 2609 1649 clerici
2641 1595 2702 1646 in
2735 1592 3066 1652 minoribus,
3104 1589 3250 1650 2358,

1933 1678 2021 1732 vel
2053 1679 2114 1730 in
2147 1677 2473 1737 maioribus,
2504 1674 2631 1725 2359
2662 1672 2770 1739 513
2803 1671 3033 1738 quando
3062 1670 3247 1724 clerici

1932 1757 2324 1825 praesumendi
2363 1757 2498 1808 sunt
2539 1752 2950 1814 concubinarii,
2997 1750 3090 1802 133
3125 1750 3157 1816 5
3187 1749 3247 1813 43

1932 1840 2133 1893 modus
2178 1836 2508 1905 procedendi
2549 1838 2747 1888 contra
2786 1832 3018 1884 clericos
3047 1844 3249 1883 concu-

1931 1921 2200 1980 binarios,
2230 1916 2532 1972 2176-2181.

1805 2003 2210 2055 Concubinatas
2242 1998 2497 2065 publicus
2529 1995 2616 2047 vel
2651 1993 2909 2046 notorius
2940 1992 3129 2059 gignit
3149 1990 3251 2042 im-

1933 2082 2316 2148 pedimentum
2352 2077 2606 2144 publicae
2638 2073 2975 2134 honestatis,
3009 2070 3150 2124 1078.

1804 2165 2208 2216 annuentes
2238 2160 2314 2213 ad
2344 2159 2628 2218 delictum,
2660 2155 2804 2215 m,
2834 2153 2979 2215 2211,
3011 2151 3155 2204 2231.

1802 2244 2112 2297 concursus
2143 2243 2202 2293 in
2233 2239 2533 2293 collatione
2562 2235 2851 2303 paroeciae
2875 2232 3129 2285 vacantis
3150 2232 3246 2284 ubi

1928 2324 2101 2389 viget,
2127 2320 2481 2379 retinendus,
2511 2319 2608 2370 459
2638 2317 2670 2383 5
2692 2317 2750 2380 4;
2783 2313 2924 2381 quid
2955 2313 3007 2364 si
3038 2311 3247 2378 agatur

1928 2404 2000 2456 de
2026 2402 2282 2470 paroecia
2315 2400 2633 2466 patronata,
2667 2396 2805 2449 1462.

1802 2486 2156 2539 conditiones
2195 2483 2252 2534 ln
2299 2479 2604 2546 rescriptis,
2633 2476 2818 2537 39-41;
2860 2475 2922 2528 in
2965 2473 3246 2527 matrimo-

1931 2566 2048 2626 nio,
2093 2563 2231 2624 1092,
2273 2563 2399 2616 9319
2439 2559 2471 2626 5
2516 2561 2541 2610 1
2583 2573 2638 2610 n.
2681 2557 2731 2620 8,
2760 2557 2792 2623 5
2824 2556 2882 2617 Ως
2926 2556 2985 2607 in
3026 2553 3247 2607 electio-

1932 2645 2120 2705 nibus,
2166 2644 2259 2696 169
2300 2642 2332 2708 5
2362 2641 2414 2703 2,
2450 2639 2541 2691 172
2561 2638 2593 2704 5
2625 2637 2682 2699 3;
2716 2637 2779 2690 in
2810 2637 3007 2688 limine
3047 2633 3245 2685 funda·

1930 2726 2106 2779 tionis
2139 2722 2415 2781 beneficii,
2439 2718 2578 2780 1417,
2600 2721 2702 2770 aut
2728 2718 2806 2784 pii
2827 2714 3097 2776 instituti,
3119 2712 3247 2765 1492

1929 2806 1961 2872 5
1992 2806 2052 2867 Ξς
2088 2806 2147 2857 ἰιι
2179 2803 2507 2855 dimissione
2540 2797 2820 2858 beneficii,
2856 2795 2996 2858 1486,
3028 2795 3130 2847 aut
3149 2804 3246 2859 pa·

1932 2885 2176 2947 roobiae,
2209 2884 2337 2937 2150
2368 2882 2400 2949 5
2436 2880 2484 2933 3.

1802 2967 2189 3021 confere-tiae
2209 2978 2314 3017 seu
2347 2962 2674 3015 collationes
2694 2959 2763 3011 de
2784 2971 2844 3010 re
2874 2953 3091 3014 morali,
3112 2954 3241 3013 etc„

1931 3047 2039 3109 131,
2073 3046 2168 3099 us
2209 3045 2241 3111 5
2277 3048 2324 3106 1,
2356 3045 2470 3104 591,
2502 3041 2646 3094 2377.

1801 3129 2189 3182 conferentia
2218 3127 2637 3191 Episcoporumz
2671 3117 2898 3186 quando
2929 3113 3241 3178 habendae,

1800 3289 2164 3343 centenurii:
2211 3287 2348 3338 sunt
2393 3282 2500 3337 soli
2550 3280 2886 3339 sacerdotes,
2932 3276 3052 3339 871;
3102 3273 3245 3327 obti-

1929 3371 2133 3422 nentes
2152 3366 2614 3423 iurisdictionem‚
2634 3362 2731 3414 872
2750 3358 2898 3426 (vide
2919 3357 3243 3409 larisdictio

1926 3450 2008 3501 ad
2028 3447 2468 3513 confessiones„
2502 3455 2795 3509 personam
2833 3438 3127 3491 sustinent
3156 3436 3245 3488 iu-

1928 3530 2073 3582 dicis
2103 3530 2161 3581 et
2192 3526 2412 3587 medici,
2432 3524 2530 3578 888
2559 3523 2592 3589 5
2617 3524 2671 3582 1;
2707 3533 2912 3575 nomen
2934 3516 3241 3583 complicis,

1926 3609 2148 3660 curiosa
2178 3608 2236 3659 et
2269 3604 2497 3657 inutilla
2529 3615 2600 3653 ne
2631 3600 2941 3666 inquirant,
2972 3596 3069 3649 888
3109 3596 3141 3662 5
3182 3596 3241 3655 Ως

1929 3687 2287 3754 quandonam
2324 3683 2564 3736 debeant
2594 3679 3007 3733 absolutionem
3047 3677 3246 3741 imper-

1933 3770 2059 3831 tire,
2091 3768 2212 3829 8863
2262 3764 2683 3818 satisfactiones
2734 3760 3015 3812 salutares
3057 3755 3246 3808 iniun-

1930 3864 2063 3917 gere
2110 3848 2335 3909 debent,
2381 3844 2474 3897 887
2490 3858 2504 3904 ;
2552 3838 2953 3895 sacramentale
2996 3835 3245 3903 sigillum

1930 3928 2200 3981 inviolate
2230 3939 2474 3987 servare,
2505 3923 2618 3985 889,
2649 3922 2761 3982 890,
2795 3920 2864 3972 cf.
2895 3918 3046 3977 2369;
3079 3930 3155 3967 an
3187 3916 3245 3966 et

1930 4006 2156 4073 quando
2194 4004 2416 4070 possint
2455 4002 2784 4066 dispensare
2823 3997 2896 4048 ab
2929 3993 3247 4060 irregulari-

1931 4087 2170 4149 tatibus,
2200 4084 2298 4137 990
2326 4083 2359 4149 5
2390 4084 2441 4142 2,
2473 4079 2816 4145 suspendere
2847 4075 3243 4141 obligationem

1930 4165 2242 4218 servandae
2275 4175 2490 4229 poenae
2520 4158 2893 4211 vindicatis-ae
2934 4155 3083 4207 latae
3123 4165 3250 4204 sen·

1933 4247 2167 4307 tentiae,
2202 4244 2290 4295 vel
2320 4243 2394 4294 ab
2425 4255 2494 4293 ea
2528 4240 2875 4305 dispensare,
2908 4235 3060 4295 229ος
3102 4233 3252 4285 diiu-

1932 4327 2117 4378 dicare
2138 4324 2365 4382 debent,
2386 4318 2856 4386 quemadmodum
2876 4314 3159 4381 parentes,
3180 4311 3250 4363 de

1935 4405 2237 4459 sufficienti
2280 4401 2648 4469 dispositione
2689 4410 2988 4466 puerorum
3027 4393 3103 4445 ad
3142 4392 3253 4458 pri·

1936 4501 2082 4539 mam
2114 4483 2579 4544 communionem,
2598 4479 2696 4532 854
2724 4478 2759 4546 5
2778 4478 2836 4538 4;
2858 4474 3089 4542 quando
3109 4484 3253 4524 com·

1935 4569 2154 4619 mutare
2179 4563 2415 4632 possunt
2440 4562 2533 4629 pia
2563 4572 2733 4626 opera
2752 4557 2824 4609 ad
2846 4552 3251 4619 indulgentias,

1934 4646 2055 4709 935;
2088 4643 2314 4698 admitti
2344 4641 2636 4707 nequeunt
2667 4637 2753 4690 uti
2795 4635 2971 4687 testes
3010 4632 3072 4683 in
3105 4629 3255 4682 iudi·

1936 4727 2060 4787 ciis,
2108 4724 2229 4777 1757
2278 4722 2311 4790 5
2347 4725 2381 4776 3
2429 4735 2487 4773 ιι.
2519 4720 2571 4780 Ξ,
2613 4731 2728 4770 non
2773 4714 3020 4768 exclusis
3066 4709 3254 4762 causis

1936 4806 2287 4862 Sanctorum,
2318 4800 2443 4853 w?
2473 4800 2506 4864 5
2526 4799 2561 4849 Ξ
2596 4811 2648 4849 ιι.
2672 4799 2727 4859 1;
2759 4793 3015 4846 emittere
3046 4788 3253 4842 debent

1938 4884 2342 4952 professionem
2381 4879 2529 4940 fidei,
2574 4876 2697 4927 14oe
2731 4874 2763 4941 5
2797 4877 2823 4927 1
2857 4888 2913 4924 ιι.
2945 4873 3005 4933 7;
3038 4882 3253 4930 omnes,

1938 4966 2175 5031 urgente
2208 4961 2567 5019 necessitate,
2601 4957 2868 5009 tenentur
2898 4952 3094 5005 audire
3126 4962 3256 5001 con·

1939 5046 2212 5098 fossiones
2243 5041 2508 5101 fidelium,
2528 5038 2625 5090 892
2644 5037 2676 5103 5
2696 5037 2753 5099 Ως
2776 5034 2931 5100 ipsis,
2955 5027 3256 5082 dummodo

1939 5123 2283 5191 approbatis,
2327 5121 2716 5182 cuiuscunque
2761 5115 2908 5166 ritus
2954 5111 3091 5169 sint,
3132 5122 3258 5174 poe-

1941 5207 2077 5258 sunt
2107 5203 2303 5256 fideles
2323 5201 2549 5268 peccata
2568 5212 2675 5250 sua
2693 5193 2965 5254 confiteri,
2985 5191 3108 5252 9053
3130 5189 3257 5241 vide

1944 5286 2269 5338 luri-dictio
2320 5282 2402 5336 od
2452 5278 2871 5345 confessiones.
2927 5271 3259 5325 Reservatio

1934 5367 2330 5433 peccatorum.
2365 5362 2614 5425 Sigillum
2660 5351 3108 5410 sacramentale,
3148 5351 3258 5401 etc.
