3753 5871
582 315 838 387 sep-Soc

153 509 448 573 sepultura
479 505 870 556 monastica:
904 502 967 554 in
999 516 1115 568 quo
1132 501 1418 561 consistit,
1445 501 1594 565 1ω4ς

280 586 551 639 cadavera
603 584 858 637 fidelium
910 581 1254 648 sepelienda,
1305 580 1430 635 ima
1480 582 1513 648 5
1569 583 1595 633 1

281 666 430 736 (vide
461 666 778 730 crematio),
811 664 911 716 sed
954 677 1067 716 non
1100 664 1409 729 antequam
1440 664 1597 715 certo

280 751 499 803 constet
532 749 601 800 de
639 748 824 808 obitu,
861 746 1001 806 1313,
1035 758 1139 797 nec
1180 743 1495 810 generatim
1533 742 1596 795 in

279 829 551 889 ecclesiis,
572 828 673 880 sed
699 828 758 878 in
780 824 1115 878 coemeterio
1139 823 1453 884 benedicto,
1474 822 1600 876 1205

278 909 428 975 (vide
444 906 882 972 materiam),
898 904 1072 972 quod,
1095 905 1144 956 si
1168 904 1283 956 suit
1303 903 1595 963 violatum,

280 991 454 1044 fuerit
483 989 930 1048 reconciliatum,
950 985 1093 1047 im‘l,
1114 984 1236 1038 1173
1255 984 1287 1050 5
1307 985 1361 1047 1;
1385 983 1599 1050 quibus

279 1072 653 1133 concedenda,
694 1069 818 1123 1239
857 1068 925 1135 55
966 1069 1016 1129 Ξ,
1058 1069 1119 1131 3;
1168 1066 1384 1132 quibus
1432 1064 1599 1117 dene·

280 1153 484 1220 ganda,
505 1151 646 1211 1340,
667 1149 836 1215 1Β95
856 1149 901 1211 1,
918 1146 1161 1214 m52,
1178 1146 1307 1198 2275
1323 1160 1380 1197 ιι.
1398 1146 1448 1207 4,
1472 1144 1600 1198 9360

280 1234 313 1300 5
341 1234 403 1296 Ξς
435 1233 573 1298 quid
606 1232 745 1283 baec
786 1229 1085 1294 denegatio
1123 1228 1408 1295 importet,
1443 1226 1594 1288 1341;

280 1313 519 1366 cadaver
573 1309 1046 1363 excommunicati
1098 1305 1314 1360 vitandi
1366 1307 1427 1358 in
1477 1306 1597 1359 loco

278 1408 444 1454 sacro,
457 1392 749 1459 sepultum
769 1387 1377 1451 exhumandum,1242;
1396 1387 1597 1440 electio

279 1475 608 1542 sepulturae
623 1473 893 1526 omnibus
910 1471 1199 1538 permissa,
1210 1469 1312 1536 qui
1331 1482 1598 1536 expresse

282 1570 399 1609 non*
428 1555 824 1622 prohibentur,
851 1552 1002 1614 12233
1029 1551 1266 1618 quinam
1296 1549 1601 1616 probiben-

280 1638 393 1698 tur,
419 1637 561 1699 mk
585 1636 655 1688 de
677 1648 793 1701 qua
816 1634 1052 1687 ecclesia
1083 1632 1283 1685 electio
1316 1630 1596 1689 iacienda,

281 1718 420 1780 1253
443 1731 521 1769 an
543 1716 724 1783 possit
747 1714 870 1767 fleri
894 1727 990 1780 per
1015 1713 1209 1772 alium,
1232 1711 1373 1774 12263
1391 1709 1461 1762 de
1484 1723 1597 1761 non

279 1796 546 1850 violanda
593 1794 918 1849 omnimoda
976 1793 1239 1845 libertate
1280 1790 1598 1849 electionis,

283 1878 431 1941 12273
454 1877 524 1930 de
555 1889 836 1930 consensu
861 1888 1057 1927 eorum
1080 1886 1116 1925 a
1147 1872 1362 1939 quibus
1393 1871 1601 1938 pendet

280 1958 514 2011 ecclesia
562 1956 648 2008 vel
695 1955 1090 2007 coemeterium
1144 1952 1407 2014 electum,
1449 1951 1598 2016 12283

282 2038 351 2091 de
381 2037 647 2105 sepulcro
680 2037 976 2096 maiorum,
996 2035 1145 2098 12293
1178 2034 1317 2100 quid
1352 2034 1602 2100 tempore

280 2118 572 2172 interdicti
614 2117 830 2178 localis,
862 2115 986 2168 2271
1022 2129 1080 2168 n.
1104 2116 1153 2175 Ξ,
1176 2114 1305 2166 2272
1323 2112 1357 2181 5
1377 2112 1437 2176 Ξς
1476 2127 1605 2179 poe-

284 2213 390 2251 nae
420 2201 618 2251 contra
659 2211 773 2258 eos,
808 2196 910 2262 qui
956 2194 1230 2247 mandant
1271 2192 1603 2260 sepulturae

278 2279 471 2332 eccles.
507 2292 623 2338 eos,
657 2277 759 2344 qui
801 2277 874 2330 ab
904 2290 973 2329 ea
1004 2274 1409 2335 excluduntur,
1443 2273 1597 2335 2339:

284 2359 415 2412 vide
431 2359 736 2412 associatio
756 2359 1063 2423 cadaveris,
1079 2356 1382 2420 cadavera,
1402 2354 1600 2407 Pertio

280 2440 630 2505 paraecialis,
662 2439 768 2491 etc.

145 2522 471 2584 sequester-z
500 2517 638 2578 1676,
664 2516 787 2569 1697
819 2516 920 2583 53,
947 2515 1070 2568 1699
1100 2514 1203 2581 53.

144 2601 557 2664 sequestratio:
597 2596 735 2657 1673,
772 2594 911 2649 1676.

144 2682 334 2734 Servii
366 2678 460 2733 987
494 2694 551 2731 ιι.
575 2680 624 2739 «i»,
662 2678 787 2731 1083
816 2677 906 2744 52
939 2691 996 2729 n.
1018 2677 1069 2728 Ξ.

144 2763 310 2816 servi
347 2761 449 2813 Dei
488 2760 617 2813 vide
654 2760 1027 2824 Ganeaisatio,
1065 2757 1273 2810 Causae
1297 2756 1600 2821 beatifica-

283 2842 480 2899 tionis.
516 2842 724 2895 cultus.

149 2924 478 2978 servitiumz
518 2921 783 2975 chor-ale:
804 2920 899 2974 413
929 2919 961 2987 5
992 2918 1042 2981 Ξ,
1066 2919 1179 2981 414,
1201 2917 1429 2973 tm-ui.

147 3032 213 3043 -
245 3004 541 3055 militare:
577 3003 685 3053 121.

143 3084 428 3148 sigilium:
469 3083 690 3144 Curiae,
724 3083 809 3136 381
849 3082 882 3147 5
913 3082 972 3144 23
1015 3080 1323 3147 paroeciae,
1356 3080 1454 3135 470
1483 3081 1516 3146 5
1537 3081 1597 3145 4ς

273 3165 600 3224 tribunalis,
645 3163 769 3216 1715
805 3163 837 3229 5
868 3162 918 3224 Ξ,
957 3163 1081 3216 1643
1121 3162 1153 3229 5
1189 3163 1244 3227 1;
1290 3162 1600 3215 vicariatus

273 3244 492 3297 foranei
537 3244 632 3297 460
662 3242 695 3308 5
722 3244 775 3306 1;
809 3243 962 3309 quod
1004 3243 1217 3295 attinet
1260 3244 1333 3294 ad
1384 3256 1600 3309 proces-

274 3339 379 3377 sus
431 3325 492 3376 in
535 3325 729 3376 causis
769 3323 1125 3385 Sanctorum,
1155 3323 1277 3377 mid
1313 3323 1417 3390 52,
1451 3323 1597 3384 m,

277 3404 425 3465 9156,
447 3404 592 3466 2066,
613 3404 741 3458 2063
761 3404 793 3471 5
815 3406 866 3466 3,
897 3404 1040 3458 2073.

143 3514 206 3523 —
245 3485 708 3538 sacramentale:
722 3486 837 3548 889,
853 3484 967 3545 890,
984 3482 1057 3536 cf.
1073 3482 1195 3534 1767
1211 3482 1245 3549 5
1261 3485 1293 3536 3
1309 3497 1365 3535 ιι.
1382 3481 1434 3543 Ξ,
1451 3481 1598 3536 m.

140 3568 448 3630 signatura
463 3568 802 3630 Apostolicaz
820 3567 908 3618 eet
929 3563 1181 3617 tribunal
1200 3563 1591 3631 apostolicum,

272 3645 389 3705 259,
411 3648 680 3697 constans
712 3644 978 3698 Patribus
1008 3643 1421 3701 cardinalibus.
1446 3643 1595 3707 1002,

272 3724 402 3776 eius
422 3725 815 3790 competentia,
837 3728 985 3788 1603;
1004 3724 1288 3791 quomodo
1310 3723 1596 3791 procedat,

276 3805 427 3870 1604;
480 3806 608 3858 eius
658 3806 996 3867 sententiae,
1033 3805 1183 3870 1605;
1221 3806 1295 3858 ab
1339 3805 1430 3858 his
1477 3818 1594 3857 non

277 3887 450 3938 datur
480 3885 803 3952 appellatio,
829 3884 952 3939 1880
983 3899 1041 3938 ιι.
1066 3887 1114 3949 1,
1146 3884 1217 3937 cf.
1245 3885 1370 3939 1902
1391 3899 1448 3938 n.
1482 3887 1531 3939 3.

138 3970 416 4023 Βὶηιοιιίιι
445 3968 603 4034 quid,
621 3966 733 4029 797,
751 3967 862 4027 728,
886 3967 999 4029 730,
1021 3967 1169 4030 iun
1193 3967 1319 4019 eius
1340 3966 1592 4027 effectus,

271 4048 388 4110 729,
417 4049 557 4112 1446,
594 4049 719 4101 1466
748 4049 781 4115 5
812 4048 863 4109 2,
898 4047 1017 4112 186;
1060 4061 1280 4114 poenae
1321 4047 1380 4099 in
1428 4046 1598 4099 simo-

277 4129 492 4191 niacos,
516 4130 660 4192 3371,
682 4129 828 4184 2393.

136 4209 464 4264 sinulatio:
499 4208 628 4264 2322
660 4224 717 4264 n.
744 4212 790 4271 1,
823 4209 968 4264 m.

139 4291 496 4345 simultates:
536 4291 675 4352 1613,
698 4291 842 4345 3344.

139 4371 479 4426 Societatem
520 4371 644 4424 1233
673 4371 706 4437 5
737 4372 786 4422 2.

135 4481 204 4491 -
238 4451 318 4502 ab
349 4448 607 4503 Ecclesia
638 4453 991 4505 damnatae:
1016 4451 1208 4505 fideles
1239 4451 1595 4504 absterrendi

271 4544 308 4582 a
331 4531 547 4596 nuptiis
568 4545 696 4583 cum
720 4532 793 4584 iis
815 4533 913 4598 qui
936 4532 1009 4584 ad
1031 4546 1128 4584 eas
1151 4532 1598 4598 pertinent,1065

271 4610 306 4676 5
332 4611 386 4673 1;
423 4610 538 4662 imo
581 4611 864 4677 parochus
913 4613 1005 4665 his
1060 4613 1283 4679 nuptiis
1329 4612 1597 4664 assistere

273 4691 477 4758 nequit
518 4691 643 4744 sine
681 4693 848 4745 venia
879 4693 1186 4755 ordinarii,
1215 4693 1339 4745 1066
1369 4693 1401 4759 5
1437 4694 1494 4756 Ξ;
1535 4692 1595 4744 hi

276 4772 579 4824 erivantur
610 4772 905 4838 sepultura
941 4774 1342 4835 ecclesiastica,
1375 4774 1544 4839 19405
1570 4775 1593 4824 1

277 4868 334 4907 τι.
366 4855 412 4915 1,
450 4854 589 4916 1241,
624 4856 689 4907 ci.
722 4854 876 4919 23393
926 4855 1153 4908 admitti
1197 4857 1495 4923 nequeunt
1536 4855 1596 4907 in

273 4936 640 4998 novitiatum,
663 4936 760 4989 643
781 4950 838 4987 n.
865 4939 910 4997 1,
947 4939 1048 4990 aut
1079 4937 1144 4989 in
1185 4937 1598 4989 associationes

283 5018 415 5081 pias.
438 5018 536 5072 693
556 5020 588 5086 5
615 5019 668 5079 1;
694 5019 785 5070 ius
820 5020 1162 5085 patronatus
1201 5017 1494 5085 personale
1526 5019 1597 5070 ad

271 5100 432 5165 ipsos
474 5100 785 5152 transmitti
841 5101 1062 5167 nequit,
1099 5100 1224 5154 1463
1254 5100 1287 5165 5
1321 5101 1377 5159 1;
1428 5099 1596 5159 reale,

269 5180 322 5232 si
358 5195 449 5233 res
479 5182 574 5234 cui
606 5181 870 5234 cohaeret
902 5181 974 5232 ad
1007 5195 1107 5234 eos
1155 5180 1466 5247 perveniat,
1506 5193 1601 5231 su·

266 5274 538 5327 sponsum
579 5263 789 5317 manet.
820 5261 943 5315 1463
983 5261 1092 5329 53;
1136 5275 1354 5328 poenae
1385 5262 1448 5313 in
1482 5275 1598 5322 eos,

268 5341 418 5403 3335,
452 5344 596 5398 23³6.

128 5452 194 5460 —·
231 5424 304 5475 in
353 5427 657 5478 commum·
698 5426 1032 5479 viventium
1086 5426 1218 5477 sine
1248 5425 1434 5477 votis:
1479 5436 1596 5475 non
1641 5422 1649 5481 Ι

263 5541 464 5593 codes
497 5543 660 5595 Iuris
695 5543 994 5595 canonici.

1175 312 1364 363 ladem
1396 312 2127 374 analytice-alphabeticus

2438 320 2713 393 soe-stip
3045 321 3157 381 769

1700 501 2082 571 [Societates]:

1820 585 1961 635 sunt
1994 584 2320 651 religiones,
2335 585 2433 640 673
2458 585 2492 653 5
2516 590 2561 648 1,
2586 589 2727 640 sunt
2748 588 3035 642 clericales
3057 590 3148 644 vei

1821 663 2071 730 laicales,
2117 664 2215 718 673
2256 666 2289 732 5
2330 667 2389 730 23
2435 669 2641 720 erectio
2684 671 2742 722 et
2799 673 3144 736 suppressio,

1822 744 1946 807 6743
1968 746 2241 811 regimen,
2255 746 2371 811 6753
2388 761 2625 814 capaces
2646 751 2788 802 sunt
2808 752 3144 817 acquirendi

1824 827 1882 876 et
1929 825 2256 891 possidendi
2304 827 2454 879 bona
2504 829 2854 895 temporalia,
2895 829 3011 893 676,
3037 831 3069 898 5
3101 833 3150 898 1;

1825 905 1896 956 de
1949 904 2152 957 horum
2205 907 2727 970 administratione,
2769 910 2866 961 676
2896 911 2929 976 5
2959 911 3020 975 83
3077 912 3147 966 de

1823 985 2172 1038 admissione
2201 987 2650 1049 candidatorum,
2673 989 2795 1053 677;
2825 990 2895 1042 de
2927 993 3148 1044 ratione

1821 1064 2145 1120 studiorum
2165 1068 2455 1134 sequenda
2474 1070 2533 1120 et
2554 1070 2625 1121 de
2646 1069 2947 1123 ordinibus
2970 1074 3151 1125 susci·

1823 1147 2050 1211 piendis
2071 1146 2144 1199 ab
2164 1161 2362 1199 earum
2383 1149 2693 1212 sodalibus,
2714 1150 2837 1214 6783
2862 1153 3143 1205 sodalium

1822 1226 2219 1292 obligationes,
2239 1229 2361 1292 6793
2387 1229 2705 1296 privilegia,
2725 1232 2848 1292 6ως
2872 1232 2943 1284 de
2968 1234 3148 1284 trans-

1824 1306 1914 1358 itu
1947 1306 2225 1360 sodalium
2257 1309 2329 1360 ad
2363 1309 2698 1375 religionem
2719 1313 2778 1363 et
2803 1311 2874 1364 de
2910 1327 3141 1379 egressu

1824 1400 1856 1438 e
1887 1387 2211 1450 sodalitate,
2243 1391 2356 1443 681.

1698 1494 1761 1505 -
1783 1468 2153 1532 primariae.-
2183 1469 2291 1522 7m.

1696 1574 1760 1584 —-
1792 1548 2140 1613 reliqiosae:
2170 1550 2281 1602 488.

1698 1627 2034 1682 sodalitates
2066 1631 2191 1695 piae
2222 1631 2355 1683 vide
2388 1635 2796 1687 associationes
2827 1636 2974 1700 piae.

1700 1708 2037 1761 Sodaiitatcs
2068 1712 2452 1764 ten-uariorum
2488 1714 2619 1765 vide
2651 1716 2934 1766 Tertiarii.

1699 1788 1992 1841 sodalitiaz
2028 1805 2329 1856 quaenam,
2353 1791 2448 1845 707
2469 1794 2502 1860 5
2526 1795 2581 1854 1;
2606 1794 2734 1846 vide
2766 1795 3149 1847 Archiae-tra·

1827 1872 2143 1932 ternitates,
2177 1872 2702 1927 confraternitates.

1699 1949 2040 2003 sodomitae:
2068 1965 2301 2016 poenae,
2327 1952 2455 2007 2357
2486 1954 2519 2020 5
2546 1955 2593 2014 1,
2614 1954 2759 2016 2368,
2781 1955 2911 2009 3369
2942 1955 3046 2023 52.

1699 2031 2075 2084 sollemnitase
2110 2033 2496 2099 nuptiarum:
2530 2034 2758 2100 quando
2796 2036 3149 2101 prohibetur,

1831 2105 1954 2164 1108
1974 2111 2007 2177 5
2028 2112 2085 2173 23
2120 2126 2194 2164 an
2229 2113 2448 2178 poesInt
2472 2114 2760 2168 ordinarii
2783 2117 2855 2168 ab
2888 2117 2995 2169 hae
3027 2131 3150 2182 pro·

1827 2190 2111 2245 bibitione
2143 2193 2490 2260 dispensare,
2515 2196 2640 2248 1108
2670 2195 2702 2261 5
2735 2196 2785 2250 3.

1700 2298 1762 2309 -
1792 2273 2061 2324 votorum
2093 2275 2224 2326 vide
2255 2276 2396 2327 Vota
2426 2277 2712 2340 religiosa.

1699 2353 2073 2407 Sollicitaates
2093 2355 2175 2406 ad
2208 2356 2441 2421 turpia:
2471 2357 2543 2408 de
2564 2357 2912 2423 obligatione
2933 2358 3150 2410 denun-

1826 2434 2028 2496 tiandi,
2060 2436 2183 2495 904;
2221 2450 2440 2504 poenae
2478 2438 2541 2490 in
2584 2437 2978 2500 sollicitantes,
2998 2439 3145 2501 23⁰8,

1824 2516 1883 2566 et
1914 2515 1976 2567 in
2011 2515 2156 2568 iaiso
2187 2516 2617 2580 denuntiantes,
2639 2519 2784 2579 3363,
2808 2519 2873 2572 ci.
2894 2520 3007 2573 894.

1695 2595 2036 2648 solutio-est
2062 2596 2120 2647 in
2152 2598 2287 2649 actu
2319 2597 2661 2662 provisionis
2691 2599 2971 2662 beneficii,
2995 2600 3144 2660 1441;

1823 2675 1887 2727 ἰιι
1919 2675 2197 2729 locatione
2230 2676 2503 2730 bonorum
2535 2678 2967 2741 beneiiclaiium,
3002 2680 3144 2733 1479.

1694 2756 1959 2808 sorores:
1994 2769 2295 2822 quaenam,
2320 2757 2417 2809 488
2449 2771 2505 2809 ιι.
2531 2758 2578 2810 7.

1694 2837 1918 2900 Species
1951 2840 2335 2891 consecratae:
2356 2852 2474 2904 quo
2496 2853 2731 2892 numero
2746 2839 3144 2902 asservandae,

1823 2917 1973 2979 1270;
1997 2919 2323 2985 frequenter
2354 2920 2731 2982 renovandae,
2755 2921 2906 2981 imm
2929 2934 3145 2988 poenae

1821 2999 1884 3052 in
1917 3000 2241 3062 abutentes,
2264 3000 2409 3054 m.

1695 3079 1964 3144 spolium:
2004 3081 2153 3133 actio
2196 3083 2254 3133 et
2285 3082 2545 3148 exceptio
2588 3081 2780 3148 spolii,
2817 3080 2955 3144 1698,
2993 3082 3141 3143 1699;

1821 3161 2081 3226 quaestio
2112 3163 2183 3213 de
2214 3162 2415 3228 spolio,
2444 3162 2568 3216 1633
2598 3163 2631 3227 5
2651 3165 2700 3217 3.

1693 3270 1758 3279 —-
1790 3256 1892 3294 seu
1913 3255 2074 3294 sacra
2093 3242 2353 3308 supellex
2376 3242 2630 3295 defuncti
2649 3243 2981 3305 cardinalis,
3002 3244 3144 3304 1398.

1824 3322 2101 3389 Episcopi,
2128 3322 2268 3384 1299,
2305 3323 2669 3385 beneficiarii,
2704 3325 2846 3378 1300.

1695 3404 2014 3468 sponsaliae
2051 3417 2331 3469 quaenam
2375 3404 2555 3456 forma
2586 3403 2998 3465 substantialis,
3026 3404 3146 3460 1017

1822 3482 1891 3549 55
1926 3483 1972 3544 1,
2004 3482 2065 3543 Ξς
2101 3498 2170 3536 ex
2200 3483 2285 3535 eis
2317 3497 2433 3536 non
2470 3485 2640 3536 datur
2672 3485 2820 3537 actio
2851 3484 2923 3536 ad
2958 3486 3148 3551 peten-

1821 3564 1952 3616 dam
1994 3564 2428 3617 celebrationem
2473 3565 2841 3629 matrimonii,
2883 3566 2985 3618 sed
3028 3568 3149 3618 tan·

1822 3646 1945 3698 tum
1978 3645 2050 3697 ad
2082 3646 2498 3711 reparationem
2521 3645 3024 3709 damnorum,1017
3041 3646 3073 3712 5
3095 3648 3145 3699 3.

1695 3725 1919 3790 spo-si:
1967 3740 2068 3792 pro
2110 3726 2251 3792 ipsis
2285 3726 2698 3779 confessionem
2743 3727 3147 3793 peragentibus

1823 3808 2168 3860 matrimonii
2191 3807 2427 3859 ineundi
2445 3820 2618 3860 causa
2632 3809 2818 3860 cessat
2838 3808 3147 3860 reservatio

1822 3889 2201 3953 peccatorum,
2231 3887 2329 3939 900
2362 3902 2417 3939 ιι.
2443 3887 2500 3948 1;
2539 3888 2666 3940 vide
2696 3889 2953 3949 mamea,
2988 3890 3147 3940 Inve-

1823 3970 2175 4033 stigationes.

1694 4051 1916 4102 statusz
1976 4047 2313 4111 clericalis:
2364 4049 2543 4102 iibere
2579 4049 2999 4116 suscipiendus,
3031 4048 3145 4110 971,

1817 4130 1894 4181 cr.
1912 4130 2068 4191 23523
2089 4129 2376 4196 quomodo
2408 4131 2482 4183 ab
2504 4144 2571 4183 eo
2592 4131 2728 4197 quis
2759 4128 3143 4192 excidat,ssii;

1819 4223 1894 4262 an
1950 4212 2010 4262 et
2065 4210 2296 4277 quando
2343 4212 2467 4276 ipso
2515 4211 2640 4263 iure
2691 4211 3007 4273 amittatur,
3055 4211 3149 4265 132

1820 4290 2046 4359 5213ss
2077 4292 2179 4358 53,
2207 4291 2807 4358 inflammamur>
2837 4291 2950 4359 5i;
2984 4306 3059 4344 an
3086 4294 3144 4344 et

1820 4373 2054 4440 quando
2076 4372 2319 4426 clericus
2350 4374 2534 4426 minor
2552 4374 2625 4427 ab
2646 4388 2714 4427 eo
2733 4369 2909 4426 abiici
2945 4374 3142 4440 possit,

1695 4564 1754 4573 —-
1779 4550 2104 4602 personae:
2138 4537 2281 4599 1701,
2308 4537 2447 4597 1733,
2471 4535 2597 4589 18³0
2627 4535 2660 4600 5
2685 4537 2733 4596 1,
2758 4535 2898 4596 1886,
2927 4535 3063 4588 1903.

1695 4645 1756 4654 -
1785 4616 2139 4681 reliqiosus:
2190 4618 2251 4669 in
2306 4617 2522 4669 honore
2575 4615 2891 4676 habendus,
2923 4614 3036 4676 487,
3087 4616 3146 4667 et

1821 4696 1999 4748 libere
2018 4697 2459 4763 amplectendus,
2482 4696 2635 4756 2³5&
2661 4695 2788 4747 vide
2814 4696 3142 4758 Novitiatus,

1823 4778 2062 4841 Religio,
2097 4780 2205 4829 etc.
2554 4790 2559 4795 ’

1695 4860 1939 4913 statutaz
1980 4859 2420 4911 associationum
2463 4859 2704 4924 piarum,
2726 4856 2840 4921 689,
2874 4857 3146 4923 capitula-

1820 4940 1924 5001 ria,
1945 4940 2059 5000 410,
2091 4938 2645 4999 confraternitatum,
2675 4937 2772 4989 716
2802 4938 2834 5005 5
2859 4937 2905 4989 1.

1695 5018 1977 5076 sterilitas
2012 5021 2439 5073 matrimonium
2472 5033 2575 5072 nec
2607 5020 2844 5085 impedit
2877 5033 2982 5072 nec
3008 5020 3148 5071 diri-

1824 5104 1948 5164 mit,
1984 5102 2109 5154 1068
2137 5102 2171 5168 5
2194 5104 2240 5155 3.

1694 5184 1982 5247 stipendia
2012 5184 2326 5235 liissarnmz
2365 5195 2477 5234 non
2520 5183 2659 5233 sunt
2699 5180 2945 5233 obnoxia
2992 5192 3145 5244 prae·

1821 5263 2141 5329 scriptioni,
2165 5262 2287 5313 1609
2309 5276 2367 5313 ιι.
2389 5261 2447 5321 6;
2492 5275 2677 5327 neque
2708 5274 2881 5327 super
2918 5260 3009 5312 his
3050 5258 3145 5309 tri·

1821 5343 2025 5396 butum
2058 5341 2240 5394 ulium
2270 5342 2345 5394 ab
2367 5340 2664 5394 ordinario
2691 5340 2897 5406 imponi
2937 5339 3140 5404 potest,

1825 5422 1974 5481 1506:
1992 5422 2408 5489 eleemosynam
2441 5422 2689 5487 recipere
2710 5420 2844 5472 licet
2866 5417 3142 5469 sacerdoti

3004 5537 3058 5581 49
