3753 5871
472 363 582 426 276
1609 368 1805 420 codes
1849 367 1884 419 1
1885 367 2013 419 urio
2053 367 2335 420 canonia

480 574 641 622 sum
686 556 781 623 ad
821 555 1116 626 ordines
1151 530 1616 639 interdicere,
1658 556 1863 622 salvo
1900 556 2064 624 iure
2102 575 2444 624 recursus
2478 558 2572 625 ad
2623 557 2974 626 Sanctam
3023 559 3307 644 Sedem,
3351 563 3470 630 vel

478 663 705 731 etiam
751 665 847 731 ad
896 664 1434 731 Moderatorem
1473 663 1915 749 generalem,
1958 664 2024 731 si
2060 670 2332 750 agatur
2369 665 2460 733 de
2509 666 2875 752 religiosis
2917 667 3183 753 quibus
3220 688 3464 738 ascen·

477 787 638 837 sum
674 771 1147 839 interdixerit
1182 772 1536 855 Superior
1568 773 2050 855 provincialis
2084 770 2135 838 ¹.

1779 927 1957 994 CAN,
2002 928 2155 994 971.

657 1036 888 1103 Nefas
931 1041 1046 1103 est
1092 1053 1551 1121 quemquam,
1604 1037 1862 1121 quovis
1901 1036 2141 1119 modo,
2182 1037 2274 1103 ob
2313 1036 2715 1120 quamlibet
2754 1035 3141 1118 rationem,
3184 1036 3280 1103 ad
3321 1045 3463 1103 sta·

479 1147 638 1209 tum
678 1144 1090 1211 clericalem
1128 1162 1410 1229 cogere,
1450 1144 1567 1210 vel
1604 1145 1957 1212 canonice
2004 1145 2347 1212 idoneum
2388 1144 2482 1211 ab
2519 1143 2771 1212 eodem
2809 1148 3142 1211 avertere
3166 1141 3219 1209 ².

1760 1300 1939 1367 CAN.
1982 1299 2135 1368 972.

660 1409 694 1491 ξ
742 1411 806 1475 1.
856 1408 1285 1476 Curandum
1319 1413 1403 1475 ut
1430 1408 1525 1475 ad
1554 1426 1804 1476 sacros
1835 1410 2132 1476 ordines
2167 1409 2638 1493 adspirantes
2666 1408 2839 1476 inde
2865 1424 2914 1475 a
2941 1408 3218 1476 teneris
3250 1411 3468 1475 annis

475 1518 559 1586 in
606 1517 1019 1584 Seminario
1064 1517 1542 1601 recipiantur3
1588 1518 1707 1584 sed
1753 1534 2004 1585 omnes
2038 1518 2306 1585 ibidem
2342 1517 2782 1584 commorari
2815 1522 3167 1585 tenentur
3206 1516 3467 1583 saltem

480 1642 610 1707 per
654 1625 1022 1710 integrum
1070 1643 1323 1692 sacrae
1368 1625 1779 1709 theologiae
1830 1625 2314 1708 curriculum,
2365 1626 2512 1692 nisi
2557 1625 3003 1693 ordinarius
3048 1623 3128 1690 in
3171 1625 3468 1691 casibus

478 1732 1002 1816 peculiaribus,
1043 1733 1254 1817 gravi
1287 1733 1377 1800 de
1410 1751 1660 1814 causa,
1701 1737 2006 1801 onerata
2044 1733 2203 1801 eius
2246 1735 2724 1817 conscientia,
2771 1734 3312 1819 dispensaverit
3340 1732 3394 1800 ³.

658 1840 692 1922 ξ
738 1840 805 1905 2.
855 1840 1001 1919 Qui
1041 1841 1136 1908 ad
1171 1841 1467 1910 ordines
1499 1842 1893 1925 adspirant
1925 1854 1999 1910 et
2034 1847 2247 1910 extra
2292 1843 2784 1910 Seminarium
2821 1842 3146 1928 legitime
3179 1860 3463 1911 moran-

479 1952 629 2029 tur,
674 1949 1275 2015 commendentur
1326 1951 1451 2033 pio
1500 1953 1575 2017 et
1619 1951 1882 2018 idoneo
1922 1950 2314 2033 sacerdoti,
2361 1951 2486 2034 qui
2528 1952 2635 2018 eis
2677 1951 3018 2037 invigilet
3060 1969 3326 2035 eosque
3368 1951 3463 2019 ad

478 2056 827 2138 pietatem
871 2056 1222 2124 informet
1252 2056 1306 2124 ⁴.

901 2273 1063 2336 Aur.
1112 2271 1156 2334 1.
1199 2306 1277 2314 —
1322 2271 1417 2332 De
1458 2270 1809 2349 requisitis
1846 2271 1927 2331 in
1965 2269 2253 2333 subiecto
2294 2288 2530 2333 sacrae
2565 2271 3050 2335 ordinationis.

1770 2440 1951 2507 CAN.
1993 2440 2146 2509 973.

657 2564 690 2646 ξ
739 2568 803 2630 1.
854 2564 1105 2630 Prima
1148 2568 1456 2631 tonsura
1486 2568 1561 2630 et
1592 2563 1890 2630 ordines
1927 2542 2083 2630 illis
2111 2568 2408 2631 tantum
2437 2563 2867 2631 conserendi
2896 2568 3098 2647 sunt,
3136 2564 3264 2649 qui
3301 2582 3460 2648 pro·

479 2672 802 2755 positum
849 2672 1170 2739 habeant
1207 2671 1650 2740 ascendendi
1687 2671 1782 2738 ad
1821 2671 2413 2757 presbyteratum
2454 2676 2531 2739 et
2573 2690 2755 2756 quos
2792 2671 3059 2739 merito
3103 2672 3468 2739 coniicere

477 2777 698 2846 liceat
732 2778 1133 2863 aliquando
1162 2779 1426 2864 dignos
1458 2780 1759 2846 futuros
1791 2798 1950 2847 esse
1992 2780 2469 2865 presbyteros
2491 2779 2545 2845 ⁸.

657 2886 689 2968 ξ
737 2886 802 2954 2.
853 2886 1263 2956 Ordinatus
1317 2890 1566 2955 tamen
1624 2886 1751 2972 qui
1797 2887 2214 2972 superiores
2262 2887 2558 2955 ordines
2604 2886 2927 2970 recipere
2972 2890 3284 2971 recuset,
3334 2904 3467 2956 nec

480 2999 726 3079 potest
760 2995 853 3062 ab
901 2997 1267 3079 Episcopo
1304 2996 1398 3063 ad
1438 3014 1563 3063 eos
1610 2995 2070 3080 recipiendos
2104 2996 2292 3079 cogi,
2337 3013 2468 3063 nec
2504 2993 2898 3080 prohiberi
2920 3013 2965 3061 a
3005 2999 3464 3079 receptorum

479 3103 819 3171 ordinum
860 3104 1235 3185 exercitio,
1278 3103 1424 3170 nisi
1469 3103 1995 3188 impedimento
2031 3104 2386 3171 canonico
2436 3104 2860 3171 detineatur
2910 3103 3150 3170 aliave
3189 3104 3464 3189 gravis,

479 3210 753 3279 iudicio
788 3211 1163 3296 Episcopi,
1199 3210 1394 3279 obsit
1423 3228 1656 3279 causa
1690 3211 1740 3278 ‘.

653 3319 686 3401 ξ
733 3319 800 3387 3.
851 3319 1263 3404 Episcopus
1300 3337 1551 3387 sacros
1597 3319 1893 3387 ordines
1940 3318 2215 3386 nemini
2250 3318 2588 3387 conferat
2629 3318 2808 3403 quin
2846 3337 2933 3384 ex
2973 3317 3315 3402 positivis
3351 3335 3463 3384 ar·

477 3428 846 3511 gumentis
874 3429 1257 3496 moraliter
1278 3433 1529 3496 certus
1555 3427 1656 3496 sit
1686 3429 1776 3496 de
1799 3428 1961 3495 eius
1983 3427 2339 3494 canonica
2363 3428 2788 3510 idoneitate;
2818 3444 3027 3494 secus
3054 3444 3201 3493 non
3227 3424 3465 3493 solum

476 3536 906 3619 gravissime
949 3541 1228 3621 peccat,
1280 3537 1402 3604 sed
1449 3536 1673 3603 etiam
1735 3536 2062 3620 periculo
2116 3554 2273 3603 sese
2313 3534 2712 3603 committit
2756 3534 3024 3601 alienis
3066 3537 3464 3601 communi·

474 3643 694 3709 candi
727 3644 1049 3727 peccatis
1078 3643 1128 3711 ².

658 3862 679 3898 ¹
715 3862 780 3913 Ο.
818 3862 869 3921 5,
909 3861 991 3921 17,
1028 3862 1094 3922 X,
1132 3862 1203 3912 de
1244 3860 1601 3920 temporibus
1639 3859 2082 3910 ordinationum
2122 3865 2181 3912 ct
2220 3862 2509 3919 qualitate
2547 3860 3027 3921 ordinandorum,
3068 3863 3119 3923 1,
3168 3864 3252 3925 11;
3288 3862 3464 3915 Cone.

476 3949 762 4010 rudent„
794 3961 937 4001 sees.
976 3950 1127 4010 nv,
1159 3951 1234 4000 αο
1266 3934 1402 4008 ress
1429 3961 1481 4000 c.
1513 3951 1564 4010 ις
1594 3949 1952 4002 Benedictus
1981 3950 2132 4010 xw,
2172 3952 2357 4002 const.
2390 3965 2422 4001 α
2450 3949 2540 4001 Aa
2571 3949 2889 4003 mactantis
2923 3966 2973 4011 ι»,
3007 3952 3074 4003 so
3104 3954 3280 4004 mart.
3314 3952 3465 4012 1742.

479 4039 506 4100 5
531 4040 612 4101 23:
642 4038 699 4091 S.
732 4038 798 4091 Ο.
835 4038 923 4099 0..
956 4036 1293 4096 Ver-cellen..
1320 4039 1384 4090 21
1409 4041 1583 4091 mart.
1614 4039 1761 4099 1643,
1789 4039 1867 4090 ad
1900 4040 1950 4101 4:
1982 4038 2261 4098 Alorion„
2286 4040 2351 4090 24
2376 4051 2508 4092 nov.
2538 4039 2686 4102 16673
2720 4040 3037 4098 Asculana,
3067 4039 3132 4091 21
3156 4052 3283 4100 apr.
3313 4040 3462 4092 1792.

654 4131 679 4167 ²
711 4129 774 4178 Ο.
807 4129 857 4187 1,
897 4126 946 4188 2,
978 4128 1028 4187 7,
1070 4128 1141 4178 D.
1174 4128 1419 4189 LXXIV:
1449 4139 1499 4179 c.
1532 4127 1615 4188 23,
1657 4127 1721 4180 Ο.
1754 4128 1921 4188 XXV,
1954 4140 2009 4189 q.
2042 4128 2092 4179 2.

648 4221 673 4255 ³
709 4218 773 4269 Ο.
809 4218 859 4273 1.
894 4217 959 4269 G.
993 4217 1125 4277 XII,
1161 4230 1215 4279 q.
1251 4218 1300 4277 1;
1334 4217 1508 4269 Oonc.
1545 4217 1831 4278 Trident..
1868 4229 2013 4270 sess.
2048 4217 2261 4277 XXIII,
2306 4219 2378 4269 de
2413 4217 2546 4277 ret..
2581 4228 2632 4269 c.
2664 4217 2747 4280 183
2780 4217 3138 4270 Benedictus
3178 4217 3330 4277 XIV,
3366 4229 3460 4277 ep.
3509 4270 3522 4280 ,

474 4309 691 4370 encycl.
739 4305 920 4364 (vbi
952 4307 1208 4366 primum
1252 4321 1299 4366 ι,
1335 4307 1370 4358 3
1403 4306 1528 4358 dec.
1567 4306 1716 4367 1740,
1766 4306 1793 4367 5
1829 4306 1879 4368 2;
1913 4309 2097 4358 const.
2138 4321 2168 4355 α
2209 4306 2298 4357 Ad
2334 4305 2654 4359 militantis
2691 4321 2741 4368 ι,
2776 4307 2843 4358 80
2879 4310 3057 4359 mart.
3109 4306 3257 4366 1742,
3309 4307 3337 4366 5
3383 4307 3470 4368 343

476 4397 619 4449 Plus
653 4396 753 4462 VI,
789 4397 1009 4458 eneyel.
1048 4410 1078 4445 α
1111 4395 1506 4446 Insorutabile
1542 4410 1592 4455 »,
1632 4395 1697 4447 25
1730 4394 1853 4447 dec.
1892 4394 2040 4455 1775,
2079 4394 2107 4457 5
2151 4397 2202 4457 4;
2236 4395 2380 4447 Plus
2417 4396 2515 4456 IX,
2550 4407 2641 4457 ep.
2686 4397 2906 4457 encycl.
2946 4411 2978 4447 ι
3010 4394 3215 4447 Nostis
3258 4399 3320 4445 et
3352 4394 3467 4445 No-

478 4486 699 4536 biscum
718 4470 777 4545 ἰ,
802 4487 837 4538 8
857 4486 981 4538 dec.
1019 4485 1166 4546 18493
1193 4496 1283 4545 ep.
1310 4486 1529 4546 encycl.
1562 4499 1591 4533 α
1618 4482 1799 4534 Nemo
1833 4488 1991 4535 certe
2016 4485 2249 4544 morat
2275 4499 2325 4544 ι»,
2353 4484 2418 4536 25
2445 4488 2621 4535 inan.
2655 4484 2806 4546 1852;
2832 4485 2950 4535 Leo
2977 4484 3144 4544 XIII,
3170 4496 3261 4545 ep.
3297 4500 3329 4535 α
3356 4482 3466 4534 Pa·

477 4577 678 4625 ternae
707 4573 1099 4634 providaeque
1130 4588 1178 4634 ι,
1208 4573 1274 4624 18
1301 4576 1449 4633 sept.
1481 4572 1628 4634 1899ς
1660 4572 1803 4624 Plus
1830 4573 1898 4632 X,
1932 4573 2050 4626 ntt.
2082 4589 2112 4624 α
2150 4573 2236 4623 La
2264 4573 2650 4623 ristorazione
2682 4585 2733 4632 ι,
2763 4572 2798 4623 δ
2832 4572 2979 4623 mail
3007 4574 3156 4633 1904:
3186 4571 3244 4624 S.
3282 4572 3347 4623 Ο.
3388 4573 3464 4624 de

476 4663 645 4723 Prop.
691 4662 852 4723 Fide,
889 4664 1058 4715 lustr.
1103 4662 1204 4721 (ad
1245 4662 1366 4713 vie.
1402 4664 1509 4722 Ap.
1550 4660 1721 4721 Sim),
1756 4661 1823 4713 18
1860 4665 1976 4714 oct.
2010 4661 2159 4721 1883,
2194 4674 2251 4712 n.
2289 4662 2391 4721 IV,
2428 4662 2479 4711 1.

652 4756 678 4788 ⁴
719 4752 860 4803 Plus
895 4753 961 4810 X,
1005 4753 1119 4802 litt.
1162 4752 1376 4812 encycl.
1420 4767 1450 4801 α
1488 4750 1777 4801 Pascendi
1818 4767 1866 4813 ι,
1907 4751 1940 4804 8
1975 4754 2125 4811 sept.
2165 4751 2311 4811 1907ς
2358 4755 2519 4801 motu
2559 4761 2751 4810 propr.
2797 4765 2827 4800 ι
2866 4750 3180 4799 Sacrorum
3229 4749 3466 4799 antisti-

472 4844 596 4891 tum
623 4856 672 4900 ι,
699 4844 730 4893 1
757 4844 904 4901 sept.
936 4842 1083 4901 1910,
1112 4853 1170 4891 ιι.
1202 4841 1283 4900 ΙΙ;
1311 4840 1369 4892 S.
1402 4840 1467 4893 O.
1504 4841 1609 4901 Ep.
1640 4844 1703 4893 et
1730 4842 1895 4903 Reg„
1930 4843 2098 4892 lustr.
2130 4839 2195 4891 21
2223 4839 2326 4891 lul.
2366 4839 2514 4899 1896,
2551 4851 2609 4889 ιι.
2647 4838 2697 4890 8.

651 4934 677 4969 ⁵
715 4931 778 4982 C.
821 4932 870 4990 4,
910 4932 980 4980 cle
1018 4930 1374 4990 temporibus
1412 4931 1853 4981 ordinationum
1887 4933 1946 4980 et
1984 4928 2274 4988 qualitate
2310 4927 2788 4986 ordinandorum,
2836 4928 2887 4988 Ι,
2927 4929 2978 4988 9,
3017 4927 3081 4978 ln
3116 4927 3243 4989 VI03
3287 4927 3465 4980 Oonc.

469 5022 756 5081 Trident„
800 5031 943 5070 sess.
978 5020 1191 5078 xxn1,
1229 5022 1299 5070 dc
1335 5019 1471 5079 res„
1502 5031 1554 5070 e.
1593 5021 1643 5077 4,
1678 5020 1760 5081 11;
1793 5019 2174 5090 Innocentius
2206 5017 2371 5078 XIII,
2405 5019 2590 5068 const.
2628 5032 2658 5067 ι
2702 5015 3026 5076 Apostolioi
3058 5015 3379 5067 ministerii
3415 5032 3465 5078 ι,

473 5112 537 5163 23
572 5110 718 5161 mall
754 5110 901 5169 1723,
941 5109 968 5170 5
1005 5110 1055 5170 2;
1092 5110 1447 5162 Benedictus
1484 5111 1651 5171 XIII,
1690 5112 1873 5161 const.
1917 5124 1947 5159 α
1987 5108 2056 5158 In
2102 5120 2372 5169 supremo
2409 5122 2459 5169 ι,
2501 5107 2566 5159 Q
2601 5110 2749 5167 sept.
2790 5107 2940 5168 1724,
2991 5107 3018 5168 5
3067 5107 3117 5168 2,
3153 5107 3241 5169 28ς·
3272 5111 3463 5160 const.

473 5214 502 5248 α
532 5198 858 5249 Ραειοναιίε
895 5198 1073 5258 officii
1109 5213 1156 5258 ι,
1186 5199 1251 5249 27
1280 5203 1452 5251 mart.
1489 5199 1639 5259 lm,
1673 5200 1701 5259 5
1737 5199 1788 5260 3:
1817 5198 2163 5251 pontificale
2192 5198 2380 5258 Rom„
2415 5198 2510 5250 tit.
2550 5197 2635 5247 De
2667 5195 2973 5250 ordinibus
3005 5196 3398 5256 conserendis.

648 5291 675 5326 ⁶
706 5288 770 5339 C.
813 5289 864 5349 2,
903 5288 954 5348 8,
996 5289 1066 5338 D.
1109 5289 1353 5350 LXXIV:
1389 5301 1439 5341 c.
1483 5291 1533 5350 4,
1575 5290 1641 5351 X,
1686 5290 1756 5339 de
1801 5287 2160 5348 temporibus
2199 5286 2637 5338 ordinationum
2678 5292 2736 5341 et
2779 5287 3072 5348 qualitate
3110 5285 3468 5337 ordinando·

471 5387 621 5435 rum,
654 5377 702 5436 1,
741 5377 823 5426 11.

508 5513 509 5516 ,
650 5469 672 5503 ⁷
710 5466 773 5517 C.
809 5465 859 5525 8,
895 5466 965 5516 D.
999 5466 1211 5527 LX111;
1240 5478 1290 5517 c.
1322 5468 1373 5527 3,
1408 5469 1477 5518 D.
1516 5467 1829 5528 LXXVIIR
1858 5478 1909 5518 c.
1942 5467 2025 5527 24,
2058 5467 2123 5519 G.
2157 5466 2323 5526 XXV,
2355 5478 2410 5528 q.
2443 5466 2491 5527 2;
2528 5477 2579 5516 c.
2613 5467 2697 5527 14,
2734 5467 2802 5523 X,
2836 5467 2907 5516 da
2938 5466 3137 5514 aetate
3177 5465 3237 5512 et
3279 5462 3470 5520 quali·

470 5556 592 5604 tata
623 5558 682 5605 et
720 5554 923 5605 ordine
963 5554 1502 5615 praeficiendorum,
1545 5558 1593 5618 1,
1627 5559 1707 5619 14;
1740 5556 2097 5609 Benedictus
2128 5551 2278 5616 XIV,
2310 5567 2400 5617 ep.
2438 5556 2658 5617 encycl.
2697 5570 2727 5605 α
2762 5552 2810 5602 U
2817 5553 2874 5602 bi
2903 5553 3159 5612 primunt
3190 5566 3242 5611 ιι,
3273 5550 3308 5602 3
3337 5550 3466 5602 dee.
