<?xml version="1.0" encoding="UTF-8"?>
<!DOCTYPE html PUBLIC "-//W3C//DTD XHTML 1.0 Transitional//EN"
    "http://www.w3.org/TR/xhtml1/DTD/xhtml1-transitional.dtd">
<html xmlns="http://www.w3.org/1999/xhtml" xml:lang="en" lang="en">
 <head>
  <title>
</title>
<meta http-equiv="Content-Type" content="text/html;charset=utf-8" />
  <meta name='ocr-system' content='tesseract 3.04.00' />
  <meta name='ocr-capabilities' content='ocr_page ocr_carea ocr_par ocr_line ocrx_word'/>
</head>
<body>
  <div class='ocr_page' id='page_1' title='image "./codexiuriscanon00xgoog_0756.png"; bbox 0 0 3753 5871; ppageno 0'>
   <div class='ocr_carea' id='block_1_1' title="bbox 1506 297 3187 357">
    <p class='ocr_par' dir='ltr' id='par_1_1' title="bbox 1506 297 3187 357">
     <span class='ocr_line' id='line_1_1' title="bbox 1506 297 3187 357; baseline 0.006 -10"><span class='ocrx_word' id='word_1_1' title='bbox 1506 297 1870 349; x_wconf 66' lang='lat' dir='ltr'>Documenta</span> <span class='ocrx_word' id='word_1_2' title='bbox 3079 299 3187 357; x_wconf 80' lang='lat'>705</span> 
     </span>
    </p>
   </div>
   <div class='ocr_carea' id='block_1_2' title="bbox 146 478 3185 5513">
    <p class='ocr_par' dir='ltr' id='par_1_2' title="bbox 185 478 3184 1739">
     <span class='ocr_line' id='line_1_2' title="bbox 193 478 3184 558; baseline 0.001 -15"><span class='ocrx_word' id='word_1_3' title='bbox 193 481 528 558; x_wconf 84' lang='lat' dir='ltr'>caverint,</span> <span class='ocrx_word' id='word_1_4' title='bbox 562 484 913 544; x_wconf 87' lang='lat' dir='ltr'>reservata</span> <span class='ocrx_word' id='word_1_5' title='bbox 951 481 1072 543; x_wconf 90' lang='lat' dir='ltr'>uni</span> <span class='ocrx_word' id='word_1_6' title='bbox 1107 478 1450 558; x_wconf 87' lang='lat' dir='ltr'>Episcopo</span> <span class='ocrx_word' id='word_1_7' title='bbox 1487 479 1818 543; x_wconf 83' lang='lat' dir='ltr'>electione</span> <span class='ocrx_word' id='word_1_8' title='bbox 1848 479 2209 557; x_wconf 77' lang='lat' dir='ltr'>dignioris,</span> <span class='ocrx_word' id='word_1_9' title='bbox 2245 480 2810 558; x_wconf 88' lang='lat' dir='ltr'>quemadmodum</span> <span class='ocrx_word' id='word_1_10' title='bbox 2842 483 3184 545; x_wconf 85' lang='lat' dir='ltr'>sancitum</span> 
     </span>
     <span class='ocr_line' id='line_1_3' title="bbox 194 587 3184 668; baseline -0 -16"><span class='ocrx_word' id='word_1_11' title='bbox 194 593 306 652; x_wconf 89' lang='lat' dir='ltr'>est</span> <span class='ocrx_word' id='word_1_12' title='bbox 335 606 381 652; x_wconf 92' lang='lat' dir='ltr'>a</span> <span class='ocrx_word' id='word_1_13' title='bbox 415 589 822 652; x_wconf 76' lang='lat' dir='ltr'>Tridentino</span> <span class='ocrx_word' id='word_1_14' title='bbox 845 587 996 650; x_wconf 89' lang='lat' dir='ltr'>illis</span> <span class='ocrx_word' id='word_1_15' title='bbox 1022 587 1284 652; x_wconf 89' lang='lat' dir='ltr'>verbis:</span> <span class='ocrx_word' id='word_1_16' title='bbox 1323 588 1430 648; x_wconf 65' lang='lat' dir='ltr'>Ba</span> <span class='ocrx_word' id='word_1_17' title='bbox 1458 587 1697 664; x_wconf 70' lang='lat' dir='ltr'>hisque</span> <span class='ocrx_word' id='word_1_18' title='bbox 1726 587 2113 665; x_wconf 69' lang='lat' dir='ltr'>Episcopus</span> <span class='ocrx_word' id='word_1_19' title='bbox 2142 588 2382 666; x_wconf 69' lang='lat' dir='ltr'>cliyat,</span> <span class='ocrx_word' id='word_1_20' title='bbox 2415 604 2613 666; x_wconf 77' lang='lat' dir='ltr'>quem</span> <span class='ocrx_word' id='word_1_21' title='bbox 2645 590 2936 651; x_wconf 60' lang='lat' dir='ltr'>metetis</span> <span class='ocrx_word' id='word_1_22' title='bbox 2964 591 3184 668; x_wconf 58' lang='lat' dir='ltr'>magis</span> 
     </span>
     <span class='ocr_line' id='line_1_4' title="bbox 194 694 3175 774; baseline 0.001 -19"><span class='ocrx_word' id='word_1_23' title='bbox 194 695 514 757; x_wconf 67' lang='lat' dir='ltr'>idoneum</span> <span class='ocrx_word' id='word_1_24' title='bbox 541 694 989 757; x_wconf 74' lang='lat' dir='ltr'>iudicaverit.-</span> <span class='ocrx_word' id='word_1_25' title='bbox 1018 697 1118 757; x_wconf 78' lang='lat' dir='ltr'>At</span> <span class='ocrx_word' id='word_1_26' title='bbox 1152 694 1214 757; x_wconf 91' lang='lat' dir='ltr'>si</span> <span class='ocrx_word' id='word_1_27' title='bbox 1244 711 1440 773; x_wconf 77' lang='lat' dir='ltr'>quem</span> <span class='ocrx_word' id='word_1_28' title='bbox 1475 695 1880 757; x_wconf 88' lang='lat' dir='ltr'>clericorum</span> <span class='ocrx_word' id='word_1_29' title='bbox 1908 695 2092 757; x_wconf 69' lang='lat' dir='ltr'>torte</span> <span class='ocrx_word' id='word_1_30' title='bbox 2118 696 2491 774; x_wconf 87' lang='lat' dir='ltr'>contigerit</span> <span class='ocrx_word' id='word_1_31' title='bbox 2523 697 2876 774; x_wconf 89' lang='lat' dir='ltr'>appellare</span> <span class='ocrx_word' id='word_1_32' title='bbox 2912 714 2954 759; x_wconf 87' lang='grc'>8</span> <span class='ocrx_word' id='word_1_33' title='bbox 2990 699 3175 759; x_wconf 95' lang='grc'><strong>111818</strong></span> 
     </span>
     <span class='ocr_line' id='line_1_5' title="bbox 196 801 3181 881; baseline 0 -15"><span class='ocrx_word' id='word_1_34' title='bbox 196 804 532 867; x_wconf 72' lang='lat' dir='ltr'>relatione</span> <span class='ocrx_word' id='word_1_35' title='bbox 580 804 1175 881; x_wconf 84' lang='lat' dir='ltr'>Exa-minatorum,</span> <span class='ocrx_word' id='word_1_36' title='bbox 1228 818 1516 880; x_wconf 92' lang='lat' dir='ltr'>quorum</span> <span class='ocrx_word' id='word_1_37' title='bbox 1564 818 1735 865; x_wconf 91' lang='lat' dir='ltr'>cura</span> <span class='ocrx_word' id='word_1_38' title='bbox 1782 802 1982 865; x_wconf 89' lang='lat' dir='ltr'>unice</span> <span class='ocrx_word' id='word_1_39' title='bbox 2029 805 2303 865; x_wconf 84' lang='lat' dir='ltr'>versata</span> <span class='ocrx_word' id='word_1_40' title='bbox 2362 801 2581 865; x_wconf 74' lang='lat' dir='ltr'>tuerit</span> <span class='ocrx_word' id='word_1_41' title='bbox 2640 804 2715 864; x_wconf 91' lang='lat' dir='ltr'>in</span> <span class='ocrx_word' id='word_1_42' title='bbox 2765 804 3181 880; x_wconf 83' lang='lat' dir='ltr'>exquirenda</span> 
     </span>
     <span class='ocr_line' id='line_1_6' title="bbox 191 909 3178 990; baseline 0.001 -19"><span class='ocrx_word' id='word_1_43' title='bbox 191 911 535 989; x_wconf 89' lang='lat' dir='ltr'>doctrina,</span> <span class='ocrx_word' id='word_1_44' title='bbox 578 928 714 973; x_wconf 92' lang='lat' dir='ltr'>non</span> <span class='ocrx_word' id='word_1_45' title='bbox 752 911 947 973; x_wconf 75' lang='lat' dir='ltr'>tacta</span> <span class='ocrx_word' id='word_1_46' title='bbox 981 927 1119 973; x_wconf 90' lang='lat' dir='ltr'>uno</span> <span class='ocrx_word' id='word_1_47' title='bbox 1153 911 1520 987; x_wconf 89' lang='lat' dir='ltr'>eodemque</span> <span class='ocrx_word' id='word_1_48' title='bbox 1563 913 1870 988; x_wconf 90' lang='lat' dir='ltr'>tempore</span> <span class='ocrx_word' id='word_1_49' title='bbox 1910 909 2149 973; x_wconf 86' lang='lat' dir='ltr'>solerti</span> <span class='ocrx_word' id='word_1_50' title='bbox 2196 910 2405 973; x_wconf 89' lang='lat' dir='ltr'>etiam</span> <span class='ocrx_word' id='word_1_51' title='bbox 2443 910 2973 990; x_wconf 75' lang='lat' dir='ltr'>investigatione</span> <span class='ocrx_word' id='word_1_52' title='bbox 3012 911 3178 974; x_wconf 89' lang='lat' dir='ltr'>alia·</span> 
     </span>
     <span class='ocr_line' id='line_1_7' title="bbox 193 1016 3183 1095; baseline 0.001 -17"><span class='ocrx_word' id='word_1_53' title='bbox 193 1033 346 1078; x_wconf 91' lang='lat' dir='ltr'>rum</span> <span class='ocrx_word' id='word_1_54' title='bbox 379 1016 820 1094; x_wconf 76' lang='lat' dir='ltr'>qualitatum,</span> <span class='ocrx_word' id='word_1_55' title='bbox 857 1033 1031 1095; x_wconf 88' lang='lat' dir='ltr'>quae</span> <span class='ocrx_word' id='word_1_56' title='bbox 1063 1016 1377 1079; x_wconf 86' lang='lat' dir='ltr'>Pastoris</span> <span class='ocrx_word' id='word_1_57' title='bbox 1407 1021 1795 1095; x_wconf 88' lang='lat' dir='ltr'>congruant</span> <span class='ocrx_word' id='word_1_58' title='bbox 1834 1016 2090 1080; x_wconf 80' lang='lat' dir='ltr'>officio:</span> <span class='ocrx_word' id='word_1_59' title='bbox 2134 1018 2302 1080; x_wconf 90' lang='lat' dir='ltr'>ordo</span> <span class='ocrx_word' id='word_1_60' title='bbox 2337 1017 2578 1080; x_wconf 89' lang='lat' dir='ltr'>iudicii</span> <span class='ocrx_word' id='word_1_61' title='bbox 2613 1019 3058 1082; x_wconf 80' lang='lat' dir='ltr'>secumferet:</span> <span class='ocrx_word' id='word_1_62' title='bbox 3102 1025 3183 1081; x_wconf 90' lang='lat' dir='ltr'>ut</span> 
     </span>
     <span class='ocr_line' id='line_1_8' title="bbox 190 1124 3173 1203; baseline 0.001 -16"><span class='ocrx_word' id='word_1_63' title='bbox 190 1125 402 1188; x_wconf 85' lang='lat' dir='ltr'>etiam</span> <span class='ocrx_word' id='word_1_64' title='bbox 430 1125 662 1202; x_wconf 85' lang='lat' dir='ltr'>iudex,</span> <span class='ocrx_word' id='word_1_65' title='bbox 688 1125 780 1187; x_wconf 89' lang='lat' dir='ltr'>ad</span> <span class='ocrx_word' id='word_1_66' title='bbox 810 1142 1006 1202; x_wconf 90' lang='lat' dir='ltr'>quem</span> <span class='ocrx_word' id='word_1_67' title='bbox 1037 1127 1478 1202; x_wconf 85' lang='lat' dir='ltr'>provocatum</span> <span class='ocrx_word' id='word_1_68' title='bbox 1506 1125 1670 1202; x_wconf 77' lang='lat' dir='ltr'>tuit,</span> <span class='ocrx_word' id='word_1_69' title='bbox 1707 1126 1782 1186; x_wconf 87' lang='lat' dir='ltr'>in</span> <span class='ocrx_word' id='word_1_70' title='bbox 1811 1124 1971 1187; x_wconf 88' lang='lat' dir='ltr'>sola·</span> <span class='ocrx_word' id='word_1_71' title='bbox 1995 1124 2350 1187; x_wconf 89' lang='lat' dir='ltr'>doctrinae</span> <span class='ocrx_word' id='word_1_72' title='bbox 2377 1125 2705 1203; x_wconf 76' lang='lat' dir='ltr'>indagine</span> <span class='ocrx_word' id='word_1_73' title='bbox 2731 1126 3173 1189; x_wconf 88' lang='lat' dir='ltr'>immoretur:</span> 
     </span>
     <span class='ocr_line' id='line_1_9' title="bbox 189 1229 3178 1311; baseline 0.001 -19"><span class='ocrx_word' id='word_1_74' title='bbox 189 1249 315 1295; x_wconf 88' lang='lat' dir='ltr'>nec</span> <span class='ocrx_word' id='word_1_75' title='bbox 351 1233 500 1295; x_wconf 90' lang='lat' dir='ltr'>sine</span> <span class='ocrx_word' id='word_1_76' title='bbox 525 1233 719 1311; x_wconf 87' lang='lat' dir='ltr'>gravi</span> <span class='ocrx_word' id='word_1_77' title='bbox 750 1232 1137 1294; x_wconf 89' lang='lat' dir='ltr'>animarum</span> <span class='ocrx_word' id='word_1_78' title='bbox 1175 1232 1610 1310; x_wconf 89' lang='lat' dir='ltr'>detrimento,</span> <span class='ocrx_word' id='word_1_79' title='bbox 1645 1236 1718 1295; x_wconf 93' lang='lat' dir='ltr'>et</span> <span class='ocrx_word' id='word_1_80' title='bbox 1745 1229 2153 1310; x_wconf 84' lang='lat' dir='ltr'>disciplinae</span> <span class='ocrx_word' id='word_1_81' title='bbox 2181 1232 2466 1310; x_wconf 86' lang='lat' dir='ltr'>iniuria,</span> <span class='ocrx_word' id='word_1_82' title='bbox 2501 1233 2946 1309; x_wconf 80' lang='lat' dir='ltr'>praeficiatur</span> <span class='ocrx_word' id='word_1_83' title='bbox 2976 1233 3178 1296; x_wconf 81' lang='lat' dir='ltr'>eccle·</span> 
     </span>
     <span class='ocr_line' id='line_1_10' title="bbox 190 1339 3177 1420; baseline 0 -17"><span class='ocrx_word' id='word_1_84' title='bbox 190 1340 361 1420; x_wconf 84' lang='lat' dir='ltr'>siae,</span> <span class='ocrx_word' id='word_1_85' title='bbox 400 1339 518 1419; x_wconf 89' lang='lat' dir='ltr'>qui</span> <span class='ocrx_word' id='word_1_86' title='bbox 556 1339 815 1403; x_wconf 87' lang='lat' dir='ltr'>litteris</span> <span class='ocrx_word' id='word_1_87' title='bbox 846 1339 1067 1417; x_wconf 88' lang='lat' dir='ltr'>magis</span> <span class='ocrx_word' id='word_1_88' title='bbox 1102 1344 1356 1417; x_wconf 86' lang='lat' dir='ltr'>posset,</span> <span class='ocrx_word' id='word_1_89' title='bbox 1402 1339 1569 1402; x_wconf 88' lang='lat' dir='ltr'>licet</span> <span class='ocrx_word' id='word_1_90' title='bbox 1603 1343 1879 1402; x_wconf 88' lang='lat' dir='ltr'>caetera</span> <span class='ocrx_word' id='word_1_91' title='bbox 1921 1339 2150 1402; x_wconf 87' lang='lat' dir='ltr'>minus</span> <span class='ocrx_word' id='word_1_92' title='bbox 2183 1343 2415 1417; x_wconf 89' lang='lat' dir='ltr'>aptus,</span> <span class='ocrx_word' id='word_1_93' title='bbox 2455 1344 2529 1403; x_wconf 92' lang='lat' dir='ltr'>et</span> <span class='ocrx_word' id='word_1_94' title='bbox 2564 1341 2967 1418; x_wconf 77' lang='lat' dir='ltr'>quandoque</span> <span class='ocrx_word' id='word_1_95' title='bbox 3002 1342 3177 1404; x_wconf 91' lang='lat' dir='ltr'>indi-</span> 
     </span>
     <span class='ocr_line' id='line_1_11' title="bbox 185 1446 3177 1525; baseline 0.001 -18"><span class='ocrx_word' id='word_1_96' title='bbox 185 1464 388 1525; x_wconf 89' lang='lat' dir='ltr'>gnus;</span> <span class='ocrx_word' id='word_1_97' title='bbox 443 1451 688 1509; x_wconf 86' lang='lat' dir='ltr'>contra</span> <span class='ocrx_word' id='word_1_98' title='bbox 732 1463 890 1509; x_wconf 88' lang='lat' dir='ltr'>vero</span> <span class='ocrx_word' id='word_1_99' title='bbox 946 1449 1267 1509; x_wconf 75' lang='lat' dir='ltr'>arceatur</span> <span class='ocrx_word' id='word_1_100' title='bbox 1312 1446 1453 1524; x_wconf 88' lang='lat' dir='ltr'>ille,</span> <span class='ocrx_word' id='word_1_101' title='bbox 1503 1447 1622 1524; x_wconf 88' lang='lat' dir='ltr'>qui</span> <span class='ocrx_word' id='word_1_102' title='bbox 1667 1446 1832 1510; x_wconf 90' lang='lat' dir='ltr'>licet</span> <span class='ocrx_word' id='word_1_103' title='bbox 1875 1446 2103 1524; x_wconf 80' lang='lat' dir='ltr'>impar</span> <span class='ocrx_word' id='word_1_104' title='bbox 2150 1447 2506 1510; x_wconf 87' lang='lat' dir='ltr'>doctrinae</span> <span class='ocrx_word' id='word_1_105' title='bbox 2551 1447 2821 1525; x_wconf 81' lang='lat' dir='ltr'>meritc,</span> <span class='ocrx_word' id='word_1_106' title='bbox 2871 1451 3177 1512; x_wconf 76' lang='lat' dir='ltr'>attamen</span> 
     </span>
     <span class='ocr_line' id='line_1_12' title="bbox 187 1553 3177 1632; baseline 0.002 -18"><span class='ocrx_word' id='word_1_107' title='bbox 187 1554 518 1632; x_wconf 87' lang='lat' dir='ltr'>moribus,</span> <span class='ocrx_word' id='word_1_108' title='bbox 564 1554 933 1632; x_wconf 88' lang='lat' dir='ltr'>gravitate,</span> <span class='ocrx_word' id='word_1_109' title='bbox 974 1554 1368 1632; x_wconf 83' lang='lat' dir='ltr'>prudentia.</span> <span class='ocrx_word' id='word_1_110' title='bbox 1416 1555 1708 1632; x_wconf 87' lang='lat' dir='ltr'>probato</span> <span class='ocrx_word' id='word_1_111' title='bbox 1739 1555 2036 1632; x_wconf 90' lang='lat' dir='ltr'>nomine,</span> <span class='ocrx_word' id='word_1_112' title='bbox 2075 1555 2406 1616; x_wconf 90' lang='lat' dir='ltr'>diuturno</span> <span class='ocrx_word' id='word_1_113' title='bbox 2442 1553 2768 1617; x_wconf 86' lang='lat' dir='ltr'>ecclesiae</span> <span class='ocrx_word' id='word_1_114' title='bbox 2806 1555 3177 1632; x_wconf 74' lang='lat' dir='ltr'>famulatu,</span> 
     </span>
     <span class='ocr_line' id='line_1_13' title="bbox 185 1660 1702 1739; baseline -0.001 -15"><span class='ocrx_word' id='word_1_115' title='bbox 185 1678 271 1724; x_wconf 84' lang='lat' dir='ltr'>ac</span> <span class='ocrx_word' id='word_1_116' title='bbox 302 1660 676 1739; x_wconf 80' lang='lat' dir='ltr'>multiplici</span> <span class='ocrx_word' id='word_1_117' title='bbox 712 1662 1048 1724; x_wconf 89' lang='lat' dir='ltr'>virtutum</span> <span class='ocrx_word' id='word_1_118' title='bbox 1083 1661 1289 1725; x_wconf 85' lang='lat' dir='ltr'>laude</span> <span class='ocrx_word' id='word_1_119' title='bbox 1324 1660 1702 1739; x_wconf 87' lang='lat' dir='ltr'>praecellit.</span> 
     </span>
    </p>

    <p class='ocr_par' dir='ltr' id='par_1_3' title="bbox 172 1769 3179 2920">
     <span class='ocr_line' id='line_1_14' title="bbox 376 1769 3175 1848; baseline 0.001 -19"><span class='ocrx_word' id='word_1_120' title='bbox 376 1769 407 1844; x_wconf 67' lang='lat'><strong>5</strong></span> <span class='ocrx_word' id='word_1_121' title='bbox 454 1769 556 1829; x_wconf 83' lang='lat'>12.</span> <span class='ocrx_word' id='word_1_122' title='bbox 602 1769 893 1831; x_wconf 82' lang='lat' dir='ltr'>Factum</span> <span class='ocrx_word' id='word_1_123' title='bbox 937 1772 1293 1846; x_wconf 85' lang='lat' dir='ltr'>praeterea</span> <span class='ocrx_word' id='word_1_124' title='bbox 1333 1769 1508 1831; x_wconf 89' lang='lat' dir='ltr'>satis</span> <span class='ocrx_word' id='word_1_125' title='bbox 1550 1769 1984 1847; x_wconf 76' lang='lat' dir='ltr'>extirpandis</span> <span class='ocrx_word' id='word_1_126' title='bbox 2032 1769 2359 1831; x_wconf 78' lang='lat' dir='ltr'>abusibus</span> <span class='ocrx_word' id='word_1_127' title='bbox 2401 1786 2539 1832; x_wconf 91' lang='lat' dir='ltr'>non</span> <span class='ocrx_word' id='word_1_128' title='bbox 2582 1770 2877 1848; x_wconf 91' lang='lat' dir='ltr'>videtur,</span> <span class='ocrx_word' id='word_1_129' title='bbox 2933 1772 2992 1833; x_wconf 90' lang='lat' dir='ltr'>si</span> <span class='ocrx_word' id='word_1_130' title='bbox 3032 1776 3175 1833; x_wconf 89' lang='lat' dir='ltr'>tam</span> 
     </span>
     <span class='ocr_line' id='line_1_15' title="bbox 184 1876 3178 1965; baseline 0.002 -28"><span class='ocrx_word' id='word_1_131' title='bbox 184 1876 597 1954; x_wconf 74' lang='lat' dir='ltr'>Episcopus,</span> <span class='ocrx_word' id='word_1_132' title='bbox 649 1892 852 1954; x_wconf 92' lang='lat' dir='ltr'>quam</span> <span class='ocrx_word' id='word_1_133' title='bbox 892 1876 1441 1954; x_wconf 83' lang='lat' dir='ltr'>Examinatores,</span> <span class='ocrx_word' id='word_1_134' title='bbox 1481 1876 1872 1965; x_wconf 85' lang='lat' dir='ltr'>coniunctis</span> <span class='ocrx_word' id='word_1_135' title='bbox 1912 1876 2190 1956; x_wconf 89' lang='lat' dir='ltr'>studiis,</span> <span class='ocrx_word' id='word_1_136' title='bbox 2232 1877 2620 1941; x_wconf 83' lang='lat' dir='ltr'>industriae</span> <span class='ocrx_word' id='word_1_137' title='bbox 2662 1894 2906 1941; x_wconf 91' lang='lat' dir='ltr'>nervos</span> <span class='ocrx_word' id='word_1_138' title='bbox 2946 1895 3178 1942; x_wconf 89' lang='lat' dir='ltr'>omnes</span> 
     </span>
     <span class='ocr_line' id='line_1_16' title="bbox 182 1983 3175 2062; baseline 0.002 -19"><span class='ocrx_word' id='word_1_139' title='bbox 182 1983 617 2046; x_wconf 82' lang='lat' dir='ltr'>intenderint</span> <span class='ocrx_word' id='word_1_140' title='bbox 644 1983 718 2044; x_wconf 91' lang='lat' dir='ltr'>in</span> <span class='ocrx_word' id='word_1_141' title='bbox 745 1983 1159 2046; x_wconf 73' lang='lat' dir='ltr'>conterenda</span> <span class='ocrx_word' id='word_1_142' title='bbox 1188 1984 1509 2046; x_wconf 85' lang='lat' dir='ltr'>concordi</span> <span class='ocrx_word' id='word_1_143' title='bbox 1546 1984 1805 2047; x_wconf 88' lang='lat' dir='ltr'>iudicio</span> <span class='ocrx_word' id='word_1_144' title='bbox 1832 1984 2145 2047; x_wconf 85' lang='lat' dir='ltr'>Ecclesia</span> <span class='ocrx_word' id='word_1_145' title='bbox 2171 2000 2524 2062; x_wconf 81' lang='lat' dir='ltr'>personae,</span> <span class='ocrx_word' id='word_1_146' title='bbox 2557 2002 2731 2062; x_wconf 88' lang='lat' dir='ltr'>quae</span> <span class='ocrx_word' id='word_1_147' title='bbox 2765 1984 2929 2048; x_wconf 92' lang='lat' dir='ltr'>licet</span> <span class='ocrx_word' id='word_1_148' title='bbox 2965 1987 3175 2049; x_wconf 90' lang='lat' dir='ltr'>scien·</span> 
     </span>
     <span class='ocr_line' id='line_1_17' title="bbox 184 2089 3178 2170; baseline 0.002 -18"><span class='ocrx_word' id='word_1_149' title='bbox 184 2090 315 2169; x_wconf 86' lang='lat' dir='ltr'>tia,</span> <span class='ocrx_word' id='word_1_150' title='bbox 368 2095 441 2154; x_wconf 87' lang='lat' dir='ltr'>et</span> <span class='ocrx_word' id='word_1_151' title='bbox 479 2089 740 2153; x_wconf 89' lang='lat' dir='ltr'>litteris</span> <span class='ocrx_word' id='word_1_152' title='bbox 778 2091 984 2154; x_wconf 87' lang='lat' dir='ltr'>alteri</span> <span class='ocrx_word' id='word_1_153' title='bbox 1026 2091 1377 2169; x_wconf 88' lang='lat' dir='ltr'>concedat,</span> <span class='ocrx_word' id='word_1_154' title='bbox 1420 2091 1666 2153; x_wconf 86' lang='lat' dir='ltr'>maiori</span> <span class='ocrx_word' id='word_1_155' title='bbox 1705 2095 1937 2154; x_wconf 88' lang='lat' dir='ltr'>tamen</span> <span class='ocrx_word' id='word_1_156' title='bbox 1976 2095 2403 2155; x_wconf 87' lang='lat' dir='ltr'>caeterarum</span> <span class='ocrx_word' id='word_1_157' title='bbox 2455 2092 2872 2170; x_wconf 87' lang='lat' dir='ltr'>qualitatum</span> <span class='ocrx_word' id='word_1_158' title='bbox 2923 2093 3178 2157; x_wconf 89' lang='lat' dir='ltr'>eminet</span> 
     </span>
     <span class='ocr_line' id='line_1_18' title="bbox 178 2198 3174 2277; baseline 0.001 -18"><span class='ocrx_word' id='word_1_159' title='bbox 178 2201 611 2273; x_wconf 88' lang='lat' dir='ltr'>ornamento;</span> <span class='ocrx_word' id='word_1_160' title='bbox 656 2198 989 2275; x_wconf 90' lang='lat' dir='ltr'>siquidem</span> <span class='ocrx_word' id='word_1_161' title='bbox 1035 2198 1487 2277; x_wconf 83' lang='lat' dir='ltr'>postpositus,</span> <span class='ocrx_word' id='word_1_162' title='bbox 1534 2215 1698 2262; x_wconf 90' lang='lat' dir='ltr'>suae</span> <span class='ocrx_word' id='word_1_163' title='bbox 1741 2198 2029 2261; x_wconf 84' lang='lat' dir='ltr'>nimium</span> <span class='ocrx_word' id='word_1_164' title='bbox 2074 2199 2290 2261; x_wconf 84' lang='lat' dir='ltr'>fidens</span> <span class='ocrx_word' id='word_1_165' title='bbox 2334 2199 2714 2277; x_wconf 87' lang='lat' dir='ltr'>doctrinae,</span> <span class='ocrx_word' id='word_1_166' title='bbox 2770 2200 2858 2262; x_wconf 89' lang='lat' dir='ltr'>ab</span> <span class='ocrx_word' id='word_1_167' title='bbox 2901 2199 3174 2263; x_wconf 88' lang='lat' dir='ltr'>irratio·</span> 
     </span>
     <span class='ocr_line' id='line_1_19' title="bbox 178 2304 3179 2385; baseline 0.001 -19"><span class='ocrx_word' id='word_1_168' title='bbox 178 2305 406 2367; x_wconf 89' lang='lat' dir='ltr'>nabili</span> <span class='ocrx_word' id='word_1_169' title='bbox 447 2304 707 2368; x_wconf 90' lang='lat' dir='ltr'>iudicio</span> <span class='ocrx_word' id='word_1_170' title='bbox 743 2305 1066 2384; x_wconf 81' lang='lat' dir='ltr'>Episcopi</span> <span class='ocrx_word' id='word_1_171' title='bbox 1110 2322 1248 2368; x_wconf 91' lang='lat' dir='ltr'>non</span> <span class='ocrx_word' id='word_1_172' title='bbox 1284 2321 1443 2368; x_wconf 90' lang='lat' dir='ltr'>raro</span> <span class='ocrx_word' id='word_1_173' title='bbox 1479 2304 1808 2383; x_wconf 82' lang='lat' dir='ltr'>appellat3</span> <span class='ocrx_word' id='word_1_174' title='bbox 1851 2323 2193 2384; x_wconf 79' lang='lat' dir='ltr'>causaque</span> <span class='ocrx_word' id='word_1_175' title='bbox 2230 2307 2319 2368; x_wconf 86' lang='lat' dir='ltr'>ad</span> <span class='ocrx_word' id='word_1_176' title='bbox 2355 2306 2650 2370; x_wconf 89' lang='lat' dir='ltr'>iudicem</span> <span class='ocrx_word' id='word_1_177' title='bbox 2685 2305 3179 2385; x_wconf 83' lang='lat' dir='ltr'>appellationis</span> 
     </span>
     <span class='ocr_line' id='line_1_20' title="bbox 174 2412 3177 2493; baseline 0.001 -18"><span class='ocrx_word' id='word_1_178' title='bbox 174 2412 445 2489; x_wconf 86' lang='lat' dir='ltr'>delata,</span> <span class='ocrx_word' id='word_1_179' title='bbox 471 2412 652 2476; x_wconf 91' lang='lat' dir='ltr'>idem</span> <span class='ocrx_word' id='word_1_180' title='bbox 684 2415 877 2475; x_wconf 89' lang='lat' dir='ltr'>totus</span> <span class='ocrx_word' id='word_1_181' title='bbox 901 2413 1107 2475; x_wconf 88' lang='lat' dir='ltr'>estin</span> <span class='ocrx_word' id='word_1_182' title='bbox 1138 2412 1591 2490; x_wconf 89' lang='lat' dir='ltr'>perquirenda</span> <span class='ocrx_word' id='word_1_183' title='bbox 1615 2412 1860 2475; x_wconf 89' lang='lat' dir='ltr'>maiori</span> <span class='ocrx_word' id='word_1_184' title='bbox 1891 2413 2232 2492; x_wconf 90' lang='lat' dir='ltr'>doctrina,</span> <span class='ocrx_word' id='word_1_185' title='bbox 2261 2431 2343 2476; x_wconf 90' lang='lat' dir='ltr'>ac</span> <span class='ocrx_word' id='word_1_186' title='bbox 2370 2415 2760 2492; x_wconf 88' lang='lat' dir='ltr'>reparando</span> <span class='ocrx_word' id='word_1_187' title='bbox 2782 2415 3177 2493; x_wconf 83' lang='lat' dir='ltr'>gravamine</span> 
     </span>
     <span class='ocr_line' id='line_1_21' title="bbox 177 2518 3177 2601; baseline 0.002 -21"><span class='ocrx_word' id='word_1_188' title='bbox 177 2521 504 2582; x_wconf 86' lang='lat' dir='ltr'>litterato</span> <span class='ocrx_word' id='word_1_189' title='bbox 546 2520 801 2582; x_wconf 87' lang='lat' dir='ltr'>bomini</span> <span class='ocrx_word' id='word_1_190' title='bbox 842 2520 1176 2599; x_wconf 86' lang='lat' dir='ltr'>irrogato,</span> <span class='ocrx_word' id='word_1_191' title='bbox 1230 2537 1566 2598; x_wconf 87' lang='lat' dir='ltr'>nusquam</span> <span class='ocrx_word' id='word_1_192' title='bbox 1609 2518 1865 2583; x_wconf 88' lang='lat' dir='ltr'>librato</span> <span class='ocrx_word' id='word_1_193' title='bbox 1906 2519 2202 2583; x_wconf 87' lang='lat' dir='ltr'>aliarum</span> <span class='ocrx_word' id='word_1_194' title='bbox 2246 2520 2583 2584; x_wconf 87' lang='lat' dir='ltr'>virtutum</span> <span class='ocrx_word' id='word_1_195' title='bbox 2638 2522 2958 2601; x_wconf 85' lang='lat' dir='ltr'>pondere,</span> <span class='ocrx_word' id='word_1_196' title='bbox 3003 2538 3177 2600; x_wconf 91' lang='lat' dir='ltr'>quae</span> 
     </span>
     <span class='ocr_line' id='line_1_22' title="bbox 172 2625 3175 2706; baseline 0.001 -18"><span class='ocrx_word' id='word_1_197' title='bbox 172 2630 257 2688; x_wconf 88' lang='lat' dir='ltr'>in</span> <span class='ocrx_word' id='word_1_198' title='bbox 290 2625 688 2704; x_wconf 85' lang='lat' dir='ltr'>appellante</span> <span class='ocrx_word' id='word_1_199' title='bbox 719 2627 1241 2690; x_wconf 83' lang='lat' dir='ltr'>desiderantur:</span> <span class='ocrx_word' id='word_1_200' title='bbox 1282 2626 1650 2705; x_wconf 76' lang='lat' dir='ltr'>lugeatque</span> <span class='ocrx_word' id='word_1_201' title='bbox 1680 2632 1763 2690; x_wconf 91' lang='lat' dir='ltr'>ut</span> <span class='ocrx_word' id='word_1_202' title='bbox 1794 2627 2165 2706; x_wconf 87' lang='lat' dir='ltr'>plurimum</span> <span class='ocrx_word' id='word_1_203' title='bbox 2199 2626 2439 2706; x_wconf 88' lang='lat' dir='ltr'>vigiles</span> <span class='ocrx_word' id='word_1_204' title='bbox 2472 2629 2935 2692; x_wconf 86' lang='lat' dir='ltr'>Ecclesiamm</span> <span class='ocrx_word' id='word_1_205' title='bbox 2978 2630 3175 2692; x_wconf 84' lang='lat' dir='ltr'>Anti·</span> 
     </span>
     <span class='ocr_line' id='line_1_23' title="bbox 176 2734 3172 2814; baseline 0.001 -18"><span class='ocrx_word' id='word_1_206' title='bbox 176 2734 395 2796; x_wconf 90' lang='lat' dir='ltr'>stites</span> <span class='ocrx_word' id='word_1_207' title='bbox 438 2734 699 2797; x_wconf 89' lang='lat' dir='ltr'>exitum</span> <span class='ocrx_word' id='word_1_208' title='bbox 746 2734 1137 2796; x_wconf 89' lang='lat' dir='ltr'>huiusmodi</span> <span class='ocrx_word' id='word_1_209' title='bbox 1197 2734 1710 2812; x_wconf 89' lang='lat' dir='ltr'>appellationis,</span> <span class='ocrx_word' id='word_1_210' title='bbox 1761 2735 2134 2812; x_wconf 91' lang='lat' dir='ltr'>intimeque</span> <span class='ocrx_word' id='word_1_211' title='bbox 2193 2734 2452 2813; x_wconf 90' lang='lat' dir='ltr'>dolent,</span> <span class='ocrx_word' id='word_1_212' title='bbox 2504 2736 2868 2814; x_wconf 84' lang='lat' dir='ltr'>parochias</span> <span class='ocrx_word' id='word_1_213' title='bbox 2926 2737 3172 2813; x_wconf 87' lang='lat' dir='ltr'>doctis,</span> 
     </span>
     <span class='ocr_line' id='line_1_24' title="bbox 173 2841 2372 2920; baseline 0 -17"><span class='ocrx_word' id='word_1_214' title='bbox 173 2859 325 2904; x_wconf 90' lang='lat' dir='ltr'>non</span> <span class='ocrx_word' id='word_1_215' title='bbox 360 2841 551 2920; x_wconf 89' lang='lat' dir='ltr'>aptis</span> <span class='ocrx_word' id='word_1_216' title='bbox 583 2842 1012 2920; x_wconf 87' lang='lat' dir='ltr'>Pastoribus,</span> <span class='ocrx_word' id='word_1_217' title='bbox 1060 2846 1142 2905; x_wconf 91' lang='lat' dir='ltr'>ut</span> <span class='ocrx_word' id='word_1_218' title='bbox 1177 2842 1437 2904; x_wconf 90' lang='lat' dir='ltr'>dictum</span> <span class='ocrx_word' id='word_1_219' title='bbox 1474 2846 1606 2919; x_wconf 87' lang='lat' dir='ltr'>est,</span> <span class='ocrx_word' id='word_1_220' title='bbox 1644 2843 1979 2920; x_wconf 83' lang='lat' dir='ltr'>regendas</span> <span class='ocrx_word' id='word_1_221' title='bbox 2012 2842 2372 2905; x_wconf 89' lang='lat' dir='ltr'>committi.</span> 
     </span>
    </p>

    <p class='ocr_par' dir='ltr' id='par_1_4' title="bbox 162 2949 3178 3771">
     <span class='ocr_line' id='line_1_25' title="bbox 376 2949 3178 3030; baseline 0.001 -19"><span class='ocrx_word' id='word_1_222' title='bbox 376 2951 407 3026; x_wconf 65' lang='grc' dir='ltr'><strong>ξ</strong></span> <span class='ocrx_word' id='word_1_223' title='bbox 453 2950 556 3013; x_wconf 89' lang='grc'>13.</span> <span class='ocrx_word' id='word_1_224' title='bbox 604 2952 700 3013; x_wconf 85' lang='grc' dir='ltr'>Α1</span> <span class='ocrx_word' id='word_1_225' title='bbox 733 2951 793 3012; x_wconf 87' lang='grc'>31</span> <span class='ocrx_word' id='word_1_226' title='bbox 829 2951 1034 3013; x_wconf 88' lang='lat' dir='ltr'>iudex</span> <span class='ocrx_word' id='word_1_227' title='bbox 1066 2951 1275 3013; x_wconf 91' lang='lat' dir='ltr'>etia-m</span> <span class='ocrx_word' id='word_1_228' title='bbox 1305 2949 1796 3029; x_wconf 86' lang='lat' dir='ltr'>appellationis</span> <span class='ocrx_word' id='word_1_229' title='bbox 1833 2950 2039 3027; x_wconf 90' lang='lat' dir='ltr'>(quod</span> <span class='ocrx_word' id='word_1_230' title='bbox 2079 2967 2237 3013; x_wconf 89' lang='lat' dir='ltr'>raro</span> <span class='ocrx_word' id='word_1_231' title='bbox 2267 2951 2516 3030; x_wconf 89' lang='lat' dir='ltr'>evenit)</span> <span class='ocrx_word' id='word_1_232' title='bbox 2559 2956 2834 3014; x_wconf 90' lang='lat' dir='ltr'>tantum</span> <span class='ocrx_word' id='word_1_233' title='bbox 2862 2952 3178 3016; x_wconf 89' lang='lat' dir='ltr'>tribuens</span> 
     </span>
     <span class='ocr_line' id='line_1_26' title="bbox 170 3057 3177 3137; baseline 0 -17"><span class='ocrx_word' id='word_1_234' title='bbox 170 3059 541 3135; x_wconf 86' lang='lat' dir='ltr'>scientiae,</span> <span class='ocrx_word' id='word_1_235' title='bbox 582 3062 914 3135; x_wconf 87' lang='lat' dir='ltr'>quantum</span> <span class='ocrx_word' id='word_1_236' title='bbox 954 3059 1153 3133; x_wconf 78' lang='lat' dir='ltr'>satis,</span> <span class='ocrx_word' id='word_1_237' title='bbox 1193 3058 1463 3135; x_wconf 86' lang='lat' dir='ltr'>maiori,</span> <span class='ocrx_word' id='word_1_238' title='bbox 1504 3062 1576 3121; x_wconf 92' lang='lat' dir='ltr'>et</span> <span class='ocrx_word' id='word_1_239' title='bbox 1613 3057 2030 3121; x_wconf 79' lang='lat' dir='ltr'>accuratiori</span> <span class='ocrx_word' id='word_1_240' title='bbox 2077 3058 2388 3122; x_wconf 83' lang='lat' dir='ltr'>examine</span> <span class='ocrx_word' id='word_1_241' title='bbox 2424 3059 2757 3137; x_wconf 87' lang='lat' dir='ltr'>inquirat,</span> <span class='ocrx_word' id='word_1_242' title='bbox 2800 3059 2916 3137; x_wconf 92' lang='lat' dir='ltr'>qui</span> <span class='ocrx_word' id='word_1_243' title='bbox 2956 3076 3177 3124; x_wconf 90' lang='lat' dir='ltr'>mores</span> 
     </span>
     <span class='ocr_line' id='line_1_27' title="bbox 170 3165 3177 3245; baseline 0.001 -19"><span class='ocrx_word' id='word_1_244' title='bbox 170 3165 538 3227; x_wconf 85' lang='lat' dir='ltr'>hominum</span> <span class='ocrx_word' id='word_1_245' title='bbox 598 3166 764 3241; x_wconf 88' lang='lat' dir='ltr'>sint,</span> <span class='ocrx_word' id='word_1_246' title='bbox 814 3182 989 3243; x_wconf 86' lang='lat' dir='ltr'>quae</span> <span class='ocrx_word' id='word_1_247' title='bbox 1043 3166 1376 3244; x_wconf 82' lang='lat' dir='ltr'>gravitas,</span> <span class='ocrx_word' id='word_1_248' title='bbox 1429 3165 1821 3244; x_wconf 88' lang='lat' dir='ltr'>prudentia,</span> <span class='ocrx_word' id='word_1_249' title='bbox 1871 3166 1988 3243; x_wconf 95' lang='lat' dir='ltr'>qui</span> <span class='ocrx_word' id='word_1_250' title='bbox 2041 3166 2342 3244; x_wconf 89' lang='lat' dir='ltr'>suscepti</span> <span class='ocrx_word' id='word_1_251' title='bbox 2401 3169 2611 3229; x_wconf 82' lang='lat' dir='ltr'>antea</span> <span class='ocrx_word' id='word_1_252' title='bbox 2662 3165 2953 3245; x_wconf 90' lang='lat' dir='ltr'>labores,</span> <span class='ocrx_word' id='word_1_253' title='bbox 3004 3183 3177 3244; x_wconf 82' lang='lat' dir='ltr'>quae</span> 
     </span>
     <span class='ocr_line' id='line_1_28' title="bbox 168 3273 3171 3353; baseline 0.001 -18"><span class='ocrx_word' id='word_1_254' title='bbox 168 3274 527 3335; x_wconf 80' lang='lat' dir='ltr'>virtutum</span> <span class='ocrx_word' id='word_1_255' title='bbox 560 3273 956 3351; x_wconf 88' lang='lat' dir='ltr'>specimina,</span> <span class='ocrx_word' id='word_1_256' title='bbox 991 3289 1164 3351; x_wconf 88' lang='lat' dir='ltr'>quae</span> <span class='ocrx_word' id='word_1_257' title='bbox 1204 3274 1470 3336; x_wconf 90' lang='lat' dir='ltr'>demum</span> <span class='ocrx_word' id='word_1_258' title='bbox 1505 3274 1728 3336; x_wconf 90' lang='lat' dir='ltr'>totius</span> <span class='ocrx_word' id='word_1_259' title='bbox 1758 3277 2121 3336; x_wconf 84' lang='lat' dir='ltr'>anteactae</span> <span class='ocrx_word' id='word_1_260' title='bbox 2152 3274 2336 3339; x_wconf 84' lang='lat' dir='ltr'>vitae</span> <span class='ocrx_word' id='word_1_261' title='bbox 2369 3273 2578 3351; x_wconf 82' lang='lat' dir='ltr'>ratio,</span> <span class='ocrx_word' id='word_1_262' title='bbox 2614 3275 2953 3352; x_wconf 87' lang='lat' dir='ltr'>pascendo</span> <span class='ocrx_word' id='word_1_263' title='bbox 2985 3276 3171 3353; x_wconf 81' lang='lat' dir='ltr'>gregi</span> 
     </span>
     <span class='ocr_line' id='line_1_29' title="bbox 164 3379 3178 3458; baseline 0.001 -16"><span class='ocrx_word' id='word_1_264' title='bbox 164 3383 686 3443; x_wconf 87' lang='lat' dir='ltr'>consentanea:</span> <span class='ocrx_word' id='word_1_265' title='bbox 738 3384 849 3443; x_wconf 92' lang='lat' dir='ltr'>tot</span> <span class='ocrx_word' id='word_1_266' title='bbox 891 3380 1103 3443; x_wconf 90' lang='lat' dir='ltr'>iudici</span> <span class='ocrx_word' id='word_1_267' title='bbox 1157 3381 1567 3444; x_wconf 82' lang='lat' dir='ltr'>exhibentur</span> <span class='ocrx_word' id='word_1_268' title='bbox 1605 3381 2092 3443; x_wconf 86' lang='lat' dir='ltr'>attestationes</span> <span class='ocrx_word' id='word_1_269' title='bbox 2134 3382 2221 3442; x_wconf 88' lang='lat' dir='ltr'>ab</span> <span class='ocrx_word' id='word_1_270' title='bbox 2265 3379 2661 3458; x_wconf 73' lang='lat' dir='ltr'>appellante</span> <span class='ocrx_word' id='word_1_271' title='bbox 2701 3399 2784 3444; x_wconf 87' lang='lat' dir='ltr'>ex</span> <span class='ocrx_word' id='word_1_272' title='bbox 2827 3382 3178 3445; x_wconf 90' lang='lat' dir='ltr'>industria</span> 
     </span>
     <span class='ocr_line' id='line_1_30' title="bbox 165 3488 3178 3568; baseline 0 -18"><span class='ocrx_word' id='word_1_273' title='bbox 165 3488 537 3565; x_wconf 83' lang='lat' dir='ltr'>collectae,</span> <span class='ocrx_word' id='word_1_274' title='bbox 568 3493 671 3565; x_wconf 89' lang='lat' dir='ltr'>ut,</span> <span class='ocrx_word' id='word_1_275' title='bbox 702 3490 1019 3550; x_wconf 89' lang='lat' dir='ltr'>revocato</span> <span class='ocrx_word' id='word_1_276' title='bbox 1045 3488 1442 3566; x_wconf 88' lang='lat' dir='ltr'>Episcopali</span> <span class='ocrx_word' id='word_1_277' title='bbox 1471 3488 1751 3565; x_wconf 90' lang='lat' dir='ltr'>iudicio,</span> <span class='ocrx_word' id='word_1_278' title='bbox 1782 3491 2132 3565; x_wconf 88' lang='lat' dir='ltr'>tamquam</span> <span class='ocrx_word' id='word_1_279' title='bbox 2162 3488 2655 3568; x_wconf 78' lang='lat' dir='ltr'>irrationabili,</span> <span class='ocrx_word' id='word_1_280' title='bbox 2693 3506 2830 3551; x_wconf 91' lang='lat' dir='ltr'>non</span> <span class='ocrx_word' id='word_1_281' title='bbox 2857 3493 3178 3553; x_wconf 84' lang='lat' dir='ltr'>vereatur</span> 
     </span>
     <span class='ocr_line' id='line_1_31' title="bbox 162 3595 3174 3675; baseline 0.001 -18"><span class='ocrx_word' id='word_1_282' title='bbox 162 3596 394 3657; x_wconf 88' lang='lat' dir='ltr'>index</span> <span class='ocrx_word' id='word_1_283' title='bbox 425 3612 820 3660; x_wconf 87' lang='lat' dir='ltr'>succurrere</span> <span class='ocrx_word' id='word_1_284' title='bbox 860 3595 1073 3659; x_wconf 89' lang='lat' dir='ltr'>eidem</span> <span class='ocrx_word' id='word_1_285' title='bbox 1108 3595 1515 3673; x_wconf 87' lang='lat' dir='ltr'>appella-nti,</span> <span class='ocrx_word' id='word_1_286' title='bbox 1558 3613 1753 3672; x_wconf 91' lang='lat' dir='ltr'>quem</span> <span class='ocrx_word' id='word_1_287' title='bbox 1786 3599 1932 3657; x_wconf 87' lang='lat' dir='ltr'>tam</span> <span class='ocrx_word' id='word_1_288' title='bbox 1962 3596 2263 3674; x_wconf 84' lang='lat' dir='ltr'>copiosa,</span> <span class='ocrx_word' id='word_1_289' title='bbox 2299 3600 2576 3673; x_wconf 84' lang='lat' dir='ltr'>tamque</span> <span class='ocrx_word' id='word_1_290' title='bbox 2616 3596 2988 3675; x_wconf 91' lang='lat' dir='ltr'>conspicua</span> <span class='ocrx_word' id='word_1_291' title='bbox 3023 3613 3174 3675; x_wconf 92' lang='lat' dir='ltr'>pro·</span> 
     </span>
     <span class='ocr_line' id='line_1_32' title="bbox 165 3702 2900 3771; baseline 0.003 -8"><span class='ocrx_word' id='word_1_292' title='bbox 165 3702 436 3765; x_wconf 85' lang='lat' dir='ltr'>bitatis</span> <span class='ocrx_word' id='word_1_293' title='bbox 465 3702 799 3765; x_wconf 83' lang='lat' dir='ltr'>adiuvant</span> <span class='ocrx_word' id='word_1_294' title='bbox 842 3704 1269 3766; x_wconf 88' lang='lat' dir='ltr'>documenta.</span> <span class='ocrx_word' id='word_1_295' title='bbox 2896 3767 2900 3771; x_wconf 86' lang='lat'><em>.</em></span> 
     </span>
    </p>

    <p class='ocr_par' dir='ltr' id='par_1_5' title="bbox 153 3808 3179 4858">
     <span class='ocr_line' id='line_1_33' title="bbox 377 3808 3175 3889; baseline 0.001 -19"><span class='ocrx_word' id='word_1_296' title='bbox 377 3809 408 3885; x_wconf 64' lang='lat'><strong>5</strong></span> <span class='ocrx_word' id='word_1_297' title='bbox 454 3811 556 3872; x_wconf 82' lang='lat'>14.</span> <span class='ocrx_word' id='word_1_298' title='bbox 606 3808 890 3872; x_wconf 91' lang='lat' dir='ltr'>Demum</span> <span class='ocrx_word' id='word_1_299' title='bbox 925 3827 1078 3872; x_wconf 91' lang='lat' dir='ltr'>cum</span> <span class='ocrx_word' id='word_1_300' title='bbox 1116 3810 1480 3888; x_wconf 86' lang='lat' dir='ltr'>praecipue</span> <span class='ocrx_word' id='word_1_301' title='bbox 1515 3810 1902 3889; x_wconf 87' lang='lat' dir='ltr'>Episcopis,</span> <span class='ocrx_word' id='word_1_302' title='bbox 1940 3813 2265 3887; x_wconf 88' lang='lat' dir='ltr'>tanquam</span> <span class='ocrx_word' id='word_1_303' title='bbox 2314 3810 2387 3871; x_wconf 91' lang='lat' dir='ltr'>in</span> <span class='ocrx_word' id='word_1_304' title='bbox 2425 3812 2702 3888; x_wconf 91' lang='lat' dir='ltr'>specula</span> <span class='ocrx_word' id='word_1_305' title='bbox 2747 3812 3175 3887; x_wconf 88' lang='lat' dir='ltr'>constitutis,</span> 
     </span>
     <span class='ocr_line' id='line_1_34' title="bbox 162 3914 3179 3999; baseline 0.002 -19"><span class='ocrx_word' id='word_1_306' title='bbox 162 3921 477 3998; x_wconf 81' lang='lat' dir='ltr'>pateant</span> <span class='ocrx_word' id='word_1_307' title='bbox 518 3918 948 3981; x_wconf 86' lang='lat' dir='ltr'>subditorum</span> <span class='ocrx_word' id='word_1_308' title='bbox 995 3935 1333 3993; x_wconf 86' lang='lat' dir='ltr'>excessus,</span> <span class='ocrx_word' id='word_1_309' title='bbox 1373 3918 1769 3994; x_wconf 84' lang='lat' dir='ltr'>contingere</span> <span class='ocrx_word' id='word_1_310' title='bbox 1807 3914 2005 3993; x_wconf 88' lang='lat' dir='ltr'>solet,</span> <span class='ocrx_word' id='word_1_311' title='bbox 2048 3920 2129 3991; x_wconf 72' lang='lat' dir='ltr'>ut</span> <span class='ocrx_word' id='word_1_312' title='bbox 2164 3917 2238 3977; x_wconf 90' lang='lat' dir='ltr'>in</span> <span class='ocrx_word' id='word_1_313' title='bbox 2278 3934 2639 3996; x_wconf 86' lang='lat' dir='ltr'>concursu,</span> <span class='ocrx_word' id='word_1_314' title='bbox 2681 3923 2825 3980; x_wconf 87' lang='lat' dir='ltr'>tam</span> <span class='ocrx_word' id='word_1_315' title='bbox 2866 3921 3179 3999; x_wconf 89' lang='lat' dir='ltr'>inspecta</span> 
     </span>
     <span class='ocr_line' id='line_1_35' title="bbox 160 4023 3178 4104; baseline 0.001 -15"><span class='ocrx_word' id='word_1_316' title='bbox 160 4024 505 4103; x_wconf 77' lang='lat' dir='ltr'>scientia,</span> <span class='ocrx_word' id='word_1_317' title='bbox 533 4041 734 4102; x_wconf 90' lang='lat' dir='ltr'>quam</span> <span class='ocrx_word' id='word_1_318' title='bbox 761 4025 1088 4091; x_wconf 85' lang='lat' dir='ltr'>moribus.</span> <span class='ocrx_word' id='word_1_319' title='bbox 1121 4025 1242 4089; x_wconf 87' lang='lat' dir='ltr'>ilie</span> <span class='ocrx_word' id='word_1_320' title='bbox 1269 4027 1552 4089; x_wconf 87' lang='lat' dir='ltr'>idoneus</span> <span class='ocrx_word' id='word_1_321' title='bbox 1577 4025 1663 4087; x_wconf 90' lang='lat' dir='ltr'>ab</span> <span class='ocrx_word' id='word_1_322' title='bbox 1691 4023 2303 4088; x_wconf 87' lang='lat' dir='ltr'>Examinatoribus</span> <span class='ocrx_word' id='word_1_323' title='bbox 2334 4025 2797 4104; x_wconf 88' lang='lat' dir='ltr'>renuntietur,</span> <span class='ocrx_word' id='word_1_324' title='bbox 2828 4028 2941 4090; x_wconf 88' lang='lat' dir='ltr'>cui</span> <span class='ocrx_word' id='word_1_325' title='bbox 2975 4029 3178 4093; x_wconf 81' lang='lat' dir='ltr'>foeda</span> 
     </span>
     <span class='ocr_line' id='line_1_36' title="bbox 159 4131 3175 4215; baseline 0.001 -18"><span class='ocrx_word' id='word_1_326' title='bbox 159 4133 427 4210; x_wconf 84' lang='lat' dir='ltr'>aliqua</span> <span class='ocrx_word' id='word_1_327' title='bbox 461 4133 616 4195; x_wconf 90' lang='lat' dir='ltr'>vitii</span> <span class='ocrx_word' id='word_1_328' title='bbox 654 4131 865 4206; x_wconf 86' lang='lat' dir='ltr'>labes,</span> <span class='ocrx_word' id='word_1_329' title='bbox 903 4151 984 4195; x_wconf 87' lang='lat' dir='ltr'>ac</span> <span class='ocrx_word' id='word_1_330' title='bbox 1020 4133 1342 4195; x_wconf 45' lang='lat' dir='ltr'>criminis,</span> <span class='ocrx_word' id='word_1_331' title='bbox 1364 4132 1632 4195; x_wconf 86' lang='lat' dir='ltr'>macula</span> <span class='ocrx_word' id='word_1_332' title='bbox 1668 4133 1907 4195; x_wconf 89' lang='lat' dir='ltr'>inusta</span> <span class='ocrx_word' id='word_1_333' title='bbox 1942 4132 2059 4211; x_wconf 86' lang='lat' dir='ltr'>sit,</span> <span class='ocrx_word' id='word_1_334' title='bbox 2109 4132 2445 4209; x_wconf 81' lang='lat' dir='ltr'>omnibus,</span> <span class='ocrx_word' id='word_1_335' title='bbox 2494 4139 2973 4212; x_wconf 88' lang='lat' dir='ltr'>praeterquam</span> <span class='ocrx_word' id='word_1_336' title='bbox 3016 4138 3175 4215; x_wconf 89' lang='lat' dir='ltr'>Epi-</span> 
     </span>
     <span class='ocr_line' id='line_1_37' title="bbox 160 4213 3173 4319; baseline 0.001 -16"><span class='ocrx_word' id='word_1_337' title='bbox 160 4257 420 4317; x_wconf 82' lang='lat' dir='ltr'>scopo,</span> <span class='ocrx_word' id='word_1_338' title='bbox 470 4213 763 4303; x_wconf 77' lang='lat' dir='ltr'>occulta.</span> <span class='ocrx_word' id='word_1_339' title='bbox 831 4241 905 4302; x_wconf 84' lang='lat' dir='ltr'>Si</span> <span class='ocrx_word' id='word_1_340' title='bbox 955 4242 1361 4318; x_wconf 85' lang='lat' dir='ltr'>Episcopus,</span> <span class='ocrx_word' id='word_1_341' title='bbox 1410 4241 1599 4302; x_wconf 86' lang='lat' dir='ltr'>iusta</span> <span class='ocrx_word' id='word_1_342' title='bbox 1650 4241 1980 4302; x_wconf 89' lang='lat' dir='ltr'>suadente</span> <span class='ocrx_word' id='word_1_343' title='bbox 2027 4257 2261 4317; x_wconf 85' lang='lat' dir='ltr'>causa,</span> <span class='ocrx_word' id='word_1_344' title='bbox 2312 4240 2597 4303; x_wconf 90' lang='lat' dir='ltr'>crimine</span> <span class='ocrx_word' id='word_1_345' title='bbox 2658 4258 2795 4302; x_wconf 92' lang='lat' dir='ltr'>non</span> <span class='ocrx_word' id='word_1_346' title='bbox 2848 4243 3173 4319; x_wconf 89' lang='lat' dir='ltr'>revelato,</span> 
     </span>
     <span class='ocr_line' id='line_1_38' title="bbox 155 4346 3176 4429; baseline 0 -16"><span class='ocrx_word' id='word_1_347' title='bbox 155 4348 496 4413; x_wconf 83' lang='lat' dir='ltr'>eumdem</span> <span class='ocrx_word' id='word_1_348' title='bbox 530 4347 971 4410; x_wconf 86' lang='lat' dir='ltr'>criminosum</span> <span class='ocrx_word' id='word_1_349' title='bbox 1013 4348 1270 4409; x_wconf 85' lang='lat' dir='ltr'>tacitus</span> <span class='ocrx_word' id='word_1_350' title='bbox 1301 4348 1761 4429; x_wconf 89' lang='lat' dir='ltr'>praeterierit,</span> <span class='ocrx_word' id='word_1_351' title='bbox 1802 4346 2147 4424; x_wconf 89' lang='lat' dir='ltr'>aliumque</span> <span class='ocrx_word' id='word_1_352' title='bbox 2178 4347 2544 4411; x_wconf 89' lang='lat' dir='ltr'>immunem</span> <span class='ocrx_word' id='word_1_353' title='bbox 2578 4366 2621 4409; x_wconf 90' lang='lat' dir='ltr'>a</span> <span class='ocrx_word' id='word_1_354' title='bbox 2654 4349 2852 4412; x_wconf 91' lang='lat' dir='ltr'>sorde</span> <span class='ocrx_word' id='word_1_355' title='bbox 2884 4350 3176 4427; x_wconf 89' lang='lat' dir='ltr'>praeele-</span> 
     </span>
     <span class='ocr_line' id='line_1_39' title="bbox 156 4454 3176 4539; baseline -0 -18"><span class='ocrx_word' id='word_1_356' title='bbox 156 4456 394 4539; x_wconf 85' lang='lat' dir='ltr'>gerit,</span> <span class='ocrx_word' id='word_1_357' title='bbox 433 4454 624 4518; x_wconf 90' lang='lat' dir='ltr'>illico</span> <span class='ocrx_word' id='word_1_358' title='bbox 658 4457 1109 4534; x_wconf 88' lang='lat' dir='ltr'>postpositus,</span> <span class='ocrx_word' id='word_1_359' title='bbox 1142 4455 1467 4518; x_wconf 90' lang='lat' dir='ltr'>simulato</span> <span class='ocrx_word' id='word_1_360' title='bbox 1495 4454 1913 4534; x_wconf 85' lang='lat' dir='ltr'>gravamine,</span> <span class='ocrx_word' id='word_1_361' title='bbox 1955 4457 2281 4532; x_wconf 80' lang='lat' dir='ltr'>provocat</span> <span class='ocrx_word' id='word_1_362' title='bbox 2311 4455 2398 4518; x_wconf 82' lang='lat' dir='ltr'>ad</span> <span class='ocrx_word' id='word_1_363' title='bbox 2433 4456 2852 4534; x_wconf 88' lang='lat' dir='ltr'>superiorem</span> <span class='ocrx_word' id='word_1_364' title='bbox 2884 4457 3176 4522; x_wconf 86' lang='lat' dir='ltr'>iudicem</span> 
     </span>
     <span class='ocr_line' id='line_1_40' title="bbox 155 4561 3179 4643; baseline 0 -15"><span class='ocrx_word' id='word_1_365' title='bbox 155 4562 505 4628; x_wconf 85' lang='lat' dir='ltr'>criminis</span> <span class='ocrx_word' id='word_1_366' title='bbox 548 4563 890 4643; x_wconf 84' lang='lat' dir='ltr'>ignarum,</span> <span class='ocrx_word' id='word_1_367' title='bbox 948 4566 1021 4625; x_wconf 88' lang='lat' dir='ltr'>et</span> <span class='ocrx_word' id='word_1_368' title='bbox 1059 4565 1387 4625; x_wconf 86' lang='lat' dir='ltr'>consueto</span> <span class='ocrx_word' id='word_1_369' title='bbox 1431 4562 1720 4641; x_wconf 72' lang='lat' dir='ltr'>diffugio</span> <span class='ocrx_word' id='word_1_370' title='bbox 1765 4561 2277 4641; x_wconf 87' lang='lat' dir='ltr'>appellationis,</span> <span class='ocrx_word' id='word_1_371' title='bbox 2325 4562 2638 4625; x_wconf 87' lang='lat' dir='ltr'>evehitur</span> <span class='ocrx_word' id='word_1_372' title='bbox 2682 4563 2770 4625; x_wconf 89' lang='grc'>811</span> <span class='ocrx_word' id='word_1_373' title='bbox 2830 4564 3179 4642; x_wconf 86' lang='lat' dir='ltr'>pastorale</span> 
     </span>
     <span class='ocr_line' id='line_1_41' title="bbox 154 4669 3177 4750; baseline -0 -13"><span class='ocrx_word' id='word_1_374' title='bbox 154 4672 576 4750; x_wconf 76' lang='lat' dir='ltr'>fastigium,</span> <span class='ocrx_word' id='word_1_375' title='bbox 613 4672 728 4749; x_wconf 92' lang='lat' dir='ltr'>qui</span> <span class='ocrx_word' id='word_1_376' title='bbox 759 4673 1152 4749; x_wconf 88' lang='lat' dir='ltr'>non-potest</span> <span class='ocrx_word' id='word_1_377' title='bbox 1177 4671 1529 4735; x_wconf 86' lang='lat' dir='ltr'>consulere</span> <span class='ocrx_word' id='word_1_378' title='bbox 1564 4669 1841 4748; x_wconf 91' lang='lat' dir='ltr'>populo,</span> <span class='ocrx_word' id='word_1_379' title='bbox 1872 4670 1989 4733; x_wconf 85' lang='lat' dir='ltr'>sed</span> <span class='ocrx_word' id='word_1_380' title='bbox 2015 4686 2279 4746; x_wconf 89' lang='lat' dir='ltr'>nocere,</span> <span class='ocrx_word' id='word_1_381' title='bbox 2312 4687 2435 4734; x_wconf 88' lang='lat' dir='ltr'>nec</span> <span class='ocrx_word' id='word_1_382' title='bbox 2470 4674 2825 4748; x_wconf 84' lang='lat' dir='ltr'>praestare</span> <span class='ocrx_word' id='word_1_383' title='bbox 2853 4671 3177 4750; x_wconf 85' lang='lat' dir='ltr'>regimen.</span> 
     </span>
     <span class='ocr_line' id='line_1_42' title="bbox 153 4779 1016 4858; baseline -0.008 -11"><span class='ocrx_word' id='word_1_384' title='bbox 153 4782 307 4847; x_wconf 76' lang='lat' dir='ltr'>sed</span> <span class='ocrx_word' id='word_1_385' title='bbox 342 4795 595 4858; x_wconf 87' lang='lat' dir='ltr'>augere</span> <span class='ocrx_word' id='word_1_386' title='bbox 628 4779 1016 4841; x_wconf 87' lang='lat' dir='ltr'>discrimen.</span> 
     </span>
    </p>

    <p class='ocr_par' dir='ltr' id='par_1_6' title="bbox 146 4884 3185 5513">
     <span class='ocr_line' id='line_1_43' title="bbox 384 4884 3169 4967; baseline 0.002 -20"><span class='ocrx_word' id='word_1_387' title='bbox 384 4887 418 4962; x_wconf 56' lang='grc' dir='ltr'>ᾗ</span> <span class='ocrx_word' id='word_1_388' title='bbox 465 4886 568 4948; x_wconf 86' lang='grc'>15.</span> <span class='ocrx_word' id='word_1_389' title='bbox 615 4886 720 4951; x_wconf 82' lang='lat' dir='ltr'>Ns</span> <span class='ocrx_word' id='word_1_390' title='bbox 778 4886 999 4967; x_wconf 85' lang='lat' dir='ltr'>igitur</span> <span class='ocrx_word' id='word_1_391' title='bbox 1049 4885 1345 4962; x_wconf 85' lang='lat' dir='ltr'>improbi</span> <span class='ocrx_word' id='word_1_392' title='bbox 1394 4885 1654 4962; x_wconf 85' lang='lat' dir='ltr'>ingenii</span> <span class='ocrx_word' id='word_1_393' title='bbox 1708 4885 2015 4947; x_wconf 89' lang='lat' dir='ltr'>homines</span> <span class='ocrx_word' id='word_1_394' title='bbox 2076 4884 2447 4947; x_wconf 90' lang='lat' dir='ltr'>remedium</span> <span class='ocrx_word' id='word_1_395' title='bbox 2502 4885 3019 4963; x_wconf 84' lang='lat' dir='ltr'>appellationis,</span> <span class='ocrx_word' id='word_1_396' title='bbox 3070 4888 3169 4953; x_wconf 88' lang='lat' dir='ltr'>ad</span> 
     </span>
     <span class='ocr_line' id='line_1_44' title="bbox 151 4992 3174 5072; baseline -0.003 -9"><span class='ocrx_word' id='word_1_397' title='bbox 151 4996 510 5063; x_wconf 83' lang='lat' dir='ltr'>iustitiae</span> <span class='ocrx_word' id='word_1_398' title='bbox 538 4995 954 5072; x_wconf 87' lang='lat' dir='ltr'>praesidium</span> <span class='ocrx_word' id='word_1_399' title='bbox 990 4994 1417 5063; x_wconf 82' lang='lat' dir='ltr'>institutum,</span> <span class='ocrx_word' id='word_1_400' title='bbox 1446 4992 1696 5056; x_wconf 85' lang='lat' dir='ltr'>callide</span> <span class='ocrx_word' id='word_1_401' title='bbox 1730 4993 2103 5055; x_wconf 87' lang='lat' dir='ltr'>traducant</span> <span class='ocrx_word' id='word_1_402' title='bbox 2129 4992 2218 5055; x_wconf 91' lang='lat' dir='ltr'>ad</span> <span class='ocrx_word' id='word_1_403' title='bbox 2246 4992 2645 5070; x_wconf 86' lang='lat' dir='ltr'>iniquitatis</span> <span class='ocrx_word' id='word_1_404' title='bbox 2672 4993 3174 5057; x_wconf 75' lang='lat' dir='ltr'>defensionem:</span> 
     </span>
     <span class='ocr_line' id='line_1_45' title="bbox 150 5098 3180 5185; baseline -0.001 -15"><span class='ocrx_word' id='word_1_405' title='bbox 150 5104 528 5185; x_wconf 82' lang='lat' dir='ltr'>optimum</span> <span class='ocrx_word' id='word_1_406' title='bbox 575 5104 767 5165; x_wconf 81' lang='lat' dir='ltr'>factu</span> <span class='ocrx_word' id='word_1_407' title='bbox 812 5101 1160 5179; x_wconf 88' lang='lat' dir='ltr'>aliquibus</span> <span class='ocrx_word' id='word_1_408' title='bbox 1202 5101 1499 5163; x_wconf 81' lang='lat' dir='ltr'>fortasse</span> <span class='ocrx_word' id='word_1_409' title='bbox 1545 5100 1915 5176; x_wconf 87' lang='lat' dir='ltr'>videretur,</span> <span class='ocrx_word' id='word_1_410' title='bbox 1967 5100 2026 5162; x_wconf 91' lang='lat' dir='ltr'>si</span> <span class='ocrx_word' id='word_1_411' title='bbox 2083 5098 2548 5178; x_wconf 86' lang='lat' dir='ltr'>appellatione</span> <span class='ocrx_word' id='word_1_412' title='bbox 2594 5100 2834 5178; x_wconf 89' lang='lat' dir='ltr'>quavis</span> <span class='ocrx_word' id='word_1_413' title='bbox 2880 5101 3180 5168; x_wconf 86' lang='lat' dir='ltr'>subla-ta.</span> 
     </span>
     <span class='ocr_line' id='line_1_46' title="bbox 146 5206 3179 5289; baseline -0.003 -9"><span class='ocrx_word' id='word_1_414' title='bbox 146 5229 360 5280; x_wconf 84' lang='lat' dir='ltr'>cura</span> <span class='ocrx_word' id='word_1_415' title='bbox 405 5209 846 5289; x_wconf 86' lang='lat' dir='ltr'>praeficiendi</span> <span class='ocrx_word' id='word_1_416' title='bbox 897 5212 1196 5272; x_wconf 89' lang='lat' dir='ltr'>rectores</span> <span class='ocrx_word' id='word_1_417' title='bbox 1233 5209 1619 5272; x_wconf 87' lang='lat' dir='ltr'>animarum</span> <span class='ocrx_word' id='word_1_418' title='bbox 1662 5224 1948 5286; x_wconf 90' lang='lat' dir='ltr'>prorsus</span> <span class='ocrx_word' id='word_1_419' title='bbox 1988 5206 2493 5285; x_wconf 83' lang='lat' dir='ltr'>relinqueretur</span> <span class='ocrx_word' id='word_1_420' title='bbox 2542 5207 2929 5287; x_wconf 88' lang='lat' dir='ltr'>Episcopis,</span> <span class='ocrx_word' id='word_1_421' title='bbox 2958 5209 3179 5271; x_wconf 80' lang='lat' dir='ltr'>‘ratio-</span> 
     </span>
     <span class='ocr_line' id='line_1_47' title="bbox 148 5314 3185 5395; baseline 0 -16"><span class='ocrx_word' id='word_1_422' title='bbox 148 5338 343 5388; x_wconf 78' lang='lat' dir='ltr'>nem</span> <span class='ocrx_word' id='word_1_423' title='bbox 399 5317 847 5381; x_wconf 88' lang='lat' dir='ltr'>villicationis</span> <span class='ocrx_word' id='word_1_424' title='bbox 892 5334 1055 5380; x_wconf 89' lang='lat' dir='ltr'>suae</span> <span class='ocrx_word' id='word_1_425' title='bbox 1095 5316 1373 5380; x_wconf 85' lang='lat' dir='ltr'>Christo</span> <span class='ocrx_word' id='word_1_426' title='bbox 1414 5314 1627 5379; x_wconf 86' lang='lat' dir='ltr'>iudici</span> <span class='ocrx_word' id='word_1_427' title='bbox 1680 5319 1956 5378; x_wconf 90' lang='lat' dir='ltr'>tantum</span> <span class='ocrx_word' id='word_1_428' title='bbox 2000 5315 2400 5379; x_wconf 84' lang='lat' dir='ltr'>reddituris.</span> <span class='ocrx_word' id='word_1_429' title='bbox 2446 5316 2702 5379; x_wconf 89' lang='lat' dir='ltr'>Verum</span> <span class='ocrx_word' id='word_1_430' title='bbox 2745 5315 2938 5378; x_wconf 91' lang='lat' dir='ltr'>nullo</span> <span class='ocrx_word' id='word_1_431' title='bbox 2980 5320 3185 5395; x_wconf 89' lang='lat' dir='ltr'>pacto</span> 
     </span>
     <span class='ocr_line' id='line_1_48' title="bbox 151 5420 3184 5513; baseline -0.002 -22"><span class='ocrx_word' id='word_1_432' title='bbox 151 5429 487 5513; x_wconf 85' lang='lat' dir='ltr'>probare</span> <span class='ocrx_word' id='word_1_433' title='bbox 521 5424 592 5487; x_wconf 92' lang='lat' dir='ltr'>id</span> <span class='ocrx_word' id='word_1_434' title='bbox 630 5440 1016 5504; x_wconf 83' lang='lat' dir='ltr'>possumus.</span> <span class='ocrx_word' id='word_1_435' title='bbox 1074 5424 1254 5502; x_wconf 92' lang='lat' dir='ltr'>quod</span> <span class='ocrx_word' id='word_1_436' title='bbox 1313 5422 1799 5485; x_wconf 89' lang='lat' dir='ltr'>adversaretur</span> <span class='ocrx_word' id='word_1_437' title='bbox 1853 5423 2066 5486; x_wconf 90' lang='lat' dir='ltr'>menti</span> <span class='ocrx_word' id='word_1_438' title='bbox 2134 5420 2427 5486; x_wconf 76' lang='lat' dir='ltr'>concilii</span> <span class='ocrx_word' id='word_1_439' title='bbox 2487 5422 2901 5500; x_wconf 78' lang='lat' dir='ltr'>Tridentini,</span> <span class='ocrx_word' id='word_1_440' title='bbox 2970 5424 3184 5487; x_wconf 89' lang='lat' dir='ltr'>tacite</span> 
     </span>
    </p>
   </div>
   <div class='ocr_carea' id='block_1_3' title="bbox 307 5579 3054 5636">
    <p class='ocr_par' dir='ltr' id='par_1_7' title="bbox 307 5579 3054 5636">
     <span class='ocr_line' id='line_1_49' title="bbox 307 5579 3054 5636; baseline -0.008 0"><span class='ocrx_word' id='word_1_441' title='bbox 307 5583 514 5636; x_wconf 75' lang='lat' dir='ltr'>Gnaeo</span> <span class='ocrx_word' id='word_1_442' title='bbox 547 5580 708 5633; x_wconf 66' lang='lat' dir='ltr'>luris</span> <span class='ocrx_word' id='word_1_443' title='bbox 743 5579 1042 5632; x_wconf 66' lang='grc'><strong>0011011101.</strong></span> <span class='ocrx_word' id='word_1_444' title='bbox 2998 5584 3054 5629; x_wconf 67' lang='lat' dir='ltr'>u</span> 
     </span>
    </p>
   </div>
  </div>
 </body>
</html>
