3753 5871
1387 296 1565 348 mter
1593 297 1832 350 Torum
1865 323 1885 334 ·
1922 298 2012 350 Do
2048 299 2248 351 &bu
3229 300 3335 361 m

522 483 556 566 ξ
601 484 669 552 3.
720 485 1190 569 ordinariae,
1224 485 1559 571 legitima
1587 505 1813 554 causa
1852 487 2254 572 impeditus
2283 492 2417 555 aut
2448 491 2816 572 potestate
2845 489 3329 558 confirmandi

341 609 628 676 carens,
671 593 912 676 debet,
959 594 1199 677 quoad
1239 593 1400 661 fieri
1442 595 1705 679 possit,
1757 595 2022 662 saltem
2073 595 2277 662 intra
2320 595 2695 679 quodlibet
2748 597 3326 681 quinquennium

345 699 730 783 providere
764 705 850 768 ut
883 701 1040 768 suis
1077 701 1397 769 subditis
1432 702 1567 770 hoc
1605 707 2147 770 sacramentum
2185 703 2751 770 administretur
2782 701 2833 769 ¹.

523 806 557 889 ξ
604 809 670 873 4.
724 808 806 876 Si
833 808 1161 892 graviter
1196 810 1602 894 neglexerit
1637 815 2178 889 sacramentum
2215 810 2797 879 confirmationis
2827 814 2981 880 suis
3013 812 3331 880 subditis

346 932 478 998 per
508 933 586 983 se
622 916 741 984 vel
771 934 903 1000 per
935 916 1166 983 alium
1200 918 1652 1001 ministrare,
1688 923 2024 987 servetur
2059 919 2595 1003 praescriptum
2628 938 2793 988 can.
2829 921 2983 1004 274,
3023 941 3095 988 n.
3131 923 3197 987 4.

1624 1197 1884 1264 CAPUT
1927 1196 2035 1262 ΙΙ.

1270 1334 1382 1403 De
1433 1337 1761 1404 subiecto
1804 1336 2410 1422 confirmationis.

1637 1534 1816 1600 om.
1860 1527 2014 1601 786.

519 1673 760 1759 Aquis
795 1673 1148 1758 baptismi
1188 1693 1336 1742 non
1375 1674 1679 1742 ablutus
1714 1675 1960 1743 valide
1998 1674 2423 1742 confirmari
2475 1676 2751 1760 nequit;
2794 1679 3202 1760 praeterea,
3247 1681 3332 1744 ut

348 1780 514 1865 quis
553 1781 757 1849 licite
788 1787 864 1850 et
902 1782 1282 1850 fructuose
1321 1779 1823 1866 confirmetur,
1862 1784 2079 1852 debet
2109 1802 2266 1881 esse
2301 1785 2379 1851 in
2415 1789 2619 1851 statu
2654 1785 2940 1868 gratiae
2974 1784 3327 1851 constitu-

345 1891 470 1955 tus
511 1892 613 1970 et,
650 1889 718 1957 si
754 1908 893 1956 usu
931 1888 1247 1957 rationis
1280 1890 1584 1975 polleat,
1624 1891 2069 1959 sufficienter
2112 1891 2527 1959 instructus
2556 1892 2608 1959 ².

1636 2075 1814 2145 CAN.
1858 2075 2011 2142 787.

521 2215 963 2301 Quanquam
1016 2217 1152 2284 hoc
1193 2220 1735 2284 sacramentum
1778 2236 1928 2285 non
1970 2220 2083 2285 est
2122 2218 2214 2286 de
2256 2218 2694 2285 necessitate
2736 2218 2958 2285 medii
3001 2218 3094 2286 ad
3140 2219 3328 2285 salu-

349 2330 523 2406 tem,
568 2324 845 2392 nemini
893 2329 1141 2392 tamen
1181 2325 1382 2409 licet,
1427 2325 1679 2393 oblata
1721 2326 2125 2408 occasione,
2170 2326 2360 2394 illud
2406 2326 2792 2412 negligere3
2842 2327 2993 2394 imo
3032 2326 3335 2410 parochi

345 2436 609 2499 curent
643 2435 731 2500 ut
760 2430 1012 2500 fideles
1042 2433 1139 2501 ad
1171 2433 1360 2501 illud
1403 2438 1823 2518 opportuno
1863 2438 2191 2517 tempore
2226 2434 2578 2502 accedant
2603 2431 2655 2499 ³.

1637 2622 1815 2690 CAN.
1858 2621 2012 2689 788.

523 2763 729 2833 Licet
782 2765 1225 2831 sacramenti
1268 2762 1853 2832 confirmationis
1909 2764 2464 2832 administratio
2513 2764 3032 2831 convenienter
3074 2761 3153 2827 in
3200 2762 3331 2828 Ec·

345 2871 577 2941 clesia
601 2872 874 2942 Latina
899 2872 1296 2942 differatur
1326 2873 1422 2942 ad
1453 2873 1844 2958 septimum
1884 2873 2184 2941 circiter
2214 2873 2484 2941 aetatis
2516 2890 2818 2954 annum,
2856 2870 3335 2938 nihilominus

346 2981 573 3048 etiam
606 2987 828 3049 antea
859 2982 1184 3049 conferri
1219 2985 1488 3066 potest,
1535 2982 1600 3049 si
1643 2981 1896 3049 infans
1930 2983 2009 3048 in
2052 2982 2315 3049 mortis
2351 2981 2679 3065 periculo
2716 2981 2818 3049 sit
2849 2981 3329 3061 constitutus,

345 3089 462 3156 vel
500 3089 848 3157 ministro
881 3089 960 3158 id
1000 3090 1343 3173 expedire
1384 3091 1474 3157 ob
1522 3091 1762 3158 iustas
1800 3096 1875 3158 et
1916 3109 2176 3174 graves
2216 3107 2480 3157 causas
2529 3090 2871 3158 videatur
2895 3086 2947 3152 ⁴.

1638 3276 1815 3343 ΟΑΝ.
1857 3275 2012 3343 789.

524 3412 1055 3505 Confirmandi,
1095 3416 1160 3481 si
1203 3415 1455 3499 plures
1490 3415 1667 3498 sint,
1713 3416 1968 3484 adsint
2011 3416 2294 3500 primae
2330 3433 2679 3482 manuum
2715 3415 3171 3499 impositioni
3208 3433 3334 3483 seu

349 3520 787 3602 extensioni,
834 3541 964 3589 nec
1005 3522 1150 3589 nisi
1196 3523 1490 3606 expleto
1530 3523 1684 3590 ritu
1725 3524 2111 3591 discedant
2143 3523 2195 3590 ⁸.

529 3782 549 3817 ¹
589 3782 647 3834 8.
692 3781 757 3835 C.
795 3783 899 3843 Ep.
935 3786 997 3835 et
1030 3782 1193 3843 neg..
1227 3781 1649 3839 Acheruntina,
1688 3783 1752 3833 10
1794 3783 1912 3846 ian.
1952 3780 2098 3843 1605:
2143 3782 2200 3834 8.
2238 3782 2303 3834 C.
2340 3782 2428 3844 0.,
2467 3782 2875 3841 Duru-acmen..
2910 3783 2973 3833 21
3009 3795 3142 3844 aug.
3190 3783 3336 3844 1027ς

352 3872 411 3921 8.
441 3870 510 3921 Β.
541 3870 629 3929 0..
658 3869 895 3921 Nullius
924 3868 1178 3921 Sanctae
1213 3870 1449 3929 luceiae,
1479 3873 1542 3922 14
1570 3870 1874 3944 api-..len

528 3963 554 3999 ²
591 3961 656 4012 O.
684 3963 735 4022 1,
759 3961 811 4019 5.
835 3961 885 4021 0,
914 3961 985 4011 D.
1019 3960 1090 4021 V,
1123 3962 1192 4012 de
1226 3973 1402 4017 cona:
1426 3973 1476 4012 c.
1513 3962 1564 4018 4,
1602 3961 1666 4017 X,
1702 3963 1773 4011 de
1800 3960 2240 4018 normandiae,
2271 3961 2318 4019 1,
2351 3962 2399 4021 4:
2427 3961 2781 4012 Benedictus
2814 3960 2965 4020 xlv,
2993 3972 3082 4021 ep.
3112 3962 3332 4022 encycl.

350 4064 382 4099 ι
414 4050 548 4100 Etsi
582 4050 818 4101 minime
854 4066 901 4110 n,
936 4050 967 4101 7
998 4050 1144 4102 tebr.
1182 4050 1328 4111 1742,
1364 4050 1391 4110 0
1423 4052 1473 4108 9:
1506 4051 1674 4101 instr.
1709 4064 1739 4099 α
1773 4049 1858 4099 Eo
1900 4048 2168 4108 quamvis
2204 4051 2458 4108 tempore
2502 4063 2550 4108 n,
2594 4050 2627 4099 4
2658 4049 2800 4098 mall
2832 4049 2978 4105 1745.
3017 4050 3044 4110 ξ
3078 4048 3128 4109 ὃς
3163 4049 3221 4099 8.
3261 4048 3327 4100 C.

353 4138 411 4190 S.
449 4140 564 4203 Off,
608 4140 754 4197 (Vic.
793 4141 898 4199 Ap.
940 4139 1277 4201 sandwic),
1311 4140 1374 4190 11
1407 4139 1530 4190 dec.
1573 4138 1723 4199 1850,
1758 4139 1834 4190 ad
1867 4139 1949 4200 15;
1990 4139 2229 4199 (Tchely
2264 4135 2868 4198 Meridlo·0riental.),
2913 4139 2978 4188 10
3019 4150 3145 4198 apr.
3184 4138 3332 4197 1801.

350 4229 428 4280 ad
459 4230 508 4290 1;
543 4228 600 4281 8.
638 4229 703 4280 C.
740 4229 814 4280 de
849 4230 1017 4289 Prop.
1058 4229 1221 4288 Fide,
1257 4228 1426 4280 instr.
1461 4229 1493 4277 4
1526 4228 1668 4279 maii
1702 4227 1848 4290 1774;
1888 4227 2231 4279 Pontificale
2270 4227 2457 4285 Rom..
2494 4228 2585 4278 tit.
2622 4226 2709 4275 De
2742 4225 3172 4285 confirmandis.

527 4321 554 4355 ³
587 4318 651 4369 C.
704 4319 754 4378 1,
790 4318 840 4378 2,
883 4319 953 4369 D.
996 4319 1064 4377 V,
1107 4319 1178 4368 do
1217 4329 1393 4375 oonu
1433 4329 1481 4368 c.
1534 4319 1585 4376 4,
1629 4318 1695 4375 X.
1748 4319 1819 4367 de
1861 4317 2301 4375 consuetudine,
2343 4318 2393 4375 1.
2435 4319 2484 4377 «ις
2526 4316 2880 4368 Benedictus
2918 4316 3049 4377 ΧΠ,
3095 4328 3150 4367 a.
3188 4317 3334 4375 1341,

350 4419 510 4469 prop.
539 4408 622 4468 04.
656 4410 1058 4467 Armenorum,
1087 4408 1304 4468 damn.;
1329 4407 1625 4459 Martinus
1650 4407 1699 4457 V
1734 4407 1821 4467 (in
1846 4392 2031 4459 Concs
2050 4407 2503 4466 constantien),
2537 4409 2721 4458 const.
2755 4422 2784 4455 α
2819 4406 2987 4457 Inter
3016 4410 3258 4458 cunctas
3285 4421 3333 4466 ι»,

350 4496 416 4547 22
435 4496 584 4549 febr.
607 4495 754 4557 1418,
779 4500 892 4548 art.
925 4497 1007 4555 19,
1031 4497 1104 4547 de
1129 4508 1242 4557 quo
1268 4508 1532 4548 errorum
1561 4495 1791 4548 Wiclen'
1816 4499 1882 4546 et
1905 4496 2067 4546 I-Iusz
2090 4498 2343 4554 suspecti
2371 4496 2789 4557 interrogandi;
2814 4494 3167 4546 Benedictus
3188 4495 3338 4555 XIV,

350 4590 536 4657 const.
571 4602 601 4637 ι
638 4586 774 4637 Etsi
802 4586 1122 4646 pastoratu
1153 4602 1200 4646 ιι,
1234 4586 1300 4637 26
1329 4586 1470 4636 maii
1502 4585 1649 4645 1742,
1686 4586 1713 4646 ξ
1755 4586 1870 4645 ΙΙΙ,
1907 4598 1965 4637 n.
2010 4586 2109 4646 IV:
2146 4586 2288 4637 Pius
2320 4585 2416 4645 lx,
2457 4596 2549 4645 ep.
2583 4586 2801 4646 encycl.
2837 4600 2867 4634 α
2898 4584 3101 4634 Nostis
3136 4588 3192 4633 et
3230 4583 3338 4633 No·

355 4676 578 4725 bucam
610 4691 658 4736 n,
692 4676 726 4727 8
755 4675 877 4727 dec.
924 4675 1070 4736 18493
1105 4676 1163 4728 S.
1202 4675 1267 4727 Ο.
1316 4674 1374 4726 S.
1411 4675 1549 4734 Off..
1592 4677 1761 4726 instr.
1816 4676 1947 4735 (pro
1981 4676 2105 4725 Vic.
2144 4677 2250 4735 Ap.
2289 4673 2366 4725 ad
2403 4674 2653 4735 Galles),
2690 4674 2755 4724 20
2791 4674 2911 4724 iun.
2959 4673 3105 4732 1866,
3145 4673 3222 4724 ad
3256 4674 3338 4733 40:

351 4765 410 4816 S.
443 4765 509 4818 Ο.
547 4765 622 4818 de
653 4765 822 4825 Prbp.
856 4764 1020 4823 Fide.
1054 4767 1224 4817 instr.
1256 4766 1290 4815 4
1317 4764 1462 4815 maii
1492 4764 1639 4825 1774:
1677 4765 1848 4815 instr.
1885 4765 1950 4816 31
1989 4764 2092 4815 iul.
2131 4764 2277 4823 1902,
2311 4776 2367 4813 n.
2412 4764 2460 4814 4.

527 4857 553 4891 ⁴
591 4854 946 4906 Benedictus
978 4856 1128 4914 xlv,
1162 4857 1330 4907 instr.
1360 4869 1390 4903 α
1415 4854 1500 4905 Eo
1528 4856 1796 4913 quamvis
1824 4857 2081 4914 tempore
2108 4868 2157 4912 n,
2185 4857 2216 4904 4
2250 4853 2393 4904 mail
2427 4852 2571 4911 1745,
2606 4852 2632 4911 fi
2663 4852 2712 4912 63
2737 4863 2827 4911 ep.
2857 4853 3076 4912 encyei.
3114 4868 3142 4900 α
3172 4851 3337 4903 Anno

351 4946 617 4994 vertente
649 4960 697 5003 ι,
738 4945 804 4996 19
835 4944 955 4995 iun.
988 4944 1135 5002 1750,
1170 4945 1197 5005 5
1229 4946 1397 5005 4;e1>.
1432 4944 1652 5004 encycl.
1689 4958 1719 4993 ι
1759 4942 1995 4993 Amatae
2029 4947 2167 4994 sunt
2208 4958 2258 5002 ι,
2294 4942 2360 4993 26
2392 4941 2494 4991 iul.
2539 4941 2686 5000 1755,
2721 4942 2760 5002 3·
2781 4940 2861 5001 22:
2892 4941 3009 4991 Leo
3041 4941 3207 5000 XIII.
3244 4953 3334 5002 ep.

348 5050 380 5085 ι
406 5033 700 5094 Δὺωοαω
726 5048 774 5093 »,
801 5033 866 5084 22
895 5033 1019 5085 iun.
1047 5033 1192 5094 189·st
1222 5033 1279 5086 8.
1317 5032 1381 5084 O.
1423 5032 1479 5084 8.
1518 5033 1653 5095 Off..
1673 5035 1842 5085 instr.
1884 5033 1985 5091 (ad
2020 5033 2125 5092 Ep.
2159 5032 2539 5092 Scepusien.),
2568 5044 2623 5081 a.
2654 5030 2799 5088 1782:
2835 5030 2981 5088 (Vic.
3013 5032 3119 5090 Ap.
3155 5030 3336 5082 Sand-

352 5123 530 5184 νῆα),
565 5124 632 5175 11
658 5121 782 5173 dec.
814 5121 963 5182 1850,
993 5122 1071 5174 ad
1098 5122 1180 5183 12·,
1206 5122 1271 5173 22
1298 5133 1425 5181 apr.
1458 5121 1605 5182 189ss:
1642 5121 1701 5175 8.
1738 5121 1804 5174 C.
1840 5122 1930 5182 0..
1967 5120 2290 5182 secovien„
2330 5120 2395 5171 12
2426 5122 2624 5180 mart..
2656 5119 2720 5171 23
2756 5131 2886 5180 apr.
2919 5119 3067 5177 1774,
3100 5119 3177 5170 ad
3208 5121 3258 5178 1.
3291 5120 3340 5180 2:

352 5211 410 5263 8.
440 5212 506 5265 O.
537 5211 611 5266 de
638 5213 810 5273 Prop.
851 5211 1016 5270 Fide.
1049 5212 1218 5264 instr.
1254 5213 1286 5261 4
1323 5212 1468 5262 maii
1499 5211 1645 5273 1774ς
1681 5211 1801 5264 litt.
1843 5212 1947 5271 (ad
1976 5212 2100 5263 Vic.
2135 5213 2242 5271 Ap.
2277 5210 2669 5271 Kuytcheou),
2702 5209 2764 5259 21
2795 5213 2971 5265 mart.
3008 5208 3154 5270 1851;
3194 5210 3337 5260 I’on·

350 5300 570 5353 tincale
609 5301 798 5361 Rom..
834 5302 928 5354 tit.
967 5301 1054 5350 De
1088 5300 1519 5361 confirmandis.

526 5393 554 5428 ⁶
594 5390 651 5442 8.
689 5391 754 5443 C.
795 5391 853 5443 8.
889 5390 1013 5444 off.
1055 5392 1353 5451 (Ax-etin),
1387 5391 1452 5442 17
1479 5402 1606 5451 apr.
1644 5389 1793 5451 1872
1823 5389 1882 5441 8.
1914 5390 1978 5442 C.
2011 5390 2085 5441 de
2118 5391 2286 5450 Prop.
2330 5389 2492 5449 Fide,
2528 5389 2697 5441 instr.
2731 5390 2763 5440 4
2793 5389 2934 5439 maii
2967 5388 3114 5449 1774;
3144 5388 3338 5439 Ponti·

351 5480 521 5532 fleale
553 5479 742 5542 Rom..
778 5482 873 5533 tit.
920 5479 1008 5530 Do
1040 5479 1472 5539 confirmandis.
