3753 5871
562 328 664 387 132
1688 330 1884 379 Oodeae
1928 327 2091 379 Iuris
2129 327 2408 379 canosini

739 517 772 600 ἓ
817 517 884 584 3.
935 517 1112 584 Dies
1147 516 1411 601 quibus
1430 517 1806 601 parochus
1838 517 1985 601 piis
2015 517 2389 586 exercitiis
2418 523 2635 585 vacat
2673 517 2768 584 ad
2811 534 3141 584 normam
3181 536 3345 585 can.
3382 518 3534 600 126,

567 647 710 695 non
756 633 1306 711 computantur,
1362 626 1584 694 semel
1625 627 1704 693 in
1750 646 1971 708 anno,
2020 627 2097 693 in
2142 627 2428 694 duobus
2471 627 2937 694 vacationum
2994 627 3389 710 mensibus,
3446 624 3540 693 de

565 734 827 816 quibus
861 736 939 800 in
986 735 1020 817 ξ
1053 736 1120 800 2.

741 848 774 929 ξ
821 849 887 913 4.
940 848 1108 915 Sive
1146 848 1578 915 continuum
1621 848 1773 914 sive
1812 848 2312 916 intermissum
2363 849 2463 914 sit
2503 844 2972 915 vacationum
3015 852 3328 931 tempus,
3369 865 3535 914 cum

560 956 893 1023 absentia
939 957 1138 1023 ultra
1182 956 1703 1023 hebdomadam
1748 961 1861 1023 est
1900 956 2291 1039 duratura,
2340 957 2727 1040 parochus,
2786 960 3080 1041 praeter
3133 957 3535 1042 legitimam

559 1082 882 1146 causam,
937 1064 1202 1133 habere
1242 1065 1457 1132 debet
1498 1066 1878 1132 Ordinarii
1924 1066 2277 1149 scriptam
2319 1067 2695 1134 licentiam
2748 1072 2822 1134 et
2865 1066 3224 1132 vicarium
3270 1067 3533 1133 substi-

563 1178 804 1241 tutum
847 1174 966 1240 sui
1004 1173 1163 1241 loco
1198 1174 1608 1258 relinquere
1639 1175 1731 1241 ab
1761 1175 2011 1242 eodem
2046 1176 2446 1242 ordinario
2476 1176 2955 1259 probandum;
2993 1175 3185 1259 quod
3221 1176 3285 1242 si
3326 1194 3535 1259 paro-

558 1281 740 1347 chus
782 1282 881 1349 sit
918 1283 1326 1365 religiosus,
1364 1283 1649 1366 indiget
1689 1288 2073 1367 praeterea
2112 1301 2471 1350 consensu
2520 1284 2939 1367 Superioris
2975 1289 3051 1351 et
3087 1283 3541 1351 substitutus

561 1394 720 1456 tum
752 1391 846 1457 ab
879 1390 1277 1459 Ordinario
1310 1395 1468 1458 tum
1501 1410 1546 1457 a
1586 1391 1981 1475 Superiore
2022 1392 2322 1475 probari
2363 1391 2578 1459 debet
2616 1390 2663 1456 ¹.

738 1484 882 1582 5'5.
935 1501 1019 1567 Si
1064 1500 1430 1584 parochus
1469 1501 1853 1585 repentina
1892 1507 1966 1568 et
2005 1502 2214 1584 gravi
2250 1501 2342 1569 de
2386 1520 2609 1568 causa
2651 1501 3023 1570 discedere
3061 1506 3284 1588 atque
3333 1505 3541 1571 ultra.

560 1612 1082 1679 hebdomadam
1112 1617 1422 1696 cogatur
1453 1612 1728 1695 abesse,
1772 1615 2312 1696 quamprimum
2344 1631 2474 1696 per
2512 1613 2807 1681 litteras
2840 1614 3317 1680 Ordinarium
3348 1632 3536 1681 com·

564 1722 1028 1804 monefaciat,
1093 1723 1158 1788 ei
1227 1721 1564 1788 indicans
1620 1741 1919 1788 causam
1978 1724 2343 1789 discessus
2402 1728 2476 1789 et
2534 1723 2983 1790 sacerdotem
3045 1724 3536 1807 supplentem,

557 1834 856 1916 eiusque
892 1837 1040 1901 stet
1073 1832 1445 1899 mandatis
1468 1833 1519 1898 ².

736 1940 768 2022 ξ
816 1941 880 2006 6.
931 1941 1180 2008 Etiam
1217 1961 1353 2026 pro
1389 1947 1714 2027 tempore
1751 1943 2103 2010 brevioris
2146 1943 2522 2010 absentiae
2559 1944 2924 2027 parochus
2957 1942 3171 2011 debet
3210 1942 3537 2009 fidelium

564 2053 1123 2120 necessitatibus
1174 2054 1579 2137 providere,
1643 2054 1955 2120 maxime
2002 2055 2065 2120 si
2116 2054 2193 2120 id
2244 2053 2647 2138 peculiaria
2698 2072 2939 2121 rerum
3001 2053 3354 2120 adiuncta
3413 2071 3536 2136 po·

561 2161 863 2230 stulent.

1843 2273 2019 2340 ΟΑΝ.
2066 2273 2217 2338 466.

738 2414 771 2495 ξ
818 2418 884 2479 1.
935 2416 1442 2499 Applicandae
1493 2417 1762 2483 Missae
1812 2435 1948 2500 pro
1998 2416 2272 2500 populo
2331 2415 2778 2500 obligatione
2827 2419 3124 2482 tenetur
3173 2413 3543 2499 parochus

557 2522 652 2589 ad
691 2541 1018 2589 normam
1060 2542 1223 2590 can.
1270 2517 1424 2606 339,
1468 2524 2075 2609 quasi-parochus
2117 2524 2209 2592 ad
2250 2542 2579 2590 normam
2616 2542 2781 2590 can.
2820 2523 2950 2591 306
2988 2519 3041 2588 ⁸.

735 2635 767 2716 ξ
813 2635 881 2700 2.
932 2634 1309 2702 Parochus
1349 2636 1476 2720 qui
1513 2637 1764 2719 plures
1810 2636 2006 2703 forte
2046 2636 2425 2720 paroecias
2464 2653 2693 2720 aeque
2732 2634 3247 2719 principaliter
3286 2634 3540 2700 unitas

561 2750 769 2829 regat
809 2747 966 2827 aut,
1013 2748 1308 2829 praeter
1350 2745 1725 2828 propriam
1779 2745 2218 2828 paroeciam,
2267 2745 2491 2811 aliam
2545 2745 2660 2811 vel
2711 2744 2902 2810 alias
2942 2742 3023 2808 in
3065 2742 3533 2809 administra-

561 2854 830 2922 tionem
872 2853 1161 2937 habeat‚
1210 2872 1430 2920 unam
1474 2859 1766 2921 tantum
1817 2855 2035 2921 debet
2075 2854 2378 2920 Missam
2421 2872 2558 2938 pro
2597 2852 2893 2937 populis
2934 2852 3077 2917 sibi
3126 2851 3536 2917 commissis

555 2964 812 3032 diebus
850 2965 1330 3050 praescriptis
1362 2965 1740 3049 applicare
1779 2972 1829 3038 ⁴.

737 3078 771 3158 ξ
816 3078 883 3144 3.
935 3077 1378 3142 ordinarius
1422 3077 1567 3143 loci
1612 3078 1810 3143 iusta
1855 3076 1946 3143 de
2001 3093 2228 3142 causa
2273 3074 2701 3159 permittere
2748 3079 2994 3158 potest
3040 3078 3124 3140 ut
3170 3075 3536 3158 parochus

561 3187 862 3253 Missam
900 3205 1037 3270 pro
1066 3187 1338 3270 populo
1368 3186 1515 3252 a-lia
1547 3186 1668 3252 die
1702 3185 2028 3270 applicet
2060 3185 2154 3252 ab
2191 3203 2277 3252 ea
2309 3203 2453 3268 qua
2483 3185 2645 3250 iure
2675 3183 3196 3268 adstringitur.

735 3300 768 3381 ξ
815 3303 881 3365 4.
935 3299 1311 3366 Parochus
1362 3299 1664 3364 Missam
1706 3318 1842 3383 pro
1883 3299 2156 3383 populo
2193 3296 2711 3381 applicandam
2753 3296 3070 3364 celebret
3112 3296 3191 3361 in
3230 3293 3539 3361 ecclesia

559 3410 981 3494 paroeciali,
1028 3409 1174 3476 nisi
1228 3427 1469 3477 rerum
1516 3409 1870 3476 adiuncta
1925 3409 2227 3474 Missam
2270 3407 2453 3473 alibi
2495 3406 3006 3473 celebrandam
3051 3405 3351 3490 exigant
3382 3408 3540 3470 aut

553 3521 915 3587 suadeant
960 3519 1010 3585 ⁵.

733 3801 754 3836 ¹
791 3802 963 3853 Cone.
994 3800 1280 3859 Trident„
1311 3811 1455 3850 sess.
1495 3799 1596 3858 VI,
1632 3800 1702 3848 dc
1732 3798 1868 3857 res„
1896 3810 1947 3850 c.
1980 3797 2029 3859 2;
2057 3808 2201 3849 sess.
2232 3795 2448 3856 XXIII,
2480 3796 2551 3844 de
2580 3795 2714 3855 ret„
2745 3806 2796 3847 c.
2827 3797 2877 3856 15
2917 3794 2975 3848 S.
3009 3794 3074 3847 O.
3117 3793 3206 3853 C..
3245 3791 3533 3849 masten„

559 3901 753 3941 mense
796 3889 951 3940 malo
992 3889 1141 3948 1587,
1180 3889 1257 3939 ad
1299 3888 1349 3950 3;
1383 3887 1718 3943 Novariam..
1752 3886 1790 3937 6
1822 3886 1927 3938 lul.
1965 3886 2113 3937 1647.

728 3980 753 4016 2
804 3979 860 4029 S.
900 3977 964 4029 O.
1004 3978 1093 4035 O..
1153 3977 1362 4033 Vtoen„
1404 3976 1437 4026 7
1474 3975 1772 4029 οσι..1604.

729 4071 756 4108 ³
798 4069 969 4120 conc.
1024 4067 1310 4126 Trident.,
1356 4078 1498 4117 sessu
1543 4066 1756 4126 xxm,
1813 4067 1884 4115 dc
1928 4066 2062 4124 ret„
2115 4075 2167 4117 c.
2211 4069 2261 4125 13
2307 4064 2580 4116 Urbanus
2623 4062 2793 4121 VIII,
2843 4064 3031 4113 const.
3079 4075 3110 4110 α
3156 4057 3442 4109 Universa
3487 4073 3537 4117 n,

558 4160 622 4210 13
654 4160 802 4217 sept.
842 4157 988 4217 1642,
1027 4157 1054 4218 s
1090 4158 1138 4218 2;
1173 4156 1551 4207 Innocentius
1581 4155 1715 4214 XII,
1749 4156 1934 4207 const.
1978 4170 2016 4206 ‹
2050 4152 2252 4213 Nuper
2285 4165 2322 4202 a
2360 4152 2818 4213 conmunione
2863 4165 2913 4210 r,
2952 4150 3016 4200 24
3060 4160 3185 4209 apr.
3224 4148 3372 4208 1699,
3413 4147 3440 4208 3
3487 4149 3539 4208 1:

560 4247 913 4299 Benedictus
948 4246 1098 4305 XIV,
1128 4256 1219 4305 ep.
1251 4245 1470 4306 encycl.
1506 4259 1537 4294 α
1570 4245 1716 4296 Onam
1745 4254 1977 4304 semper
2010 4242 2242 4294 oblatas
2275 4257 2325 4302 ι,
2356 4243 2422 4294 19
2450 4252 2584 4302 aux.
2622 4240 2773 4300 1744,
2809 4239 2836 4300 3
2866 4238 2972 4299 1·6,
3012 4239 3094 4299 10;
3123 4240 3308 4289 const.
3345 4252 3376 4287 ι
3408 4234 3535 4285 Fir·
3678 4242 3679 4283 ι

556 4335 788 4387 mandis
817 4352 863 4395 n,
896 4336 930 4386 6
956 4346 1087 4386 nov.
1119 4334 1267 4394 1744,
1299 4334 1325 4393 fi
1354 4335 1404 4394 93
1432 4334 1575 4385 Pius
1610 4333 1708 4394 lx,
1739 4345 1831 4394 ep.
1860 4333 2081 4394 encyel.
2115 4348 2146 4383 ιι
2181 4328 2591 4382 Amantlulml
2620 4327 3027 4387 Redemptor-u
3065 4341 3115 4387 n,
3145 4327 3178 4379 3
3206 4326 3351 4376 mail
3389 4325 3538 4387 185&

559 4427 675 4476 heo
707 4425 871 4485 XIII,
908 4426 1026 4477 ntt.
1064 4435 1157 4483 ap.
1203 4436 1234 4471 ι
1262 4421 1336 4471 ln
1370 4433 1640 4482 suprema
1683 4437 1735 4481 υ,
1769 4422 1835 4473 10
1866 4422 1989 4473 lun.
2028 4420 2175 4479 1882:
2218 4418 2275 4471 S.
2311 4419 2377 4471 G.
2417 4418 2505 4478 O..
2544 4416 2822 4468 civitatis
2860 4414 3253 4472 Castellum,
3288 4414 3356 4466 κ
3396 4426 3533 4475 aug.

557 4516 702 4573 1628.
739 4514 817 4564 ad
846 4516 896 4576 13
927 4512 1191 4569 Areum,
1224 4513 1290 4564 28
1318 4523 1444 4572 apr.
1476 4511 1625 4572 1629,
1657 4511 1736 4563 ad
1771 4512 1825 4574 4;
1859 4510 2139 4561 civitatis
2174 4507 2566 4564 castellanae.
2599 4507 2633 4559 8
2671 4518 2806 4567 aug.
2843 4506 2990 4566 164&
3030 4504 3295 4562 Clusina,
3327 4504 3395 4555 12
3427 4504 3534 4555 iul.

555 4604 704 4664 1670,
737 4604 815 4654 ad
845 4604 895 4664 13
931 4603 999 4654 10
1030 4603 1174 4653 man
1205 4602 1349 4661 1⁰92:
1388 4598 1626 4652 Nullius
1660 4600 2025 4657 Anamares.
2060 4602 2094 4652 0
2125 4599 2248 4651 dec.
2287 4598 2436 4657 1690,
2480 4598 2511 4647 4
2545 4608 2672 4658 apr.
2712 4597 2860 4655 1603,
2897 4597 2963 4648 30
2997 4607 3132 4655 aug.
3168 4594 3316 4653 1008:
3346 4581 3536 4643 Pisto·

556 4694 702 4742 rien.
737 4697 796 4743 et
825 4691 1084 4749 Pratcn„
1115 4694 1179 4742 14
1209 4692 1354 4743 tebr.
1387 4691 1534 4752 169ae
1560 4688 1948 4747 flammascit,
1977 4691 2041 4741 11
2075 4691 2253 4739 mart.
2289 4687 2436 4748 18433
2465 4686 2791 4746 spalaten„
2822 4686 2856 4736 3
2889 4687 3090 4744 mart„
3123 4683 3187 4734 21
3224 4693 3352 4742 apr.
3385 4682 3537 4741 1877,

555 4783 621 4834 24
646 4795 779 4842 aug.
809 4781 954 4841 1878,
991 4782 1068 4832 ad
1103 4784 1151 4841 1;
1181 4780 1631 4835 maromontem„
1665 4780 1700 4831 9
1725 4790 1853 4839 apr.
1885 4778 2032 4839 18813
2063 4777 2325 4827 Romana
2363 4779 2422 4827 st
2450 4774 2725 4831 aliarum.
2753 4774 2787 4825 8
2813 4785 2947 4834 aug.
2978 4774 3128 4832 1911,
3160 4771 3237 4823 ad
3266 4771 3316 4833 1;
3348 4769 3539 4831 Bur-m·

559 4871 618 4921 S.
661 4870 928 4930 sepulcri
965 4873 1024 4920 et
1073 4869 1348 4924 aliarum,
1397 4870 1463 4921 15
1501 4869 1624 4921 dec.
1675 4868 1805 4919 1213
1865 4868 1943 4919 ad
1986 4868 2034 4928 13
2073 4865 2337 4925 Punica„
2385 4864 2453 4918 16
2490 4864 2614 4917 dec.
2655 4865 2803 4923 1914,
2846 4862 2925 4915 ad
2967 4863 3018 4922 1,
3063 4862 3145 4922 113
3182 4859 3540 4917 Mandela„

562 4963 626 5013 17
670 4965 844 5013 mart.
882 4960 1028 5021 10173
1068 4960 1125 5011 8.
1166 4958 1230 5010 O.
1271 4959 1346 5010 de
1381 4959 1551 5018 Prop.
1603 4957 1765 5014 Fide.
1807 4958 1962 5008 decr.
2002 4955 2069 5007 18
2103 4968 2237 5017 aug.
2277 4954 2424 5016 1866;
2470 4955 2587 5006 ntt.
2624 4954 2846 5014 encycl.
2895 4952 2997 5012 (ad
3029 4951 3245 5012 Deleg.
3285 4952 3396 5010 Ap.
3433 4962 3541 5010 pro

553 5053 836 5109 Oriente),
863 5051 897 5101 8
930 5062 1058 5100 nov.
1095 5048 1240 5109 1882:
1268 5048 1326 5100 S.
1356 5048 1426 5098 R.
1457 5047 1545 5107 0.,
1573 5046 2013 5103 Menanter-ten„
2040 5046 2106 5096 14
2134 5046 2253 5096 iun.
2290 5044 2440 5104 1845,
2469 5044 2548 5095 ad
2579 5043 2628 5105 ²3
2668 5041 3002 5093 Vicat-latus
3032 5040 3538 5090 Rev-emanantes

557 5143 618 5189 in
648 5139 988 5195 Bollandia,
1016 5138 1080 5190 27
1112 5138 1266 5189 ἵεὴῐ.
1298 5137 1444 5196 1847,
1474 5136 1554 5187 ad
1587 5137 1637 5198 ⁴¹3
1665 5136 1729 5186 22
1756 5137 1860 5187 iul.
1894 5134 2042 5195 184&
2073 5132 2449 5194 Str-laomen„
2486 5135 2520 5185 9
2546 5132 2691 5183 maii
2725 5131 2874 5193 1857,
2904 5130 2982 5182 ad
3012 5131 3114 5192 V1;
3145 5129 3537 5187 (lumbes-len„

554 5232 618 5284 20
639 5231 761 5282 dec.
796 5229 942 5289 1864:
967 5227 1304 5287 Linaonen„
1336 5228 1370 5277 5
1394 5227 1516 5278 dec.
1551 5226 1699 5284 1868,
1727 5226 1806 5277 ad
1832 5226 1883 5285 1;
1910 5225 2233 5285 Scausien„
2267 5224 2333 5278 18
2356 5236 2490 5285 aug.
2519 5222 2667 5282 1879,
2696 5222 2773 5273 ad
2803 5221 2916 5282 1113
2947 5221 3266 5280 Auamma„
3291 5218 3359 5269 ὃ
3385 5218 3533 5269 mail
3648 5262 3651 5331 Χ

554 5319 702 5381 1897,
737 5319 815 5369 ad
846 5317 927 5368 11.

732 5414 760 5450 ⁴
798 5408 856 5460 S.
889 5406 953 5458 O.
986 5404 1074 5467 0.,
1113 5406 1345 5463 Lucem,
1389 5404 1454 5456 26
1486 5405 1655 5463 febr..
1693 5404 1757 5454 12
1800 5407 1973 5456 mart.
2019 5402 2164 5455 1774.

725 5505 751 5541 ⁸
800 5499 858 5552 S.
889 5498 956 5550 O.
986 5498 1090 5557 ΕΡ.
1117 5499 1179 5549 et
1200 5497 1362 5557 neg„
1389 5494 1694 5553 Perusina,
1727 5495 1791 5547 23
1818 5495 1923 5546 lul.
1952 5493 2097 5554 1⁰4ae
2126 5492 2183 5545 S.
2211 5492 2274 5544 C.
2303 5492 2391 5552 G..
2418 5491 2864 5547 Patr-nooman..
2895 5489 2961 5539 14
2992 5486 3116 5538 dec.
3145 5484 3294 5545 1872,
3322 5484 3402 5537 ad
3435 5484 3541 5537 1·3.
