3753 5871
94 331 164 346 Ι
94 248 122 288 .

691 398 1040 455 Peon-Poe·
1382 394 1410 444 1
1414 396 1569 446 adeo
1607 394 2335 458 analutwo-alnnabeueuae
2667 400 3010 457 Peon-Pons
3298 398 3402 458 757

396 581 666 648 [Poenae]
677 596 696 632 .·

527 661 559 728 5
589 662 648 722 2;
682 676 758 715 an
791 675 1008 729 poenae
1041 661 1274 714 extendi
1306 663 1548 728 possint,
1580 662 1707 714 2219
1737 661 1770 728 5
1789 664 1848 724 3;

525 744 757 808 quinam
785 743 1009 808 possint
1041 757 1252 808 poenas
1283 743 1396 810 legi
1431 744 1518 795 vel
1556 744 1852 810 praecepto

524 823 841 884 adnectere,
880 824 1118 889 quinam
1151 837 1363 890 poenas
1393 825 1643 876 statutas
1673 823 1851 889 appli-

523 917 670 964 care,
692 903 848 962 23203
881 904 1090 969 quibus
1123 903 1347 969 legibus
1382 905 1619 969 possunt
1642 903 1700 955 hi
1724 918 1852 970 poe-

524 997 630 1035 nas
668 984 966 1036 adnectere
1019 986 1077 1035 et
1116 997 1191 1035 an
1233 985 1407 1058 etiam
1450 998 1685 1050 poenam
1728 984 1849 1049 lege

522 1065 798 1116 statutam
821 1077 1149 1130 aggravare,
1172 1064 1324 1125 ἠ
1356 1077 1433 1115 an
1457 1065 1636 1129 possit
1657 1064 1849 1129 puniri

527 1143 912 1209 transgressor
952 1143 1101 1208 legis
1149 1142 1358 1195 nullam
1395 1156 1634 1209 poenam
1676 1157 1851 1195 anne-

524 1236 654 1274 xam
690 1223 972 1284 habentis,
1164 1223 1197 1290 5
1234 1225 1287 1285 i;
1321 1223 1461 1290 quid
1494 1225 1553 1275 in
1580 1224 1758 1275 dubio
1778 1223 1848 1275 de

524 1301 730 1355 delicto
751 1305 856 1355 aut
875 1303 945 1354 de
967 1305 1091 1355 eius
1113 1304 1576 1370 praescriptione,
1598 1304 1725 1356 Q
1740 1303 1772 1370 5
1786 1307 1846 1365 2ς

523 1383 750 1448 quando
773 1384 949 1448 possit
972 1384 1140 1435 iudex
1161 1398 1402 1450 poenam
1417 1385 1849 1436 determinatam

524 1476 753 1529 augere,
773 1464 901 1516 2223
922 1463 954 1530 5
979 1465 1033 1525 1;
1057 1477 1130 1516 an
1153 1465 1226 1515 ab
1248 1478 1317 1516 ea
1342 1464 1648 1531 infligenda
1669 1465 1850 1531 possit

521 1543 832 1609 aliquando
851 1543 1140 1596 abstinere
1165 1543 1252 1596 vel
1272 1545 1399 1596 eius
1417 1544 1847 1610 applicationem

522 1623 746 1676 differre
775 1626 878 1676 aut
909 1625 1338 1677 determinatam
1370 1625 1700 1690 temperare,
1721 1624 1850 1678 2223

522 1704 587 1770 55
607 1704 656 1764 2,
688 1705 746 1764 43
780 1704 919 1769 quid
951 1704 1013 1756 in
1051 1718 1187 1757 casu
1220 1705 1461 1770 plurium
1495 1705 1845 1765 delictorum,

521 1784 677 1845 2224ς
720 1785 790 1837 de
834 1785 997 1837 modo
1040 1784 1338 1852 infligendi
1382 1799 1641 1850 poenam,
1690 1785 1843 1847 2225ς

520 1865 752 1930 quinam
792 1877 976 1931 poena
1007 1866 1328 1927 teneantur,
1519 1865 1584 1933 55
1623 1868 1672 1930 1,
1704 1868 1753 1928 3,
1787 1868 1846 1919 et

519 1958 637 2011 qua
674 1959 873 2011 poena,
913 1944 1041 1997 m
1071 1944 1182 2012 52;
1218 1946 1451 1998 ubinam
1483 1948 1641 1999 etan
1673 1948 1845 1999 etiam

519 2027 771 2078 resoluto
806 2026 931 2078 iure
967 2026 1308 2092 Superioris,
1331 2026 1460 2078 Q
1478 2026 1511 2094 5
1531 2028 1587 2088 ἃς
1611 2027 1844 2094 quinam

520 2105 645 2171 lege
676 2106 897 2172 poenali
943 2121 1057 2159 non
1098 2107 1667 2173 comprehendantur,
1698 2107 1843 2170 Μ,

519 2185 616 2251 52.
649 2188 709 2238 et
732 2186 792 2238 in
814 2200 1093 2252 quosnam
1116 2201 1269 2239 unus
1290 2188 1450 2238 Rom.
1476 2187 1637 2240 Pont.
1656 2190 1845 2254 potest

521 2279 759 2331 poenam
791 2266 1045 2332 infligere
1082 2270 1183 2320 aut
1219 2267 1523 2326 declarare,
1554 2267 1681 2319 2227
1713 2268 1745 2335 5
1786 2270 1841 2330 1;

519 2346 661 2411 quid
693 2347 1018 2412 requiratur
1055 2361 1125 2399 ex
1150 2351 1309 2413 parte
1339 2348 1532 2401 delicti
1563 2349 1636 2401 ad
1659 2349 1844 2402 ineur-

520 2425 752 2479 rendam
793 2440 1033 2492 poenam
1067 2427 1193 2494 lege
1241 2430 1536 2490 statutam,
1578 2429 1730 2493 Q;
1772 2430 1843 2482 de

517 2507 712 2559 causis
743 2521 779 2559 a
810 2521 991 2574 poena
1039 2508 1460 2571 excusantibus,
1507 2509 1654 2573 2229,
1696 2511 1841 2572 22ως

519 2586 589 2638 (10
630 2586 894 2653 pluribus
932 2588 1006 2640 ad
1048 2588 1314 2641 delictum
1350 2591 1842 2653 concurrentibus,

518 2666 671 2729 2231:
704 2682 779 2720 an
814 2671 879 2721 ut
903 2669 1037 2735 quis
1067 2683 1251 2735 poena
1281 2670 1565 2737 obligetur
1596 2672 1845 2738 requira-

518 2749 614 2800 tur
652 2750 940 2801 sententia
974 2750 1364 2813 declaratoria,
1403 2751 1557 2812 2232;
1600 2752 1736 2817 quid
1768 2752 1842 2804 ad

517 2842 757 2894 poenam
790 2828 1151 2896 infligendam
1183 2832 1522 2896 requiratur,
1555 2832 1684 2885 2233
1719 2832 1751 2899 5
1786 2834 1840 2894 1;

517 2908 589 2961 de
631 2923 728 2963 reo
758 2909 1006 2977 plurium
1040 2910 1392 2974 delictorum,
1415 2911 1573 2974 §2343
1609 2911 1680 2965 de
1710 2911 1843 2965 deli·

516 2992 610 3043 cto
643 2990 920 3043 frustrato
952 2993 1010 3043 et
1050 2991 1120 3043 de
1166 2994 1377 3045 conatu
1418 2992 1613 3046 delicti
1654 2994 1842 3060 quoad

517 3084 778 3136 poenam,
813 3071 968 3133 22353
1000 3072 1237 3138 quinam
1274 3073 1453 3139 possit
1493 3088 1728 3141 poenam
1760 3089 1845 3127 re-

518 3151 764 3213 mittere,
797 3151 950 3214 ἕως
984 3153 1120 3219 quid
1144 3153 1291 3206 circa
1313 3168 1525 3221 poenas
1549 3155 1699 3208 latae
1718 3170 1845 3208 sen-

513 3232 728 3284 tentiae
765 3233 907 3284 iuris
943 3234 1256 3286 communis
1294 3236 1517 3301 possint
1553 3235 1843 3290 Ordinarii

514 3312 577 3363 in
609 3313 840 3364 casibus
870 3314 1132 3380 publicis,
1164 3314 1289 3369 2237
1322 3316 1424 3383 51,
1458 3317 1547 3368 vel
1576 3317 1643 3368 in
1663 3317 1846 3370 occul-

517 3391 615 3452 tis,
638 3392 764 3445 22³7
786 3392 820 3459 5
837 3394 897 3455 2ς
920 3394 1060 3461 quid
1082 3395 1302 3448 inliciat
1324 3411 1539 3463 poenae
1563 3398 1843 3451 remissio-

518 3486 669 3534 nem,
699 3473 853 3536 2238;
886 3476 1171 3541 quomodo
1202 3492 1274 3530 ea
1295 3479 1651 3541 remittenda,
1684 3480 1838 3541 2239ς

514 3553 588 3605 de
621 3556 1059 3622 praescriptione
1079 3558 1326 3610 actionis
1343 3559 1674 3623 criminalis,
1697 3561 1844 3614 1702-

516 3634 668 3695 17043
719 3649 934 3701 poenae
985 3648 1363 3704 quaecunque
1403 3640 1627 3705 antiqui
1679 3642 1841 3706 iuris,

512 3729 755 3780 quarum
792 3716 853 3768 in
894 3716 1098 3769 Codice
1139 3717 1297 3770 nulla
1340 3721 1552 3773 mentio
1583 3720 1666 3784 iit,
1698 3723 1841 3774 sunt

513 3793 838 3862 abrogatae,
869 3796 904 3847 6
936 3811 993 3850 n.
1027 3798 1079 3849 5.

371 3902 445 3913 -
480 3876 870 3930 ntedica’nales
903 3877 1034 3930 vide
1064 3877 1359 3932 Gennne.
1440 3871 1443 3875 ’

371 3983 444 3992 —
481 3955 918 4009 vindicativae:
940 3972 1239 4025 quaenam,
1256 3960 1411 4022 ως
1428 3975 1707 4027 quaenam
1724 3962 1841 4015 affl-

514 4046 641 4086 cere
668 4038 908 4100 possunt
927 4052 1125 4091 omnes
1148 4039 1363 4102 fideles,
1384 4041 1537 4101 22913
1560 4055 1838 4108 quaenam

515 4114 670 4167 solos
698 4116 950 4180 clericos,
983 4119 1137 4180 2298ς
1175 4120 1250 4172 ab
1291 4122 1361 4173 iis
1402 4121 1632 4174 inflictis
1670 4122 1841 4175 datur

517 4210 782 4250 recursus
804 4199 863 4250 in
881 4201 1240 4266 suspensivo,
1255 4202 1382 4255 m
1393 4218 1408 4264 ς
1431 4217 1508 4256 an
1529 4206 1588 4256 et
1607 4206 1841 4270 quando

516 4276 689 4330 iudex
720 4281 1068 4346 suspendere
1102 4283 1283 4347 possit
1314 4297 1509 4335 earum
1531 4287 1844 4339 exsecutio-

517 4371 666 4419 nem,
704 4361 754 4411 si
794 4376 926 4413 reus
963 4364 1143 4428 primo
1176 4364 1497 4431 deliquerit,
1530 4369 1589 4419 et
1619 4367 1756 4433 quid
1790 4369 1841 4420 si

516 4439 642 4504 ime
663 4440 817 4491 intra
840 4444 1152 4505 proximum
1183 4446 1492 4499 triennium
1519 4449 1726 4501 iterum
1749 4451 1844 4503 de-

516 4519 757 4585 linquat,
791 4520 944 4581 2288ς
979 4523 1259 4578 finiuntur
1288 4540 1480 4581 earum
1516 4529 1842 4596 expiatione

518 4601 606 4652 vel
643 4600 1089 4667 dispensatione,
1119 4606 1262 4665 m.
1298 4608 1369 4662 ci.
1399 4609 1544 4671 affl,
1566 4610 1719 4673 2237ς
1742 4626 1840 4675 an,

514 4682 743 4749 quando
765 4683 823 4734 et
848 4697 961 4748 qua
992 4684 1210 4739 ratione
1242 4689 1623 4743 confessarius
1655 4695 1843 4758 potest

513 4763 578 4814 in
611 4762 729 4814 tom
761 4763 1158 4818 sacramentali
1188 4768 1592 4834 obligationem
1617 4787 1843 4825 servan·

513 4841 620 4894 dae
656 4856 869 4908 poenae
890 4845 1257 4911 suspendere,
1277 4849 1407 4902 2290
1425 4851 1460 4916 5
1478 4854 1523 4913 1,
1545 4855 1649 4906 aut
1668 4855 1840 4907 etiam

510 4937 546 4974 a
581 4937 762 4988 poena
794 4924 1144 4990 dispensare.
1177 4926 1305 4981 2290
1333 4930 1367 4996 5
1395 4930 1446 4984 2.

361 5005 763 5059 Poe-imus:
795 5005 900 5059 hoc
920 5010 1275 5060 sacramento
1299 5011 1669 5067 remittuntur
1690 5015 1838 5070 ildeli

510 5085 794 5151 disposito
817 5090 1043 5152 peccata
1065 5090 1192 5154 post
1213 5088 1554 5156 baptismum
1573 5094 1841 5158 admissa,

507 5164 634 5225 87ος
676 5166 862 5232 ipsius
910 5169 1173 5222 minister
1219 5174 1306 5222 est
1353 5173 1511 5225 solus
1558 5177 1839 5239 sacerdos,

507 5245 624 5306 871,
647 5249 749 5311 qui
785 5248 1121 5312 potestatem
1152 5250 1408 5304 obtineat
1432 5254 1844 5310 iurisdictionis

513 5327 633 5378 sive
674 5328 1041 5391 ordinariam,
1074 5332 1197 5384 sive
1238 5332 1573 5400 delegatam,
1614 5337 1729 5401 872,
1767 5339 1840 5393 cr.

512 5406 668 5467 mg
704 5407 834 5460 vide
875 5409 1181 5468 absolutio.
1225 5412 1580 5479 centaurii,
1623 5417 1845 5473 ceniu-

515 5488 622 5542 sio.
645 5489 986 5551 Inrlsdictio,
1019 5492 1276 5553 Parochi,
1309 5495 1416 5547 etc.

1956 584 2372 635 Poe-itentiae:
2393 582 2451 634 in
2471 581 2718 635 Ecclesia
2733 583 3130 649 delinquentes
3151 584 3406 650 plectun-

2082 665 2176 714 tur
2197 676 2309 714 non
2333 661 2520 715 solum
2556 665 2750 728 poenis
2771 666 2829 715 et
2861 664 3124 715 remediis
3156 665 3404 729 poenali·

2078 742 2204 804 bus,
2255 743 2353 794 sed
2403 742 2576 794 etiam
2627 744 3020 808 poenitentiis,
3074 744 3200 795 2216
3241 760 3297 797 n.
3340 747 3400 806 3;

2077 823 2414 889 praecipuae
2469 825 2855 888 poenitentiae
2903 838 3206 889 quaenam,
3246 826 3399 888 23133

2079 904 2462 968 imponuntur,
2513 906 2576 954 ut
2631 904 2965 969 delinquens
3020 904 3107 956 vel
3159 918 3400 971 poenam

2078 981 2333 1048 effugiat,
2378 983 2506 1036 2312
2546 983 2579 1048 5
2623 985 2667 1044 1,
2713 984 2853 1045 1952,
2899 984 2986 1035 vel
3032 998 3244 1050 poenae
3273 999 3403 1037 con-

2078 1063 2291 1116 tractae
2320 1064 2737 1116 absolutionem
2773 1066 2878 1116 aut
2918 1065 3400 1131 dispensationem

2076 1143 2334 1208 recipiat,
2366 1144 2493 1197 2312
2524 1144 2556 1210 5
2601 1145 2645 1205 1,
2686 1145 2817 1197 2248
2848 1145 2879 1210 5
2914 1146 2974 1205 2ς
3019 1144 3233 1210 imponi
3276 1158 3401 1210 pos-

2077 1226 2214 1276 sunt
2261 1226 2431 1276 etiam
2483 1239 2581 1291 per
2634 1226 2860 1277 modum
2909 1226 3191 1293 praecepti
3238 1227 3402 1277 extra

2076 1304 2371 1366 iudicium,
2409 1306 2533 1358 1933
2562 1305 2596 1371 5
2620 1306 2670 1366 4,
2703 1305 2831 1357 2229
2862 1306 2895 1373 5
2925 1307 2975 1360 4.

1950 1386 2424 1437 poenitentiarius
2455 1388 2658 1438 maier:
2692 1386 2804 1439 258.

1949 1466 2168 1518 Ponens
2200 1466 2327 1516 vide
2366 1468 2619 1519 Belator.

1949 1547 2323 1598 Pontiilealia:
2353 1559 2422 1598 ea
2442 1561 2701 1599 exercere
2723 1547 2858 1613 quid
2881 1547 3147 1612 importet
3168 1547 3227 1599 in
3250 1548 3397 1610 iure,

2072 1626 2167 1680 337
2204 1627 2237 1692 5
2269 1627 2327 1687 ἒς
2377 1627 2615 1692 quinam
2665 1627 2888 1694 possint
2933 1641 3001 1679 ea
3040 1641 3300 1680 exercere
3340 1630 3399 1680 et

2070 1706 2227 1759 intra
2272 1720 2417 1772 quos
2462 1707 2696 1759 limites:
2747 1706 3072 1759 cardinales
3112 1707 3169 1761 S.
3210 1708 3277 1760 R.
3313 1707 3394 1770 E..

2070 1787 2168 1840 239
2199 1787 2231 1854 5
2276 1789 2299 1839 1
2335 1802 2393 1840 n.
2439 1788 2516 1849 15.
2548 1789 2646 1842 2¹0
2677 1788 2709 1855 5
2746 1791 2804 1849 33
2840 1788 3036 1854 Legati
3071 1789 3230 1840 Rom.
3258 1787 3398 1841 Pon-

2071 1867 2257 1929 tiflcis‚
2280 1869 2376 1920 269
2398 1868 2429 1934 5
2451 1871 2511 1930 3;
2546 1868 2949 1935 Metropolitae,
2980 1868 3077 1920 274
3098 1883 3155 1921 n.
3178 1869 3237 1930 ὃς
3274 1869 3400 1935 Epi·

2070 1949 2243 2014 scopi,
2281 1937 2374 2002 337
2413 1949 2481 2015 55
2526 1951 2570 2010 1,
2609 1950 2675 2010 33
2720 1948 2968 2000 Abbates
3016 1949 3105 2001 vel
3153 1948 3396 2001 Praelati

2071 2029 2301 2090 nullius,
2335 2028 2448 2081 325.

1946 2109 2142 2160 Portis
2158 2111 2515 2173 paraecialis:
2536 2109 2781 2174 parocho
2796 2110 3007 2169 debita,
3026 2110 3250 2175 quoties
3265 2109 3395 2161 flde-

2070 2189 2141 2240 lis
2165 2203 2276 2241 non
2300 2190 2597 2242 funeratur
2612 2191 2671 2241 in
2689 2190 2930 2243 ecclesia
2946 2205 3050 2242 sua
3072 2190 3392 2257 paroeciali,

2072 2269 2223 2330 12363
2257 2284 2326 2321 ex
2360 2270 2571 2336 quibus
2603 2270 2979 2333 detrahenda,
3019 2271 3139 2325 1237
3166 2271 3238 2337 55
3273 2273 3318 2332 1,
3342 2270 3390 2334 2,

2070 2348 2130 2401 et
2161 2364 2275 2415 qua
2305 2350 2629 2416 quantitate
2685 2350 2807 2404 1237
2839 2351 2873 2417 5
2897 2354 2957 2412 33
2992 2351 3123 2404 vide
3156 2353 3392 2404 Funera.

1943 2430 2284 2483 Positiones:
2321 2444 2421 2482 seu
2455 2431 2679 2483 articuli
2712 2431 2801 2483 vel
2825 2432 3107 2497 quaesita,
3128 2432 3394 2498 aquibus

2069 2510 2447 2572 exhibendae,
2474 2512 2598 2562 1745
2617 2512 2724 2577 513
2747 2526 2894 2576 quae
2917 2512 3146 2578 regulae
3168 2526 3393 2565 servan-

2069 2590 2174 2642 dae
2197 2592 2256 2642 in
2282 2592 2656 2656 positionibus
2677 2593 3001 2654 exarandis,
3022 2593 3394 2646 admittendis

2068 2672 2127 2723 et
2160 2672 2307 2737 parti
2339 2672 2741 2739 proponendis,
2778 2673 2902 2725 1745
2933 2673 2966 2738 5
2990 2674 3040 2726 2.

1946 2780 2006 2789 -—
2035 2753 2106 2804 in
2125 2754 2334 2806 causis
2354 2755 2711 2806 Sanctorum
2736 2756 3152 2820 praeparandae
3176 2755 3250 2807 ad
3271 2768 3393 2822 pro-

2069 2833 2312 2885 bandam
2350 2833 2703 2886 validitatem
2742 2848 3042 2900 processus
3077 2836 3390 2901 apostolici,

2066 2913 2213 2975 1³99,
2245 2914 2315 2967 ci.
2339 2915 2491 2976 2131;
2526 2916 2810 2982 parandae
2833 2930 2934 2982 pro
2955 2917 3392 2984 congregatione

2064 2997 2622 3062 antepraeparatoria
2651 3011 2823 3063 super
2852 2998 3186 3051 heroicitate
3219 3000 3394 3051 virtu-

2067 3078 2189 3129 tum
2222 3077 2310 3129 vel
2342 3091 2514 3143 super
2537 3080 2828 3144 martyrio,
2851 3078 3003 3140 21063
3026 3093 3197 3146 super
3228 3079 3393 3132 mira-

2067 3157 2232 3218 culis,
2264 3159 2418 3220 2121;
2453 3157 2586 3211 item
2627 3173 2727 3224 pro
2764 3160 3203 3227 congregatione
3237 3175 3394 3226 prae-

2069 3240 2373 3304 paratoria,
2407 3240 2552 3302 2109,
2584 3239 2713 3291 2122
2731 3240 2799 3308 55
2824 3242 2870 3302 1,
2891 3241 2951 3302 2ς
2985 3242 3117 3293 item
3142 3256 3241 3308 pro
3263 3256 3392 3295 con-

2067 3321 2400 3386 gregatione
2433 3321 2700 3387 generali,
2734 3323 2879 3386 2113,
2909 3323 3051 3376 2123.

1941 3400 2265 3453 Possessio:
2324 3401 2536 3467 quibus
2592 3402 2856 3455 remediis
2910 3417 3013 3455 seu
3068 3404 3389 3456 actionibus

2066 3481 2356 3542 fulciatur,
2397 3483 2535 3544 1693,
2574 3483 2712 3544 1696,
2751 3484 2898 3544 16983
2932 3498 3006 3535 an
3041 3485 3278 3549 simplex
3299 3486 3393 3539 de-

2067 3563 2247 3615 tentio
2280 3563 2480 3615 iisdem
2519 3565 2701 3616 iuvari
2743 3565 2937 3629 possit,
2985 3566 3132 3628 16943
3177 3580 3394 3632 posses-

2065 3657 2159 3695 sor
2192 3645 2270 3696 rei
2292 3643 2533 3707 alienae,
2552 3645 2652 3697 lite
2673 3647 3008 3707 contestata,
3033 3647 3245 3698 desinit
3265 3661 3392 3701 esse

2068 3724 2248 3777 bonae
2277 3725 2430 3788 fidei,
2453 3727 2671 3793 etquid
2695 3727 2920 3788 exinde,
2948 3728 3067 3781 1731
3094 3742 3148 3779 n.
3171 3730 3229 3789 3;
3263 3742 3392 3782 con·

2067 3806 2157 3858 tra
2194 3807 2518 3872 quemlibet.
2542 3821 2914 3873 possessorem
2956 3810 3056 3875 qui
3101 3824 3190 3862 res
3232 3812 3388 3863 metu

2065 3888 2155 3940 vel
2190 3888 2321 3941 dolo
2352 3891 2606 3941 extortas
2637 3890 2906 3955 possidet,
2941 3891 3169 3942 institui
3204 3893 3392 3957 potest

2064 3968 2215 4019 actio
2255 3970 2596 4030 rescissoria,
2640 3970 2764 4022 1685
2806 3985 2863 4023 n.
2903 3971 2961 4030 s:
3006 3971 3143 4036 quid
3184 3972 3232 4023 si
3275 3971 3390 4023 duo

2064 4047 2261 4100 dicant
2295 4063 2356 4100 se
2390 4049 2698 4114 possidere,
2726 4050 2866 4101 1697.

1938 4156 2001 4165 -
2033 4127 2317 4193 beneficii.
2344 4129 2542 4194 officii,
2562 4130 2896 4196 difluimus,
2918 4133 3054 4183 etc.:
3079 4146 3246 4185 nenio
3266 4147 3391 4186 eam

2067 4210 2293 4276 propria
2321 4211 2659 4264 auctoritate
2693 4225 2891 4277 capere
2929 4213 3134 4277 potest,
3177 4216 3298 4277 aut,
3336 4217 3389 4348 ἶί

2066 4292 2410 4356 requiratur,
2446 4306 2560 4344 non
2601 4292 2811 4345 emissa
2852 4293 3198 4359 professione
3237 4295 3348 4349 ilde
3374 4334 3389 4359 ,

2068 4370 2193 4424 ius
2239 4370 2272 4438 5
2324 4371 2384 4433 1;
2434 4373 2666 4438 quinam
2713 4386 2837 4425 eam
2884 4375 3219 4438 concedant,
3271 4376 3395 4431 1443

2065 4451 2099 4519 5
2129 4452 2189 4514 2;
2223 4452 2505 4518 quomodo
2536 4467 2573 4505 a
2605 4454 2977 4507 beneficiariis
3000 4456 3284 4510 ordinarie
3305 4470 3393 4510 ca·

2066 4532 2296 4598 pienda,
2333 4534 2457 4585 1144
2487 4533 2521 4601 5
2556 4535 2611 4596 1ς
2645 4535 2717 4587 ab
2749 4536 3222 4588 Administratore
3249 4538 3394 4602 Apo-

2066 4612 2291 4675 stolico,
2324 4616 2452 4675 3133
2486 4615 2561 4667 ab
2594 4615 2867 4682 Episcopo
2900 4617 3275 4677 residentiali,
3298 4619 3395 4672 334

2066 4692 2099 4759 5
2120 4695 2179 4755 33
2211 4695 2285 4745 ab
2326 4694 2592 4761 Episcopo
2613 4697 2885 4749 dioecesis
2906 4696 3259 4760 coadiutore,
3275 4699 3390 4761 353,

2067 4775 2125 4825 et
2149 4775 2303 4826 intra
2332 4775 2488 4841 quod
2521 4778 2763 4843 tempus,
2800 4777 2923 4829 im
2953 4778 2986 4843 5
3008 4778 3065 4839 2;
3106 4794 3182 4831 an
3216 4780 3387 4831 etiam

2070 4869 2168 4920 per
2198 4857 2635 4922 procuratorem,
2671 4857 2820 4918 14453
2856 4858 2925 4910 de
2947 4858 3146 4911 effectu
3176 4874 3394 4926 posses-

2067 4935 2264 4996 sionis,
2300 4936 2448 4997 1472ς
2480 4936 2550 4988 de
2572 4937 2699 4989 eius
2720 4937 2919 4991 effectu
2942 4940 2989 4991 si
3017 4941 3242 5005 pacifice
3265 4956 3395 4995 con·

2068 5016 2293 5069 tinuata
2346 5016 2520 5068 fuerit
2576 5032 2671 5083 per
2725 5018 3007 5085 integrum
3054 5021 3390 5084 triennium,

2071 5097 2219 5159 ut&
2268 5098 2408 5164 quid
2456 5099 2528 5151 de
2570 5099 2900 5165 postulante
2940 5102 3271 5155 beneficium
3320 5103 3394 5155 ab

2068 5178 2186 5232 alio
2217 5180 2445 5245 paciiice
2476 5196 2820 5247 possessum,
2858 5183 3006 5244 1⁴473
3038 5184 3176 5250 quid
3212 5186 3282 5237 de
3322 5199 3392 5238 eo

2067 5261 2166 5326 qui
2203 5260 2559 5324 beneficium,
2603 5266 2731 5325 etc„
2778 5266 3002 5330 propria
3050 5267 3395 5319 auctoritate

2069 5346 2325 5409 occupat,
2357 5344 2504 5408 2394,
2539 5345 2627 5397 vel
2660 5344 2728 5397 de
2752 5359 2817 5397 eo
2839 5347 2942 5411 qui
2967 5347 3102 5398 illud
3137 5350 3392 5413 acceptat

2069 5426 2127 5476 et
2180 5425 2395 5490 patitur
2442 5440 2504 5479 se
2549 5427 2608 5478 in
2658 5427 2787 5477 eius
2836 5429 3246 5491 possessionem
3294 5429 3394 5478 im-

2068 5505 2239 5564 mitti,
2271 5506 2415 5560 2395.
