3753 5871
1465 380 1829 431 Documenta
3033 381 3143 440 679

323 568 425 631 62.
477 566 831 629 Secundus
872 569 1072 628 actus
1111 565 1599 629 antescrutinii
1652 569 1760 628 est
1811 567 2151 629 extractio
2206 567 2710 645 Scrutatorum,
2769 568 3144 647 Deputato·

151 691 314 737 rum
366 692 492 753 pro
533 674 712 737 votis
757 674 1209 752 infirmorum,
1265 680 1337 737 et
1379 674 1945 752 Recognitorum:
2008 690 2183 752 quae
2228 676 2589 753 extractio,
2636 679 3002 754 antequam
3051 676 3141 738 ad

150 782 568 843 scrutinium
598 782 1033 859 procedatur,
1063 786 1245 845 sorte
1270 765 1594 844 'facienda
1622 787 1750 860 est,
1783 783 1908 845 hoc
1936 782 2155 843 modo.
2193 783 2276 843 In
2306 800 2444 845 uno
2473 783 2767 861 sacculo,
2805 788 2932 846 aut
2958 801 3139 862 vase,

150 889 430 966 publice
473 893 821 967 ponantur
854 894 965 952 tot
997 889 1381 968 schedulae,
1428 893 1529 953 vel
1567 891 1624 951 si
1669 890 1892 969 magis
1926 888 2174 968 placet,
2213 889 2574 968 spherulae
2613 891 2876 969 ligneae
2914 892 3142 969 palam

150 1001 583 1075 numeratae,
622 1001 789 1075 quot
823 1001 988 1061 sunt
1030 995 1436 1060 Oardinales
1469 1000 1861 1076 praesentes
1896 998 1970 1059 in
2008 996 2356 1074 Conclavi,
2396 1015 2550 1059 cum
2585 1016 2817 1060 eorum
2856 999 3141 1060 nomini·

152 1105 325 1165 bus:
391 1105 635 1168 deinde
677 1122 801 1184 per
854 1105 1172 1167 ultimum
1218 1105 1597 1167 Diaconum
1665 1106 2123 1168 extrahantur
2200 1107 2420 1183 primo
2493 1105 2932 1168 Scrutatores
2976 1110 3142 1184 tres,

153 1216 405 1289 postea
430 1218 575 1276 tres
601 1213 935 1291 Deputati
971 1229 1097 1291 pro
1123 1213 1303 1275 votis
1333 1213 1785 1290 infirmorum,
1822 1214 1940 1291 qui
1970 1214 2330 1276 brevitatis
2363 1214 2596 1293 gratia
2623 1214 2998 1275 Infirmarii
3030 1232 3145 1291 ap-

155 1319 411 1396 pellari
454 1325 765 1398 possunt,
803 1338 886 1382 ac
933 1319 1207 1384 tandem
1245 1318 1752 1399 Recognitores,
1803 1320 1889 1384 de
1933 1337 2220 1397 quorum
2261 1323 2561 1383 omnium
2601 1321 2818 1384 officio
2855 1322 3149 1383 inferius

154 1444 287 1489 suo
320 1428 471 1490 loco
509 1428 867 1490 scribetur.
904 1428 1100 1501 Quod
1132 1430 1192 1490 si
1217 1429 1296 1490 in
1331 1429 1755 1492 extractione
1791 1427 2296 1507 Scrutatorum‚
2332 1430 2878 1491 lufirmariorum
2914 1435 2987 1491 et
3025 1431 3147 1491 Re·

154 1533 618 1613 cognitorum,
665 1537 961 1598 extracti
993 1535 1259 1599 fuerint
1301 1535 1727 1616 cardinales,
1765 1537 1884 1615 qui
1923 1538 2006 1599 ob
2051 1538 2524 1599 infirmitatem
2562 1537 2836 1598 aliudve
2869 1536 3148 1614 impedi-

156 1647 473 1704 mentum
506 1644 903 1706 muneribus
938 1642 1312 1722 praedictis
1348 1644 1748 1706 satisfacere
1782 1662 1919 1705 non
1956 1645 2246 1723 possint,
2293 1644 2417 1706 alii
2454 1663 2589 1706 non
2625 1644 2963 1721 impediti,
3005 1645 3154 1705 loco

155 1751 472 1829 illorum,
521 1752 998 1813 extrahantur.
1064 1751 1357 1814 Peracta
1414 1769 1572 1814 vero
1639 1752 2089 1828 extractione,
2153 1750 2535 1829 schedulae,
2612 1770 2727 1814 seu
2794 1751 3154 1829 spherulae

157 1874 427 1935 eorum,
469 1858 584 1936 qui
622 1860 913 1921 extracti
951 1859 1259 1935 fuerunt,
1296 1860 1368 1920 in
1407 1859 1776 1936 sacculum,
1819 1878 1935 1922 seu
1972 1860 2045 1920 in
2092 1878 2212 1921 vas
2248 1860 2498 1921 iterum
2545 1857 3025 1921 conficiantur.
3097 1852 3100 1855 ’

356 1966 458 2026 63.
514 1965 791 2027 Tertius
829 1969 1029 2027 actus
1071 1968 1555 2029 antescrutinii
1607 1972 1713 2030 est
1755 1966 2230 2030 schedularum
2288 1968 2597 2044 scriptio,
2644 1983 2817 2044 quae
2860 1967 2946 2028 ab
2994 1983 3153 2026 uno·

159 2089 439 2150 quoque
484 2072 841 2135 Cardinali
892 2074 1010 2137 fiet
1053 2075 1177 2136 hoc
1233 2074 1453 2136 modo.
1505 2064 1750 2136 Primo
1781 2076 1853 2135 in
1908 2076 2245 2152 superiori
2297 2078 2516 2152 parte,
2567 2075 2639 2134 in
2701 2074 2927 2151 spatio
2977 2073 3158 2135 inter
3232 2075 3242 2085 '

160 2181 378 2242 verba
408 2182 541 2254 Ego
574 2182 768 2242 Gard.
797 2180 1049 2244 scribet
1080 2182 1432 2259 proprium
1457 2199 1718 2258 nomen3
1751 2181 1994 2246 deinde
2019 2184 2091 2243 in
2120 2182 2420 2244 secunda
2448 2186 2646 2258 parte
2669 2198 2912 2244 nomen
2938 2181 3155 2260 illius,

158 2303 371 2363 quem
411 2286 630 2367 ehgit,
665 2288 1062 2351 charactere
1091 2293 1346 2368 tamen,
1383 2294 1714 2367 quantum
1752 2290 1902 2353 fieri
1938 2293 2188 2368 potest,
2227 2287 2548 2365 alterato,
2588 2306 2672 2351 ne
2707 2305 2954 2349 manus
2997 2287 3157 2348 scri-

160 2395 403 2457 bentis
441 2396 753 2474 cognosci
809 2397 1047 2474 possit3
1088 2400 1159 2460 et
1201 2402 1440 2460 caveat
1487 2415 1572 2461 ne
1625 2396 1829 2475 plura
1870 2398 2149 2460 nomina
2190 2399 2263 2458 in
2310 2395 2631 2459 schedula·
2675 2396 2953 2470 scribat;
2997 2392 3160 2471 quia

161 2503 581 2582 suffragium
623 2508 803 2567 esset
844 2504 1131 2565 nullum.
1178 2506 1262 2565 In
1313 2506 1525 2567 tertia
1565 2523 1725 2567 vero
1764 2509 1962 2584 parte
2005 2506 2226 2584 signa,
2272 2504 2589 2567 videlicet
2630 2520 2984 2566 numerum
3037 2500 3160 2565 ali-

161 2626 398 2687 quem,
447 2615 520 2673 et
557 2610 817 2672 dictum
855 2610 1133 2689 aliquod
1184 2612 1584 2690 Scripturae
1649 2632 1765 2676 seu
1814 2614 2115 2689 verbum,
2156 2616 2284 2675 aut
2321 2612 2583 2689 aliquid
2627 2610 3041 2685 huiusmodi,
3084 2612 3165 2671 ut

163 2719 239 2777 in
272 2717 590 2795 exemplo
623 2735 746 2795 pro
772 2717 1071 2781 faciliori
1100 2719 1564 2800 intelligentia
1592 2719 1811 2783 oculis
1839 2720 2167 2793 subiecto,
2201 2720 2428 2782 videre
2457 2723 2584 2783 est.
