3753 5871
1119 344 1297 397 Liber
1340 345 1599 407 Quarti„
1632 370 1653 382 -
1688 347 1776 397 De
1819 347 2197 399 Prooemium
3054 347 3160 406 547

1423 676 1681 744 CAPUT
1730 677 1881 744 ΙΙΙ.

169 796 290 865 De
312 799 474 889 im
504 800 904 866 accusandi
927 798 1481 877 matrimonium
1506 804 1577 866 et
1605 800 2037 884 postulandi
2063 799 2686 883 dispensationem
2714 816 2939 883 super
2962 805 3153 867 rato.

1315 1004 1321 1010 ·
1438 992 1615 1061 CAN.
1673 991 1867 1059 1970.

357 1116 717 1185 'tribunal
767 1116 1150 1200 collegiale
1198 1117 1482 1183 nullam
1533 1135 1833 1184 causam
1888 1117 2508 1184 matrimonialem
2557 1136 2996 1202 cognoscere
3041 1118 3162 1186 vel

160 1224 477 1294 definire
498 1229 768 1311 potest,
796 1225 942 1292 nisi
965 1225 1328 1310 regularis
1349 1226 1729 1293 accusatio
1751 1226 1866 1292 vel
1895 1224 2057 1293 iure
2078 1224 2285 1293 facta
2305 1224 2572 1309 petitio
2593 1224 3076 1310 praecesserit
3102 1222 3153 1293 ¹.

1452 1402 1628 1471 CAN·
1679 1402 1875 1469 1971.

357 1527 391 1610 9
440 1528 504 1593 1.
555 1526 865 1594 Habiles
908 1525 1004 1593 ad
1038 1525 1534 1593 accusandum
1571 1529 1793 1594 sunt:

438 1637 535 1700 1.⁰
578 1633 972 1719 Coniuges,
1005 1634 1084 1700 in
1111 1633 1451 1702 omnibns
1484 1635 1732 1701 causis
1768 1635 2262 1719 separationis
2290 1640 2366 1703 et
2401 1635 2801 1719 nullitatis,
2833 1636 2981 1703 nisi
3016 1636 3164 1721 ipsi

169 1740 467 1810 ruerint
498 1740 1007 1825 impedimenti
1043 1758 1292 1826 causa3

433 1847 533 1914 2.·
576 1848 967 1918 Promotor
1000 1849 1337 1918 iustitiae
1378 1851 1458 1916 in
1493 1850 2041 1934 impedimentis
2083 1854 2358 1918 natura
2390 1870 2530 1919 sua
2567 1852 2885 1936 publicis
2915 1850 2970 1916 ¹.

359 1956 393 2039 ξ
439 1955 506 2022 2.
555 1955 852 2041 Reliqui
897 1975 1172 2030 omnes,
1221 1957 1365 2024 etsi
1407 1958 1963 2042 consanguinei,
2014 1977 2161 2025 non
2209 1958 2483 2027 habent
2525 1959 2646 2026 ius
2689 1960 3165 2028 matrimonia

115 2076 116 2079 ’
167 2064 604 2148 accusandi,
639 2065 765 2133 sed
797 2064 1313 2133 tantummodo
1351 2065 1772 2134 nullitatem
1807 2066 2264 2134 matrimonii
2298 2066 2699 2135 Ordinario
2728 2068 2847 2135 vel
2879 2085 3159 2152 promo·

170 2170 332 2238 tori
379 2155 716 2238 iustitiae
760 2171 1254 2239 denuntiandi
1285 2167 1339 2235 ⁸.

1439 2279 1616 2348 CAN.
1667 2280 1862 2347 1972.

360 2400 943 2483 Matrimonium,
978 2400 1197 2485 quod,
1234 2405 1546 2486 utroque
1576 2402 1887 2487 coniuge
1916 2403 2232 2486 vivente,
2270 2421 2415 2471 non
2447 2404 2682 2472 fuerit
2710 2408 3164 2489 accusatum,

171 2511 352 2591 poet
389 2510 698 2575 mortem
738 2507 1179 2576 alterutrius
1215 2508 1332 2576 vel
1379 2508 1760 2595 utriusque
1790 2509 2127 2595 coniugis
2163 2510 2273 2577 ita
2307 2513 2809 2595 praesumitur
2837 2512 3167 2581 validum

169 2614 440 2698 fuisse,
470 2618 560 2683 ut
575 2618 838 2685 contra
862 2615 1051 2683 hanc
1078 2618 1749 2700 praesumptionem
1776 2637 1924 2685 non
1948 2618 2397 2687 admittatur
2422 2620 2788 2704 probatio,
2818 2620 2963 2688 nisi
2988 2621 3164 2688 inci·

170 2719 443 2789 denter
479 2722 770 2789 oriatur
811 2722 1144 2806 quaestio
1181 2722 1236 2786 ⁴.

1449 2832 1628 2901 OAN.
1679 2834 1875 2903 1973.

285 2959 299 2971 “
362 2953 518 3021 Soli
551 2955 902 3041 coniuges
940 2956 1058 3022 ius
1104 2957 1377 3026 habent
1424 2958 1721 3042 petendi
1763 2960 2389 3044 dispensationem
2439 2979 2662 3046 super
2698 2959 3172 3028 matrimonio

181 3065 359 3128 rato
391 3065 469 3129 et
501 3079 648 3128 non
677 3067 1209 3132 consummato.

1439 3259 1699 3327 OAPm·
1747 3261 1881 3328 1v.

1301 3397 1411 3467 De
1453 3399 2037 3486 probationibus.

1226 3611 1395 3675 Aur.
1450 3612 1503 3675 1.
1559 3646 1634 3657 -—
1691 3614 1788 3676 De
1836 3613 2131 3677 ustibus.

1442 3780 1617 3849 CAN.
1673 3780 1868 3847 1974.

370 3921 919 4007 consanguinei
954 3926 1031 3990 et
1067 3921 1320 3991 affines
1355 3922 1447 3991 de
1489 3923 1754 4008 quibus
1793 3923 1874 3990 in
1912 3939 2078 3989 can.
2122 3921 2318 4005 1757,
2366 3922 2400 4005 g
2438 3922 2508 4004 3,
2562 3940 2635 3988 n.
2686 3922 2756 4005 3,
2808 3921 3176 4021 habentur

185 4031 420 4095 testes
464 4027 747 4100 habiles
783 4029 864 4096 in
900 4029 1148 4097 causis
1183 4048 1484 4097 suorum
1532 4031 2114 4115 propinquorum
2154 4028 2204 4094 ³.

1458 4206 1634 4274 CAN.
1687 4206 1885 4276 1975.

372 4329 407 4413 ξ
456 4332 520 4397 1.
571 4331 665 4398 111
690 4331 938 4399 causis
964 4332 1444 4416 impotentiae
1478 4332 1596 4398 vel
1631 4329 2393 4414 inconsummationis,
2437 4331 2585 4398 nisi
2613 4331 2706 4399 de
2738 4331 3180 4414 impotentia

185 4435 310 4505 vel
345 4437 1055 4508 inconsummatione
1096 4439 1397 4507 aliunde
1430 4442 1636 4507 certo
1666 4442 1981 4522 constet,
2020 4439 2238 4507 debet
2272 4444 2582 4523 uterque
2616 4439 2885 4507 coniux
2924 4443 3175 4521 testes,

188 4544 325 4630 qui
368 4545 724 4629 septimae
793 4565 1057 4614 manus
1125 4547 1468 4630 audiunt,
1529 4548 1902 4630 inducere,
1965 4548 2324 4632 sanguine
2404 4549 2541 4614 aut
2603 4545 2965 4615 affinitate
3034 4545 3177 4614 sibi

381 4771 402 4807 ¹
443 4770 500 4823 S.
545 4771 611 4823 O.
651 4772 709 4823 Β.
744 4772 884 4832 off..
923 4775 1093 4824 lustr.
1139 4771 1243 4830 (ad
1284 4772 1391 4832 Ep.
1427 4771 1672 4823 mtuum
1704 4772 1979 4834 orient),
2015 4785 2071 4823 a.
2106 4771 2253 4832 1888,
2301 4772 2396 4823 tit.
2435 4770 2486 4831 1,
2521 4783 2580 4822 n.
2618 4770 2670 4833 ὃς
2706 4770 2765 4823 S.
2797 4770 2862 4822 C.
2898 4771 2975 4823 de
3009 4772 3173 4832 Prop.

198 4862 368 4923 moe,
401 4861 571 4913 matr.
601 4873 657 4911 a.
696 4862 845 4922 1883,
874 4874 933 4914 n.
963 4862 1015 4914 3.

378 4952 402 4986 ³
438 4950 502 5002 ο.
532 4950 583 5011 3,
612 4949 678 5010 x,
711 4951 784 5001 aa
812 4951 1105 5011 awos-uu,
1135 4951 1237 5012 ιν,
1268 4952 1350 5003 19.

373 5047 400 5084 ε
447 5041 505 5094 Β.
541 5042 606 5094 0.
647 5040 705 5093 s.
742 5027 881 5102 oft„
918 5043 1088 5095 metr.
1133 5042 1235 5103 (ad
1271 5041 1376 5103 sp.
1423 5042 1667 5094 mtuum
1701 5042 1975 5104 orient),
2010 5054 2066 5092 a.
2102 5041 2251 5102 issa,
2296 5042 2392 5094 ut.
2434 5042 2483 5102 1,
2520 5042 2659 5104 11.ae
2698 5041 2756 5094 s.
2788 5042 2854 5093 e.
2892 5042 2965 5093 de
3009 5040 3178 5099 prop.

198 5132 367 5192 Fide,
399 5133 569 5185 instr.
611 5144 667 5184 a.
699 5130 849 5191 188³,
883 5142 942 5182 n.
973 5131 1025 5184 8.

377 5227 405 5265 ⁴
440 5224 500 5273 c.
535 5225 585 5286 7,
620 5225 702 5284 11,
736 5225 807 5284 x,
842 5225 941 5285 qui
975 5225 1085 5284 nm
1118 5228 1242 5275 unt
1278 5227 1544 5287 tensum,
1582 5229 1677 5289 lv,
1713 5230 1796 5280 17.

376 5313 405 5353 s
440 5309 502 5360 c.
538 5311 587 5367 2,
616 5311 676 5362 c.
713 5310 946 5367 xxxv.
977 5324 1029 5370 q.
1067 5312 1124 5369 6;
1164 5324 1212 5365 e.
1246 5314 1295 5371 5.
1329 5314 1414 5371 22,
1446 5315 1517 5371 x,
1550 5315 1622 5364 ae
1655 5302 1907 5366 tenum
1940 5317 1998 5364 et
2030 5316 2530 5376 attestationibus,
2566 5318 2642 5373 11.
2676 5319 2769 5376 20;
2813 5330 2859 5368 c.
2896 5318 2945 5375 3,
2978 5317 3049 5373 x.
3086 5316 3188 5375 quc

200 5397 648 5447 matrimonium
677 5407 957 5448 acescere
983 5399 1246 5459 possum,
1279 5400 1371 5450 vel
1401 5403 1609 5451 contro
1635 5402 1787 5452 illud
1817 5400 2146 5460 testificari,
2177 5403 2272 5458 IV.
2304 5403 2398 5462 18:
2434 5404 2496 5455 8.
2528 5403 2588 5454 C.
2623 5403 2679 5453 S.
2710 5403 2836 5470 Off·-
2870 5404 3039 5453 lustr.
3080 5401 3185 5457 (ad

200 5483 306 5543 Ep.
345 5481 592 5534 Rituum
629 5484 909 5541 orient),
946 5495 998 5533 a.
1038 5485 1190 5542 1883.
1224 5487 1317 5537 ut.
1355 5487 1452 5544 VI,
1486 5489 1598 5538 art.
1637 5490 1685 5540 δ.
