3753 5871
506 349 610 407 136
1637 351 1831 402 Codex
1872 351 1900 399 1
1906 350 2032 399 uris
2081 347 2359 400 canonici

1785 556 1963 623 CAN.
1999 555 2153 622 473.

678 682 710 762 ἓ
761 683 824 745 1.
875 680 1221 746 Vicarius
1276 695 1709 745 oeconomus
1763 677 2024 744 iisdem
2089 677 2378 743 iuribus
2431 676 2704 759 gaudet
2767 674 3170 758 iisdemque
3227 673 3484 741 officiis

502 788 1024 872 adstringitur,
1072 807 1159 853 ac
1203 787 1591 871 parochus,
1637 787 1715 852 in
1758 787 1853 852 iis
1896 804 2082 868 quae
2124 786 2538 851 animarum
2589 802 2845 850 curam
2890 787 3250 866 spectant;
3294 782 3484 848 nihil

502 900 747 963 tamen
782 896 928 979 ipsi
966 914 1181 978 agere
1212 895 1289 959 in
1329 893 1669 977 paroecia
1699 891 1900 975 licet,
1936 893 2128 976 quod
2168 891 2704 976 praeiudicium
2735 891 3003 958 afferre
3036 889 3271 973 possit
3301 889 3478 955 iuri·

504 1004 637 1069 bus
668 1002 968 1086 parochi
1000 1006 1133 1069 aut
1165 1001 1491 1068 beneficii
1526 999 1964 1083 paroecialis
1998 1000 2047 1067 ¹.

680 1111 713 1192 ξ
761 1110 826 1174 2.
878 1112 1331 1176 Oeconomus
1360 1127 1546 1175 novo
1580 1108 1902 1192 parocho
1927 1108 2042 1174 vel
2077 1124 2464 1173 oeconomo
2495 1105 2897 1173 successori
2922 1121 3169 1171 coram
3205 1103 3488 1170 vicario

500 1218 807 1285 foraneo
843 1218 955 1284 vel
992 1218 1142 1283 alio
1176 1215 1553 1284 sacerdote
1596 1217 1690 1282 ab
1730 1216 2132 1285 Ordinario
2163 1214 2550 1299 designato
2586 1213 2840 1280 tradat
2875 1210 3152 1278 clavem
3198 1210 3485 1277 archivi

501 1332 575 1392 et
618 1325 1109 1391 inventarium
1167 1324 1520 1391 librorum
1575 1342 1662 1391 ac
1713 1325 2316 1391 documentorum
2361 1322 2821 1405 aliarumque
2867 1338 3109 1387 rerum
3158 1335 3341 1403 quae
3385 1318 3486 1385 ad

501 1433 912 1515 paroeciam
939 1432 1339 1515 pertinent,
1374 1436 1448 1498 et
1480 1432 1839 1499 rationem
1871 1431 2134 1498 reddat
2163 1430 2448 1513 accepti
2472 1435 2546 1497 et
2569 1428 2871 1512 expensi
2896 1431 3222 1511 tempore
3253 1426 3481 1493 admi·

502 1537 992 1605 nisu-ationis.

1799 1648 1975 1715 CAN.
2013 1648 2165 1715 474.

675 1765 1021 1843 Vicarius
1056 1769 1507 1836 substitutus
1549 1771 1675 1854 qui
1705 1773 2194 1840 constituitur
2224 1773 2319 1840 ad
2354 1792 2683 1840 normam
2714 1792 2878 1840 can.
2915 1773 3070 1857 465,
3115 1773 3190 1855 ἓξ
3226 1774 3295 1855 4,
3331 1774 3376 1840 5
3410 1779 3490 1842 et

498 1889 662 1937 can.
696 1873 891 1953 1923,
928 1875 960 1954 ἓ
992 1875 1059 1955 2,
1095 1876 1332 1943 locum
1366 1878 1668 1960 parochi
1703 1884 1905 1948 tenet
1941 1880 2018 1946 in
2053 1881 2388 1947 omnibus
2422 1900 2605 1966 quae
2643 1882 2737 1949 ad
2776 1900 3029 1949 curam
3064 1882 3484 1948 animarum

501 1982 863 2063 spectant,
905 1982 1048 2048 nisi
1085 1984 1529 2052 ordinarius
1563 1987 1706 2054 loci
1741 1989 1855 2053 vel
1891 1989 2257 2071 parochus
2298 1988 2580 2072 aliquid
2623 1989 3065 2072 exceperint.

1800 2160 1978 2227 CAN.
2013 2160 2167 2227 475.

676 2288 710 2368 ξ
757 2290 823 2351 1.
877 2287 958 2355 Si
992 2275 1358 2371 parochus
1388 2287 1480 2353 ob
1512 2289 1986 2367 senectutem,
2023 2285 2293 2353 mentis
2322 2285 2613 2367 vitium,
2660 2284 3134 2367 imperitiam,
3172 2284 3486 2351 caecita-

500 2399 645 2461 tem
688 2394 1000 2462 aliamve
1034 2399 1579 2478 permanentem
1612 2412 1925 2460 causam
1952 2393 2107 2459 suis
2150 2392 2424 2459 muniis
2471 2393 2611 2460 rite
2646 2392 3001 2459 obeundis
3037 2392 3279 2475 impar
3322 2410 3486 2458 eva·

500 2502 705 2584 serit,
745 2502 1188 2569 Ordinarius
1215 2502 1357 2569 loci
1383 2502 1510 2570 det
1533 2502 1893 2569 vicarium
1923 2501 2362 2584 adiutorem,
2395 2504 2946 2584 praesentatum
2969 2518 3026 2566 a
3059 2499 3487 2583 Superiore,

499 2610 564 2676 si
595 2609 688 2676 de
719 2610 1057 2694 paroecia
1088 2614 1357 2691 agatur
1392 2609 1756 2691 religiosis
1783 2609 2233 2691 concredita,
2270 2609 2396 2692 qui
2436 2608 2781 2692 suppleat
2814 2607 2973 2675 eius
3003 2607 3257 2689 vicem,
3302 2608 3488 2673 assi-

497 2721 728 2800 gnata
759 2716 989 2784 eidem
1022 2735 1347 2801 congrua
1381 2715 1761 2784 fructuum
1796 2716 2160 2800 portione,
2207 2716 2353 2782 nisi
2385 2716 2608 2783 aliter
2645 2716 3017 2799 provisum
3056 2715 3234 2782 sit.
3183 2714 3210 2751 ²

677 2825 709 2904 ξ
755 2822 823 2888 2.
873 2824 1248 2905 Adiutori,
1288 2825 1346 2889 si
1390 2825 1469 2890 in
1510 2824 1846 2892 omnibus
1882 2825 2228 2907 suppleat
2273 2823 2575 2907 parochi
2615 2823 2869 2905 vicem,
2914 2823 3084 2889 iura·
3123 2823 3372 2889 omnia
3408 2827 3495 2890 et

500 2930 734 2998 officia
777 2938 1206 3016 competunt
1243 2931 1728 3016 parochorum
1778 2932 2107 3016 propria,
2148 2937 2452 3016 excepta
2501 2930 2773 2998 Missae
2809 2930 3307 3015 applicatione
3348 2949 3494 3015 pro

502 3039 773 3124 populo
812 3059 997 3123 quae
1036 3040 1435 3124 parochum
1471 3047 1756 3124 gravat3
1802 3040 1868 3107 si
1901 3059 2074 3107 vero
2113 3041 2457 3124 suppleat
2492 3058 2581 3107 ex
2618 3044 2832 3122 parte
2867 3039 3282 3120 dumtaxat,
3323 3038 3495 3105 eius

500 3148 667 3214 iura
700 3153 774 3215 et
804 3148 1287 3232 obligationes
1323 3148 1808 3216 desumantur
1834 3168 1924 3215 ex
1961 3148 2236 3216 litteris
2262 3147 2771 3231 deputationis
2812 3144 2866 3212 ³.

679 3253 711 3335 ἓ
758 3255 824 3322 3.
878 3254 957 3321 si
982 3256 1346 3339 parochus
1375 3256 1474 3324 sit
1497 3257 1613 3322 sui
1638 3275 1959 3340 compos,
1987 3255 2291 3324 adiutor
2313 3272 2608 3339 operam
2636 3273 2843 3320 suam
2867 3256 3246 3337 praestare
3266 3251 3496 3320 debet

499 3363 635 3428 sub
666 3362 985 3429 eiusdem
1029 3365 1476 3432 auctoritate
1510 3365 1908 3431 secundum
1952 3363 2333 3432 Ordinarii
2369 3364 2685 3430 litteraS.

677 3469 709 3550 ξ
756 3471 821 3534 4.
873 3470 1083 3549 Quod
1123 3472 1184 3536 si
1225 3490 1355 3554 per
1402 3472 1755 3538 vicarium
1805 3473 2219 3539 adiutorem
2268 3472 2457 3538 bono
2495 3470 2910 3536 animarum
2953 3468 3325 3553 provideri
3367 3486 3492 3535 ne·

496 3580 738 3658 queat,
775 3577 978 3643 locus
1009 3585 1117 3645 est
1160 3580 1460 3662 parochi
1490 3581 1847 3647 amotioni
1879 3581 1974 3646 ad
2010 3595 2337 3647 normam
2368 3597 2532 3646 can.
2568 3577 2962 3643 2147-2161.

1795 3759 1972 3823 CAN.
2009 3758 2161 3824 476.

676 3880 709 3961 §
757 3882 821 3945 1.
876 3881 955 3946 Si
1003 3881 1367 3964 parochus
1425 3885 1727 3964 propter
1786 3882 2042 3965 populi
2110 3882 2661 3949 multitudinem
2721 3883 2998 3950 aliasve
3060 3902 3329 3951 causas
3369 3905 3489 3953 ne·

498 3993 742 4070 queat,
800 3988 1075 4054 iudicio
1127 3989 1532 4068 Ordinarii,
1597 3990 1797 4055 solus
1849 3990 2397 4057 convenientem
2453 4008 2708 4057 curam
2764 4010 3014 4075 gerere
3070 3993 3492 4082 paroeciae,

496 4093 727 4161 eidem
764 4095 983 4162 detur
1023 4115 1211 4162 unus
1254 4097 1362 4162 vel
1404 4097 1654 4179 plures
1695 4097 1959 4163 vicarii
1993 4101 2530 4181 cooperatore8‚
2572 4097 2837 4183 quibus
2879 4118 3209 4185 congrua
3249 4119 3493 4169 remu·

499 4202 787 4269 neratio
815 4203 1236 4287 assignetur
1262 4205 1315 4271 ⁴.

680 4446 701 4483 ¹
739 4447 912 4498 Cone.
944 4446 1230 4507 Trident„
1270 4460 1411 4498 sess
1444 4447 1643 4506 XXIV,
1684 4449 1754 4497 de
1790 4446 1925 4507 ret„
1954 4460 2004 4499 c.
2036 4448 2117 4509 183
2149 4448 2501 4550 Benedictus
2533 4449 2682 4510 XIV,
2722 4460 2813 4509 ep.
2844 4451 3062 4511 encycl.
3095 4465 3126 4500 α
3158 4451 3307 4501 Cum
3342 4461 3498 4501 eem-

501 4546 606 4595 per
643 4536 875 4587 oblatas
909 4553 955 4596 ιι,
990 4538 1056 4589 19
1087 4536 1403 4598 aug.1744,
1448 4538 1478 4597 5
1509 4538 1559 4588 9.

669 4628 696 4664 ²
739 4626 803 4677 C.
837 4627 886 4685 3,
918 4628 984 4686 X,
1022 4628 1092 4676 de
1131 4626 1339 4675 clerico
1373 4629 1715 4686 aeorotante
1751 4625 1843 4675 vel
1881 4626 2208 4683 debilitato,
2250 4627 2364 4686 ΙΙΙ,
2401 4628 2450 4685 6:
2492 4627 2665 4678 Cone.
2712 4627 2998 4688 Trident„
3037 4639 3180 4679 sess.
3219 4629 3371 4689 XXI,
3419 4632 3511 4680 do

499 4717 634 4774 res„
662 4728 713 4767 c.
745 4716 794 4776 6;
824 4716 1176 4768 Benedictus
1203 4716 1353 4776 xlv,
1390 4719 1575 4768 const.
1614 4730 1649 4766 α
1674 4715 1767 4766 Aa
1798 4715 2116 4767 militantia
2154 4731 2203 4776 n,
2242 4716 2308 4768 30
2335 4719 2508 4768 mart.
2545 4716 2692 4775 1742,
2729 4717 2755 4776 5
2787 4717 2837 4776 9,
2870 4716 2952 4778 12;
2979 4728 3071 4777 ep.
3104 4732 3136 4768 ι
3165 4715 3260 4767 Eo
3289 4728 3404 4777 quo
3435 4734 3504 4780 ι,

498 4806 563 4856 14
601 4806 717 4855 lan.
756 4805 901 4867 17473
936 4805 993 4856 S.
1026 4803 1090 4857 O.
1126 4807 1230 4866 Ep.
1262 4808 1325 4856 et
1354 4805 1515 4866 Reg„
1555 4805 1780 4862 Alben„
1819 4805 1883 4856 15
1919 4808 2032 4857 oet.
2069 4805 2215 4862 1001:
2262 4804 2321 4857 S.
2354 4804 2417 4856 C.
2450 4804 2538 4865 0.,
2587 4804 2901 4865 sedamen„
2939 4805 3004 4857 29
3039 4806 3166 4866 lul„
3213 4807 3283 4858 19
3327 4819 3506 4870 aug„

497 4895 531 4938 9
556 4898 702 4948 sont.
736 4893 881 4945 1775.

671 4981 697 5016 ³
739 4978 795 5027 S.
830 4976 895 5028 G.
928 4978 1014 5036 C..
1052 4978 1437 5036 silvacane-is,
1471 4979 1535 5029 11
1566 4981 1740 5030 mart.
1778 4979 1925 5031 1843.

677 5070 707 5107 ⁴
742 5065 806 5116 C.
838 5067 888 5125 3,
921 5067 986 5125 X,
1023 5068 1093 5117 de
1132 5066 1346 5116 clerico
1388 5070 1732 5130 aearotante
1765 5069 1858 5118 vel
1895 5066 2223 5128 debilitato,
2260 5068 2375 5128 111,
2411 5069 2460 5129 6;
2494 5069 2668 5121 Cone.
2713 5069 3000 5131 Trident„
3047 5082 3190 5122 sese.
3228 5071 3378 5128 XXI,
3423 5075 3519 5124 cle

502 5160 634 5216 res„
673 5169 722 5207 c.
756 5158 804 5218 4:
845 5159 1222 5209 Innocentius
1258 5158 1422 5218 XIII,
1460 5161 1643 5209 const.
1688 5173 1717 5207 «
1758 5158 2080 5217 apostolici
2116 5158 2432 5209 ministerii
2480 5173 2529 5219 ιι,
2579 5158 2644 5210 23
2682 5158 2826 5209 mali
2862 5158 3010 5217 1723,
3053 5160 3082 5218 5
3122 5159 3203 5220 13;
3242 5159 3518 5214 Benedi-

500 5251 632 5299 ctus
660 5248 825 5307 XIII,
853 5251 1040 5299 const.
1068 5262 1097 5297 α
1128 5247 1193 5297 ln
1218 5259 1487 5306 supremo
1512 5263 1560 5308 ιι,
1585 5248 1649 5299 23
1675 5252 1821 5307 sept.
1855 5247 2003 5307 1724,
2039 5248 2065 5307 5
2091 5248 2173 5307 10,
2205 5247 2285 5308 28;
2311 5251 2494 5298 const.
2526 5263 2557 5298 ι
2579 5247 2908 5299 Pastor-aus
2932 5248 3108 5307 officii
3135 5263 3186 5307 t,
3213 5248 3279 5298 27
3308 5255 3514 5305 mart.

500 5338 646 5396 1726,
678 5337 704 5397 5
734 5338 783 5397 3;
809 5337 1162 5388 Benedictus
1186 5337 1335 5395 XIV,
1366 5340 1547 5388 const.
1582 5352 1611 5387 e
1639 5337 1728 5387 Aa
1762 5336 2079 5388 militantia
2114 5350 2163 5396 ιι,
2191 5336 2258 5388 30
2282 5339 2458 5388 mart.
2488 5336 2635 5396 1742,
2669 5337 2695 5396 5
2725 5338 2806 5397 11;
2829 5339 3016 5389 const.
3051 5351 3088 5387 ι
3120 5336 3256 5388 Etsi
3292 5342 3518 5397 panto-

500 5426 646 5475 ralis
686 5439 735 5484 ιι,
774 5425 843 5477 26
874 5426 1014 5476 mail
1047 5426 1194 5485 1742,
1233 5425 1259 5485 5
1294 5425 1362 5485 V,
1394 5436 1452 5475 n.
1492 5427 1586 5487 1x;
1630 5426 1687 5477 S.
1731 5425 1795 5477 G.
1832 5426 1938 5486 Ep.
1976 5429 2038 5477 et
2071 5426 2234 5488 Reg„
2270 5426 2513 5484 Aquen„
2547 5426 2613 5478 30
2640 5438 2771 5477 nov‚
2803 5425 2950 5486 1582:
2987 5425 3046 5477 Β.
3079 5423 3145 5477 O.
3178 5425 3267 5486 0..
3304 5426 3339 5479 7
3371 5433 3517 5484 oct.

499 5515 646 5575 1604:
685 5513 1036 5572 Marsorum,
1082 5515 1147 5567 1ss
1185 5526 1310 5574 apr.
1355 5513 1499 5571 1639:
1544 5514 1922 5570 Grossetana,
1966 5515 2032 5566 10
2071 5518 2220 5575 sept.
2274 5515 2421 5577 164&
2471 5513 2941 5577 Neritonen.‚.‚21
2984 5514 3087 5566 iul.
3119 5513 3271 5574 10⁸3,
3316 5515 3398 5567 ad
3453 5522 3524 5582 1:
