3753 5871
579 107 924 176 [nomnen

699 189 916 242 lissimo
953 189 1118 247 modo
1149 188 1281 241 Sodi
1313 189 1510 256 Apost.
1545 189 1850 250 reservata,
1872 202 1918 240 ι
1941 201 2030 241 sa-

695 270 922 322 cerdote
968 268 1236 322 bonitate
1278 271 1526 330 carente,
1566 269 1615 322 si
1655 267 2026 330 convaluerit,

697 348 850 409 ως
872 350 943 402 de
972 348 1329 403 absolutione
1359 350 1434 402 ab
1455 349 1548 405 his
1577 351 1834 403 censuris
1863 351 2027 402 extra

700 430 894 484 mortis
925 429 1257 496 periculum,
1288 429 1417 483 8853
1454 443 1551 482 nn.
1574 429 1625 491 8,
1645 428 1699 494 8,
1724 428 1813 483 vei
1843 430 1908 482 in
1938 442 2028 482 ca·

699 510 859 563 sibus
892 510 1329 578 urgentioribus,
1360 510 1505 562 8851.

572 592 848 645 coenatica
883 590 1385 657 disponsationis:
1419 589 1500 642 m.

573 700 637 711 ——
658 672 1000 740 privileaii:
1032 670 1113 732 73,
1137 670 1218 722 77.

573 755 764 807 cessio
799 754 1066 805 bonora-
1102 765 1408 818 eorumque
1442 751 1955 824 administrationis
1989 764 2026 804 a

698 832 974 900 religiosis
1006 831 1281 893 iacienda,
1312 831 1427 893 ᾶω,
1462 831 1558 884 5oe
1588 831 1621 898 5
1641 830 1694 893 3,
1726 831 1839 885 583.

574 913 835 978 chirurgi
864 911 991 965 vide
1023 913 1236 965 101101.

575 995 823 1046 cbrisma
854 993 981 1045 vide
1018 992 1396 1045 contr-nic.

572 1074 976 1128 Obristlldeles
1038 1073 1299 1125 homines
1354 1073 1784 1125 constituuntur
1844 1069 2027 1139 bapti·

693 1156 890 1216 smate,
912 1154 1011 1220 qui
1032 1167 1130 1206 eos
1151 1154 1285 1206 iacit
1307 1153 1366 1204 ln
1401 1151 1644 1205 Ecclesia
1664 1151 1872 1206 Christi
1906 1166 2027 1218 per-

698 1247 894 1288 sonam
931 1248 1064 1286 cum
1111 1231 1374 1286 omnibus
1420 1233 1648 1285 iuribus
1695 1234 1755 1286 st
1805 1230 2022 1296 officiis,

702 1315 825 1376 nisi,
849 1316 974 1378 etc„
994 1315 1085 1375 87;
1119 1313 1354 1380 proinde
1390 1314 1483 1366 ius
1518 1312 1752 1375 babent,
1783 1313 2024 1366 servatis

696 1395 1007 1457 servandis,
1039 1394 1114 1448 ad
1155 1394 1307 1447 bona
1337 1394 1661 1459 spiritualia
1700 1395 1760 1447 et
1802 1392 2027 1461 potissi·

696 1490 847 1529 mum
868 1476 940 1528 ad
971 1475 1300 1528 adiumenta
1323 1474 1397 1526 ad
1416 1474 1661 1529 salutem
1686 1474 2021 1535 necesaria,

696 1555 816 1618 688;
848 1556 982 1609 inde
1013 1570 1049 1609 a
1082 1555 1324 1623 pueritia
1350 1555 1412 1607 in
1441 1554 1720 1608 catholica
1751 1553 2024 1622 religione

698 1637 836 1689 sunt
872 1635 1231 1697 instituendi,
1266 1634 1390 1688 1878
1423 1635 1458 1702 5
1482 1635 1539 1696 1;
1573 1634 1858 1688 excitandi
1889 1635 2026 1686 sunt

695 1731 732 1767 a
769 1715 1089 1782 pastoribus
1125 1715 1445 1768 animarum
1482 1713 1557 1767 ad
1589 1715 1857 1780 pietatem
1890 1726 2025 1780 erga

697 1798 905 1849 samam
925 1795 1353 1854 Eucharistiam,
1378 1794 1518 1855 1878ς
1540 1795 1771 1848 sanctos
1789 1797 1849 1848 et
1870 1809 2027 1862 prae·

695 1876 891 1929 sertim
932 1875 995 1929 B.
1020 1874 1088 1929 V.
1109 1874 1341 1927 Mariam
1377 1875 1639 1929 invocare
1675 1875 1735 1929 et
1766 1876 2024 1928 venerari

696 1956 921 2018 debent,
946 1956 1094 2017 1876;
1129 1955 1295 2008 iidem
1324 1958 1520 2022 aperte
1551 1956 1801 2023 profiteri
1831 1959 2025 2010 tenen·

697 2041 808 2101 tur,
842 2037 893 2091 si
935 2051 1101 2090 secus
1143 2036 1449 2090 baberetur
1482 2037 1755 2104 implicita
1796 2039 2024 2105 negatio

696 2118 825 2171 fidei
854 2119 959 2171 aut
987 2119 1344 2182 contemptus
1376 2117 1668 2184 religionis
1686 2121 1795 2172 aut
1813 2119 2024 2171 iniuria

697 2199 799 2250 Dei
824 2198 911 2249 vel
935 2196 1264 2250 scandalum
1287 2197 1544 2263 proximi,
1571 2196 1694 2248 1885
1713 2197 1746 2264 5
1766 2201 1815 2259 1;
1833 2198 1907 2250 ab
1930 2197 2025 2251 Ec-

691 2278 864 2332 clesia
903 2277 1044 2330 iussi
1081 2278 1350 2329 tenentur
1387 2278 1673 2343 praestare
1706 2277 2022 2330 necessaria

692 2359 766 2412 ad
795 2357 1012 2411 cultum
1044 2357 1164 2418 Dei,
1186 2358 1663 2411 sustentationem
1693 2358 2022 2410 clericorum

693 2442 752 2491 et
781 2438 923 2491 alios
953 2437 1096 2492 flues
1129 2437 1404 2491 Ecclesiae
1437 2439 1711 2505 proprios,
1746 2437 1886 2491 1406.

567 2521 820 2573 Christus
850 2521 1114 2572 Dominus
1157 2519 1217 2571 in
1256 2519 1410 2572 asma
1451 2518 1808 2572 Eucharistia
1845 2519 2022 2571 conti·

693 2602 882 2663 netur,
926 2599 1182 2662 offertur,
1216 2599 1482 2660 sumitur,
1521 2599 1646 2659 mn
1699 2599 2023 2652 adorandus

692 2681 853 2735 cultu
902 2681 1099 2733 latriae
1140 2680 1313 2733 etiam
1354 2679 1462 2731 sub
1502 2679 1797 2746 speciebus
1839 2693 2023 2732 sacra-

691 2761 1051 2821 mentalibus,
1088 2759 1211 2812 1255
1249 2759 1282 2826 5
1316 2760 1372 2820 1;
1415 2759 1544 2812 fidei
1576 2760 1894 2826 depositum
1928 2759 2022 2813 Ec-

691 2841 896 2896 clesiae
924 2840 1287 2903 concredidit,
1307 2853 1455 2906 quae
1490 2840 1672 2906 ipsum
1703 2842 1898 2894 sancte
1925 2855 2023 2894 cu-

692 2922 933 2976 stodiret
964 2923 1022 2974 et
1054 2919 1293 2974 fideliter
1323 2923 1652 2988 exponeret,
1688 2920 1811 2974 1388
1840 2921 1873 2989 5
1900 2922 1944 2975 1.

565 3006 795 3059 citatio:
831 3003 969 3069 quid
1001 3003 1095 3064 sit,
1134 3003 1253 3055 1711
1300 3003 1333 3069 5
1367 3004 1420 3064 1;
1465 3017 1615 3069 quae
1656 3004 2020 3069 requirantur

693 3086 761 3138 ut
792 3083 892 3136 ssat
922 3084 982 3135 in
1003 3082 1409 3146 criminalibus,
1436 3083 1558 3135 1939
1588 3083 1690 3149 51;
1723 3084 2021 3151 suppletur

690 3165 1005 3232 spontanea
1059 3163 1460 3230 competitione
1519 3164 1767 3230 partium
1827 3178 2020 3218 coram

693 3245 892 3306 iudice,
930 3243 1049 3296 1711
1093 3244 1125 3310 5
1157 3243 1216 3303 Ως
1259 3258 1295 3295 a
1332 3257 1579 3309 quonam
1612 3244 1695 3305 nt,
1732 3244 1855 3296 1718
1895 3245 1927 3311 5
1964 3245 2017 3307 1;

688 3326 912 3379 cuinam
964 3323 1372 3385 denuntianda,
1424 3324 1547 3377 1718
1598 3323 1664 3392 55
1696 3325 1748 3386 8,
1779 3324 1830 3389 3,
1868 3327 2016 3389 17133

687 3405 971 3472 quaelibet
1006 3406 1096 3457 est
1133 3405 1507 3471 peremptoria
1538 3406 1596 3456 et
1628 3406 1862 3470 proinde
1904 3420 2017 3459 non

688 3485 966 3545 iteranda,
1019 3484 1169 3544 1714;
1219 3486 1493 3550 exceptio,
1541 3484 1663 3536 1843
1724 3485 1756 3553 5
1797 3485 1847 3548 2,
1893 3486 2019 3539 18⁴5

686 3565 797 3633 5&
830 3564 1109 3632 quomodo
1142 3564 1554 3625 denuncianda,
1591 3565 1715 3619 1715
1745 3566 1848 3634 51;
1882 3581 2019 3633 quo-

691 3646 851 3699 modo
892 3645 1257 3707 conficienda,
1299 3645 1439 3707 1715,
1487 3645 1626 3708 1716,
1668 3648 1727 3699 et
1773 3647 1912 3713 quid
1966 3649 2016 3700 si

687 3742 850 3781 secus
884 3727 1029 3779 iacta
1063 3725 1256 3789 fuerit,
1283 3725 1422 3788 1783,
1450 3726 1571 3780 1813
1603 3727 1635 3793 5
1663 3729 1686 3779 1
1722 3742 1778 3780 n.
1807 3730 1861 3790 1;
1897 3729 2016 3782 001·

688 3823 815 3861 nam
864 3806 1155 3866 tradenda,
1200 3806 1339 3868 1717,
1375 3807 1464 3859 vel
1504 3809 1786 3874 quomodo
1834 3810 2016 3862 trans—

687 3888 977 3948 mittenda,
1005 3886 1153 3945 1719;
1181 3900 1445 3939 oecusans
1478 3889 1727 3954 recipere
1747 3888 2014 3942 schedam

685 3970 930 4022 habetur
969 3968 1202 4028 citatus,
1240 3969 1388 4028 1718;
1435 3983 1533 4034 per
1584 3970 1830 4022 edictum
1879 3985 2015 4037 quo·

686 4052 847 4104 modo
901 4049 1172 4110 facienda,
1210 4049 1349 4109 1720,
1389 4050 1506 4101 1721
1563 4051 1594 4117 5
1632 4050 1698 4111 3;
1752 4050 2011 4113 effectae,

691 4132 838 4192 1725;
883 4130 1217 4196 promotoris
1265 4130 1525 4181 iustitiae
1570 4132 1657 4183 vel
1702 4132 2012 4186 defensoris

686 4211 893 4265 vinculi
914 4211 1261 4277 quibusnam
1285 4210 1345 4262 in
1369 4212 1557 4263 causis
1578 4214 1635 4263 et
1656 4226 1770 4278 qua
1791 4214 2010 4266 ratione

684 4293 1019 4354 necessaria,
1043 4293 1165 4344 1587
1179 4307 1192 4351 ;
1218 4291 1554 4356 promotor-is
1586 4292 1735 4354 fidei,
1759 4293 2007 4359 m1051;

684 4374 931 4434 testium,
969 4374 1107 4426 1765.

560 4456 985 4507 clandestinitas
1018 4455 1145 4505 vide
1175 4456 1599 4506 Matrimonium.

556 4536 810 4588 clausula
842 4536 1225 4597 derogator-ia:
1260 4533 1339 4587 46.

554 4618 844 4670 clausura:
891 4614 1102 4679 obligat
1144 4616 1201 4666 in
1244 4615 1509 4666 omnibus
1545 4615 1806 4667 domibus
1847 4629 2008 4681 regu·

680 4697 903 4755 larium,
938 4699 1039 4748 597
1073 4701 1101 4764 5
1136 4702 1183 4755 1,
1217 4699 1344 4756 598:
1373 4695 1585 4762 obligat
1619 4696 1789 4748 etiam
1824 4697 1880 4747 in
1915 4696 2010 4749 do·

679 4779 863 4831 mibus
911 4777 1427 4842 Congregationum
1476 4775 1881 4840 religiosarum,
1913 4776 2010 4830 604

677 4860 740 4928 55
768 4861 812 4922 1,
834 4861 893 4918 8;
930 4860 1038 4910 imo
1072 4859 1242 4909 etiam
1276 4858 1336 4909 in
1370 4857 1740 4910 societatibus
1773 4859 1830 4909 in
1863 4873 2009 4911 com-

678 4942 836 4993 muni
876 4940 1192 4992 viventium
1225 4939 1346 4990 sine
1381 4940 1545 4999 votis,
1567 4939 1667 4989 679
1695 4938 1797 5005 52.

553 5051 610 5058 —
646 5022 1001 5074 monialium
1051 5021 1316 5085 importat
1360 5021 1423 5071 ut
1470 5033 1634 5071 nemo
1684 5020 1839 5071 intra
1882 5033 2006 5072 eam

2246 188 2598 256 ingrediatur
2626 190 2687 241 et
2716 187 2875 241 nulla
2896 187 3155 241 monialis
3183 201 3262 240 ex
3291 201 3366 239 ss.
3393 189 3573 248 excat.

2244 269 2360 332 αι),
2379 269 2502 332 mu
2530 269 2782 336 exceptis
2799 267 3138 335 quibusdam
3157 268 3443 334 pst-soum,
3462 267 3573 329 αἱ),

2245 350 2305 402 et
2344 349 2688 416 quibusdam
2727 347 3576 415 muamus-tantist&-

2247 428 2427 482 lantia
2449 428 2731 482 ordinarii
2762 428 2890 489 loci,
2911 428 3020 481 etsi
3050 426 3333 484 moniales
3360 427 3574 494 regnia-

2245 509 2405 563 ribus
2450 510 2847 574 subiiciantur,
2885 507 2982 561 &B
3031 508 3066 577 5
3100 510 3160 571 1,
3197 508 3278 563 ct.
3311 507 3412 560 m
3455 508 3491 576 5
3522 508 3569 570 ⁸,

2244 603 2358 658 quo
2378 591 2437 643 in
2456 604 2597 644 casu
2626 592 2716 644 est
2746 590 3054 648 etiamsub
3074 590 3381 656 vigilantia
3406 587 3573 655 Supe-

2245 671 2413 724 rioris
2443 671 2746 739 regularis,
2764 671 2863 723 0oe
2891 670 2924 737 5
2941 671 3000 732 Ως
3034 668 3324 737 quomodo
3346 671 3572 724 circu-

2243 753 2408 819 septa
2438 766 2565 805 esse
2594 751 2781 814 debet,
2801 751 2924 812 ω8;
2958 764 3176 818 poenae
3207 750 3277 804 in
3307 764 3439 803 eam
3468 751 3573 802 vio-

2244 832 2451 895 iantes,
2480 831 2610 885 m
2644 846 2746 886 nn.
2772 833 2822 893 1,
2841 831 2893 883 8.

2120 941 2184 960 -.-
2213 911 3036 979 οὗτονκωιᾳωάώὼῄὖω
3066 911 3179 978 523
3207 911 3570 978 partoeclau-

2244 1004 2414 1045 suras
2445 992 2723 1046 obnoxiae
2759 994 3022 1059 patenter
3056 991 3406 1044 indicandae
3445 993 3505 1044 et
3534 1005 3570 1042 a

2244 1086 2379 1139 qno,
2399 1072 2496 1128 597
2527 1071 2560 1139 5
2587 1071 2647 1137 3;
2679 1073 2823 1139 quid
2850 1074 2900 1126 si
2929 1073 3136 1125 domus
3163 1071 3571 1125 mnsxumln·

2245 1152 2379 1205 beat
2406 1153 2732 1206 convictum
2752 1153 2843 1206 vel
2873 1152 2987 1205 alia
3018 1166 3210 1219 opera,
3231 1152 3361 1216 ως
3395 1153 3570 1204 exclu-

2244 1233 2332 1285 dit
2375 1234 2450 1286 ab
2495 1234 2759 1301 ingressu
2808 1232 3071 1287 mulieres
3121 1246 3348 1295 omnes,
3388 1232 3569 1299 pand·

2243 1314 2517 1380 exceptis,
2561 1314 2686 1375 lioe3
2740 1327 2954 1380 poenae
2998 1314 3059 1366 in
3105 1327 3237 1365 eam
3281 1313 3567 1373 violarim

2242 1392 2372 1445 m
2401 1408 2458 1447 n.
2480 1394 2532 1447 8.

2118 1471 2339 1527 marest
2377 1475 2646 1529 archivi:
2675 1474 2771 1527 877
2803 1473 3033 1542 5¹,3‘m
3063 1473 3173 1541 53,
3204 1473 3328 1537 88),
3357 1473 3472 1526 81.

2122 1582 2183 1592 -
2214 1555 2616 1627 tabennensii..-
2648 1555 2772 1608 12oe
2802 1556 2835 1623 5
2855 1555 2907 1609 4.

2119 1634 2346 1688 menei:
2379 1637 2634 1702 quinam,
2668 1636 2761 1690 1oe
2801 1634 2836 1703 5
2868 1638 2923 1700 1;
2962 1637 3330 1688 sacramento
3365 1635 3565 1689 ordinh

2244 1729 2281 1767 a
2311 1715 2472 1768 laicis
2502 1714 2960 1782 distinguuntur,
2980 1716 3104 1775 ⁹4&
3138 1716 3400 1782 quisque
3429 1715 3565 1768 010ιὶ-

2245 1807 2349 1848 cus
2387 1794 2555 1848 debet
2593 1809 2719 1848 esse
2759 1795 3080 1862 adscriptus
3119 1794 3308 1848 alicui
3347 1797 3563 1849 diceens

2248 1875 2336 1928 vei
2376 1874 2656 1942 religioni,
2696 1876 2785 1928 111
2839 1874 2874 1943 5
2909 1876 2934 1927 1
2976 1874 3132 1943 (vide
3175 1877 3565 1936 Ine-rme,

2245 1955 2535 2010 Profectio
2578 1956 2910 2021 relicto-sak
2952 1956 3299 2009 clericorum
3352 1958 3479 2009 iura
3517 1962 3562 2007 ct

2247 2036 2569 2105 privilegia:
2595 2049 2877 2104 quasnam
2907 2037 3011 2090 soii
3032 2037 3304 2091 obtinere
3327 2039 3562 2104 manni.

2248 2118 2365 2179 1¹83
2390 2120 2682 2172 merentur
2710 2119 3103 2182 reverentiam,
3124 2122 3190 2172 et
3213 2119 3564 2187 sau-ilcghn

2248 2201 2336 2253 est
2357 2213 2455 2253 eos
2474 2199 2610 2253 reaii
2635 2201 2853 2253 iniuria
2871 2197 3112 2262 afficere,
3140 2201 3266 2262 1193
3290 2201 3563 2253 conveniri

2244 2280 2451 2344 debent
2489 2281 2645 2347 apud
2692 2280 2935 2333 iudicem
2975 2280 3460 2343 ecclesiasticum,
3490 2280 3566 2332 m

2243 2360 2276 2428 5
2304 2362 2349 2423 1,
2385 2361 2498 2413 nisi
2527 2360 2598 2414 de
2628 2360 2862 2414 licentia
2892 2360 3186 2427 legitimae
3216 2362 3566 2414 auctoritati·

2242 2440 2652 2493 ecclesiasticae
2688 2439 2849 2492 aliud
2893 2440 3285 2505 permittatur,
3323 2441 3420 2493 11)
3457 2440 3563 2507 5&

2245 2521 2526 2573 immunes
2555 2522 2695 2573 sunt
2714 2535 2751 2573 a
2769 2521 3006 2573 servitio
3037 2520 3305 2583 militari,
3325 2536 3365 2573 a
3396 2534 3567 2573 nune-

2243 2601 2405 2655 ribus
2457 2604 2515 2655 et
2566 2601 2810 2668 publicis
2859 2600 3132 2654 civilibus
3187 2601 3420 2664 offlcsn,
3463 2601 3560 2656 121:

2244 2682 2386 2750 quid
2420 2683 2470 2736 si
2505 2681 2884 2735 creditoribus
2915 2682 3249 2734 satisfacere
3284 2683 3562 2750 cogantur,

2244 2762 2363 2824 123
2398 2763 2705 2831 privilegiis
2745 2763 2837 2815 his
2875 2764 3218 2815 renuntiare
3261 2765 3563 2830 nequeunt,

2241 2844 2342 2898 sed
2373 2859 2442 2897 ea
2475 2847 2716 2910 possunt
2744 2844 3006 2897 amittere
3036 2846 3112 2905 et,
3138 2845 3326 2896 etiam
3357 2844 3562 2901 amisa,

2240 2938 2592 2992 recuperare,
2617 2925 2738 2987 183;
2759 2925 3037 2982 amittunt
3057 2925 3305 2977 autem
3285 2940 3416 2992 itm
3433 2923 3565 2977 heio

2243 3021 2344 3074 per
2374 3007 2759 3061 reductionem
2800 3005 2872 3057 ad
2911 3006 3131 3057 statum
3175 3004 3456 3068 laicalem,
3482 3003 3566 3056 813

2242 3086 2274 3155 5
2309 3088 2356 3149 1,
2392 3101 2489 3154 per
2531 3086 2902 3153 privationem
2951 3085 3296 3150 perpetuam
3347 3085 3565 3138 habitus

2241 3167 2621 3230 ecclesiastici,
2664 3165 2905 3229 2314,ae
2946 3178 3048 3231 per
3085 3164 3562 3232 degradatum,

2240 3247 2385 3309 2305,
2419 3261 2531 3299 non
2563 3261 2697 3300 vero
2730 3259 2829 3312 per
2858 3245 3296 3313 depositionem,
3317 3245 3446 3300 m
3471 3245 3561 3312 51.

2117 3356 2178 3366 —
2209 3328 2625 3394 oblinationse:
2656 3329 2928 3380 tenentur
2959 3327 3119 3379 laicis
3155 3327 3219 3378 in
3251 3326 3562 3392 exemplu-

2239 3407 2529 3471 excellere,
2554 3408 2672 3472 184;
2696 3408 2961 3475 pietatem
2975 3406 3210 3460 assidue
3232 3407 3440 3471 coiere,
3456 3404 3560 3464 iflz

2238 3488 2506 3542 exercitia
2539 3487 2860 3555 spiritualia
2892 3487 3139 3555 singulis
3176 3488 3368 3539 tertiis
3407 3486 3565 3538 annis

2240 3582 2524 3636 peragere,
2560 3570 2677 3629 1ffl3
2722 3567 3016 3620 Ordinatio
3051 3581 3160 3619 suo
3191 3568 3562 3619 reverentiam

2239 3652 2299 3703 et
2319 3649 2695 3702 obedientiam
2717 3648 3141 3712 exhibere,127;
3164 3647 3564 3700 munusmsd—

2240 3743 2389 3796 pere,
2405 3727 2681 3783 Ecclesiae
2702 3728 3038 3780 necessitate
3060 3727 3352 3793 exigente,
3371 3725 3478 3778 sibi
3498 3724 3563 3775 ab

2238 3808 2531 3861 Ordinatio
2573 3808 2951 3871 commissum,
2986 3807 3102 3869 ὡς
3136 3807 3355 3859 studiis
3398 3805 3562 3857 aab

2238 3903 2455 3951 vacare,
2480 3888 2598 3951 189ς
2631 3889 2933 3940 mulierum
2953 3888 3382 3940 consuetudine
3401 3886 3562 3938 absti-

2237 3983 2390 4031 nere,
2416 3968 2531 4031 133;
2568 3967 2827 4020 habitum
2847 3967 3294 4020 ecclesiasticum
3328 3968 3393 4018 et
3422 3979 3560 4017 curo-

2237 4063 2368 4101 nam
2410 4048 2740 4108 clericalem,
2774 4047 2904 4109 nisi,
2937 4048 3066 4107 etc„
3098 4045 3342 4109 deferre,
3379 4045 3496 4103 m:
3528 4058 3559 4095 a

2235 4126 2612 4189 fideiubendo,
2628 4127 2800 4179 etiam
2816 4126 2886 4178 de
2907 4126 3075 4179 bonis
3096 4126 3364 4192 propriis,
3383 4127 3558 4177 meon·

2234 4208 2387 4262 sulio
2418 4208 2524 4259 loci
2556 4206 2873 4269 Ordinaric,
2900 4206 3008 4267 137,
3041 4208 3147 4258 aut
3177 4206 3251 4258 ab
3286 4207 3365 4258 iis
3395 4204 3558 4258 omni·

2234 4289 2342 4341 bus
2361 4302 2510 4354 quae
2530 4288 2745 4340 statum
2760 4302 2933 4340 suum
2953 4287 3226 4339 dedecent
3253 4287 3559 4343 abstinere,

2235 4369 2352 4431 138,
2386 4383 2473 4432 ea,
2503 4382 2672 4435 quae,
2706 4368 2837 4421 licet
2868 4382 2982 4420 non
3016 4368 3305 4428 indecora,
3338 4382 3378 4419 a
3415 4366 3559 4419 cleri-

2230 4452 2334 4504 cnli
2367 4452 2524 4502 statu
2561 4450 2749 4502 aliena
2778 4451 2938 4511 sunt,
2973 4450 3168 4511 vitare,
3195 4447 3314 4512 ¹³⁹3
3349 4449 3558 4513 aliscia—

2232 4532 2379 4585 culis
2397 4532 2662 4598 profanis,
2672 4545 2840 4597 quae,
2851 4532 2982 4593 etc„
3002 4545 3114 4582 non
3133 4531 3437 4592 interesse,
3456 4528 3555 4587 1&

2231 4614 2466 4667 militiae
2508 4626 2713 4665 nomen
2757 4626 2868 4663 non
2913 4612 3066 4673 dare,
3105 4611 3234 4672 nisi,
3270 4614 3413 4670 etc..
3447 4609 3555 4665 141:

2231 4695 2672 4761 negotiationem
2703 4695 2808 4744 aut
2842 4696 3214 4745 mercaturam
3248 4706 3368 4744 non
3407 4705 3554 4744 exm-

2230 4790 2374 4838 cere,
2410 4775 2527 4836 1423
2560 4790 2596 4826 a
2632 4774 2872 4826 dioecesi
2904 4775 3031 4826 sine
3074 4773 3360 4825 ordinarii
3397 4772 3556 4824 licen-

2232 4856 2312 4908 tia
2332 4856 2404 4908 ad
2437 4857 2664 4921 tempus
2688 4853 2937 4905 notabile
2970 4867 3084 4906 non
3113 4854 3430 4917 discedere,
3453 4851 3553 4910 18,

2232 4937 2319 4988 vel
2356 4935 2430 4989 ad
2466 4949 2590 4988 eam
2625 4935 2874 4988 revocati
2912 4935 3094 4988 redire
3125 4935 3231 4987 aut
3263 4935 3346 4987 ab
3373 4935 3555 4987 alicu

2230 5017 2487 5080 dioecem,
2525 5016 2709 5083 ipsius
2753 5015 3053 5069 Ordinatio
3101 5016 3356 5076 iubente,
3388 5015 3554 5067 disce—
