3753 5871
514 343 623 403 390
1652 345 1847 397 σοαπ
1885 345 2045 397 tarto
2095 346 2373 398 canonici

522 531 832 599 ecclesia
889 531 1314 616 capitulari3
1367 518 1788 600 moderator
1838 552 1966 600 seu
2016 533 2499 617 cappellanus
2559 532 3232 614 confraternitatis,
3286 532 3351 599 si
3401 533 3502 599 de

518 638 824 705 ecclesia
867 638 1190 706 eiusdem
1224 638 1868 708 confraternitatis
1906 641 2233 724 propria.

687 744 721 827 ξ
766 746 833 812 3.
887 746 969 814 Si
1004 746 1311 813 ecclesia
1343 747 1781 831 paroecialis
1813 749 1914 815 sit
1950 749 2170 814 simul
2212 748 2653 833 capitula-ris
2687 751 2822 815 aut
2854 748 3508 816 confraternitatis

517 853 845 936 propria,
879 854 1006 921 ille
1036 852 1411 920 licentiam
1445 859 1676 939 petat,
1712 856 1837 939 qui
1870 874 2121 922 sacras
2161 843 2580 923 functiones
2608 857 2772 924 iure
2803 857 3118 941 peragit.

1784 1023 1960 1090 CAN.
2016 1024 2208 1091 1342.

695 1144 729 1227 ξ
775 1148 842 1211 1.
892 1145 1398 1213 concionandi
1444 1147 1768 1215 facultas
1812 1148 1991 1215 solis
2047 1149 2552 1217 sacerdotibus
2594 1152 2709 1218 vel
2766 1151 3097 1219 diaconIs
3143 1150 3301 1233 fiat,
3352 1170 3506 1219 non

515 1272 689 1321 vero
724 1253 992 1321 ceteris
1019 1253 1336 1337 clericis,
1376 1255 1521 1322 nisi
1557 1256 1986 1324 rationabili
2018 1258 2110 1324 de
2138 1275 2389 1340 causa,
2427 1258 2704 1327 iudicio
2736 1259 3121 1327 Ordinarii
3161 1263 3238 1327 et
3270 1259 3349 1325 in
3380 1276 3504 1325 ca·

516 1359 720 1427 sibus
756 1359 1259 1445 singularibus
1288 1362 1337 1429 ².

692 1467 726 1549 ξ
772 1467 839 1533 2.
890 1467 1331 1535 Conciona-ri
1365 1469 1443 1535 in
1477 1470 1777 1537 ecclesia
1817 1475 2166 1539 vetantur
2208 1471 2380 1539 laici
2414 1490 2688 1554 omnes,
2723 1473 2864 1540 etsi
2900 1472 3224 1558 religiosi
3254 1473 3307 1541 ².

1781 1638 1958 1705 CAN.
2017 1639 2210 1706 1343.

693 1759 727 1842 ξ
774 1762 840 1826 1.
891 1760 1273 1828 Ordinarii
1307 1760 1631 1828 locorum
1663 1762 1782 1829 ius
1812 1763 2087 1832 habent
2123 1764 2609 1834 concionandi
2650 1768 2727 1835 in
2766 1770 3094 1853 qualibet
3135 1774 3252 1840 sui
3287 1775 3505 1841 terri·

517 1865 694 1934 torii
732 1867 1064 1950 ecclesia,
1101 1868 1434 1952 quamvis
1466 1873 1803 1953 exempta
1831 1871 1884 1937 ⁸.

563 2043 567 2048 ,
697 1974 732 2057 g
777 1974 845 2041 2.
895 1975 1063 2043 Nisi
1111 1980 1382 2061 agatur
1431 1977 1524 2045 de
1571 1978 1860 2062 magnis
1919 1977 2375 2062 civitatibus,
2429 1984 2674 2065 potest
2738 2001 3022 2069 quoque
3084 1985 3507 2072 Episcopus

518 2082 902 2167 prohibere
930 2102 1021 2152 ne
1046 2083 1124 2151 in
1156 2084 1329 2152 aliis
1356 2083 1679 2153 eiusdem
1708 2086 1854 2154 loci
1879 2087 2206 2154 ecclesiis
2233 2089 2457 2156 verba
2482 2089 2669 2157 fiant
2700 2091 2797 2158 ad
2834 2090 3109 2175 fideles,
3151 2112 3295 2178 quo
3322 2098 3503 2163 tem·

517 2207 695 2274 pore
751 2191 870 2258 vel
913 2191 1336 2260 concionem
1388 2192 1548 2277 ipse
1597 2193 1818 2262 babet
1862 2196 1979 2261 vel
2039 2213 2287 2263 coram
2351 2215 2452 2278 se,
2516 2216 2605 2264 ex
2653 2216 2881 2265 causa
2930 2200 3231 2283 publica
3277 2205 3509 2287 atque

519 2297 1137 2381 extraordinaria,
1184 2300 1606 2369 convocatis
1651 2301 2016 2382 fidelibus,
2067 2302 2474 2371 habendam
2518 2308 2736 2372 curat
2774 2304 2825 2372 ⁴.

1785 2476 1964 2543 om.
2024 2476 2219 2544 1344.

695 2601 729 2683 ξ
776 2603 843 2667 1.
892 2599 1173 2669 Diebus
1203 2599 1594 2668 dominicis
1622 2600 2031 2685 ceterisque
2070 2620 2203 2685 per
2232 2620 2509 2668 annum
2542 2603 2757 2672 festis
2785 2602 2876 2673 de
2912 2610 3305 2690 praecepto
3337 2623 3506 2689 pro·

517 2708 763 2793 prium
796 2708 1152 2793 cuiusque
1185 2708 1490 2793 parochi
1522 2707 1835 2776 officium
1881 2713 2019 2784 est.
2063 2714 2417 2778 consueta
2460 2711 2789 2795 homilia,
2826 2714 3261 2797 praesertim
3298 2715 3512 2781 intra

520 2815 823 2883 Missam
863 2816 943 2883 in
986 2834 1133 2902 qua
1167 2817 1404 2885 maior
1442 2817 1676 2887 soleat
1712 2836 1871 2885 esse
1920 2818 2178 2902 populi
2214 2819 2660 2903 frequentia,
2689 2820 3004 2912 ‘verbum
3047 2821 3188 2890 Dei
3225 2822 3510 2906 populo

520 2940 619 2988 nu
716 2922 732 2940 ‘
898 2924 951 2991 ⁵.

625 2927 868 3113 Πῖξωὲῗ
894 3031 1272 3099 Parochus
1302 3030 1474 3098 huic
1506 3030 1945 3117 obligationi
1976 3032 2231 3117 nequit
2268 3052 2401 3117 per
2430 3034 2659 3101 alium
2693 3035 3178 3104 habitualiter
3207 3037 3503 3104 satista-

515 3157 703 3221 cere,
746 3138 892 3206 nisi
925 3138 1018 3207 ob
1050 3139 1325 3207 iustam
1359 3156 1660 3206 causam
1695 3141 1789 3207 ab
1824 3140 2225 3209 Ordinario
2269 3142 2654 3226 probatam
2691 3141 2742 3209 ⁸.

700 3352 722 3387 ¹
760 3349 1104 3403 Pontificale
1137 3350 1325 3412 Rom„
1365 3350 1459 3403 tit.
1497 3349 1585 3401 De
1619 3348 1991 3401 ordinatione
2037 3349 2286 3409 aiaconi·
2321 3352 2416 3404 tit.
2458 3351 2546 3402 De
2581 3352 2951 3404 ordinatione
2989 3351 3334 3413 presbyteri.

703 3444 730 3480 ²
760 3441 824 3493 G.
858 3442 939 3503 19,
971 3440 1036 3493 C.
1066 3441 1217 3501 XVI,
1255 3454 1309 3502 q.
1341 3442 1392 3503 13
1418 3451 1469 3492 c.
1500 3440 1583 3503 20,
1614 3440 1687 3492 D.
1723 3440 1826 3501 IV,
1865 3442 1939 3492 de
1966 3452 2143 3499 conss
2169 3452 2219 3491 c.
2251 3441 2335 3502 12,
2366 3442 2449 3503 14,
2481 3442 2547 3503 X,
2580 3444 2651 3494 ae
2684 3441 3015 3502 haereticis,
3046 3444 3118 3504 V,
3147 3443 3197 3505 7;
3232 3454 3282 3495 c.
3314 3444 3399 3504 10,
3433 3444 3502 3504 X,

521 3533 592 3583 ae
622 3529 999 3589 poenitentiis
1025 3533 1087 3582 et
1112 3521 1576 3589 missionibus,
1604 3530 1675 3592 V,
1712 3530 1797 3592 88;
1826 3530 2123 3584 Martinus
2153 3531 2203 3583 V
2243 3531 2329 3590 (in
2359 3531 2533 3584 cone.
2567 3532 3020 3593 Oonstantien.),
3051 3535 3238 3586 const.
3274 3548 3306 3584 ι
3334 3533 3508 3583 tuter

520 3624 764 3671 cunctas
799 3635 848 3680 ι,
894 3620 960 3671 22
1001 3620 1150 3673 febr.
1187 3615 1488 3681 lassart.
1527 3620 1611 3681 37,
1647 3620 1721 3672 de
1756 3632 1871 3682 quo
1907 3633 2172 3673 errorum
2210 3621 2442 3673 Wicleff
2478 3625 2541 3675 et
2576 3623 2739 3674 Husz
2785 3623 3040 3684 suspecti
3081 3623 3508 3684 interregnum:

526 3709 582 3762 S.
613 3711 675 3762 O.
707 3711 781 3763 de
808 3712 978 3770 Prop.
1010 3709 1173 3770 Fide.
1213 3713 1383 3762 instr.
1421 3711 1523 3771 (ad
1555 3711 1679 3762 Vic.
1712 3712 1818 3771 Ap.
1852 3711 2220 3772 Sutchuen.),
2252 3711 2317 3763 29
2343 3723 2469 3772 apr.
2500 3711 2647 3764 1784.

699 3803 723 3837 ³
765 3800 821 3851 S.
869 3801 934 3851 G.
973 3801 1060 3860 C..
1106 3799 1369 3858 Botion..
1406 3800 1473 3852 16
1503 3803 1679 3854 mart.
1717 3801 1865 3862 1630,
1904 3800 1982 3854 ad
2017 3800 2065 3851 2.

696 3895 723 3929 ⁴
762 3890 827 3941 O.
864 3892 913 3948 2,
961 3891 1031 3940 de
1065 3890 1406 3950 sepulturis,
1444 3892 1561 3952 111,
1596 3892 1647 3952 7,
1684 3893 1747 3943 in
1783 3892 1986 3954 Olem.;
2018 3903 2068 3942 c.
2100 3904 2223 3952 un..
2264 3894 2334 3942 ae
2369 3890 2626 3949 iudiciis,
2663 3893 2746 3953 11,
2784 3893 2835 3953 1,
2875 3894 2936 3944 in
2972 3893 3292 3954 mxtravag.
3339 3904 3510 3958 com.;

519 3994 570 4033 c.
603 3982 653 4043 2,
693 3982 764 4032 ae
801 3979 1143 4040 sepultum,
1175 3981 1291 4042 ΙΙΙ,
1321 3981 1373 4042 6,
1405 3982 1468 4032 in
1498 3983 1817 4044 mxtravag.
1848 3994 2017 4043 com.;
2045 3994 2095 4033 c.
2128 3983 2178 4044 1,
2214 3983 2282 4032 de
2316 3980 2662 4043 moneatis,
2691 3982 2761 4042 V,
2795 3982 2845 4040 7.
2881 3983 2942 4034 in
2975 3983 3293 4043 nxtravag.
3337 3993 3507 4042 com.;

523 4071 581 4124 S.
606 4071 669 4124 Ο.
705 4073 810 4132 Elp.
840 4074 904 4124 et
923 4071 1085 4134 neg„
1109 4070 1489 4131 Macer-aton„
1513 4072 1546 4123 7
1564 4075 1738 4124 mart.
1768 4072 1914 4133 1579;
1938 4072 1996 4125 8.
2030 4071 2094 4124 Ο.
2127 4072 2215 4132 0.,
2243 4070 2476 4130 Paeon..
2500 4072 2567 4124 26
2587 4084 2713 4133 apr.
2739 4072 2885 4134 1607ς
2906 4070 3207 4130 Adiacen„
3233 4072 3297 4123 15
3327 4075 3501 4124 mart.

518 4162 666 4225 1825:
700 4160 1035 4221 Bmmumz,
1068 4162 1133 4213 17
1170 4161 1341 4221 febr„
1372 4162 1407 4212 2
1432 4165 1606 4214 mart.
1640 4162 1786 4224 1629;
1816 4160 2158 4221 Τονοειιση.,
2190 4162 2254 4213 21
2286 4163 2406 4213 iun.
2441 4162 2587 4223 1631;
2624 4161 3021 4221 Brundusium,
3053 4162 3120 4214 18
3150 4164 3324 4214 mart.
3356 4161 3506 4220 1645:

526 4251 893 4310 Grumum..
921 4251 954 4304 3
981 4251 1128 4303 febr.
1167 4252 1314 4314 1652:
1343 4249 1401 4303 S.
1433 4251 1504 4302 R.
1536 4251 1625 4312 0.,
1656 4249 1932 4311 Pha-ren„
1961 4252 2027 4304 10
2057 4254 2208 4315 sept,
2238 4252 2382 4303 1667.

700 4344 729 4380 ⁸
756 4341 929 4394 Cone.
982 4341 1268 4403 {Px-ment„
1320 4353 1462 4393 sess.
1515 4343 1585 4401 V,
1650 4344 1722 4392 de
1772 4343 1908 4401 ret„
1971 4353 2020 4392 c.
2073 4342 2121 4404 2;
2171 4353 2311 4393 sess.
2366 4341 2547 4401 XXII,
2604 4341 2674 4393 de
2724 4340 3012 4402 sacrificio
3065 4341 3300 4400 missae,
3351 4353 3401 4391 c.
3457 4341 3506 4400 8:

522 4444 665 4485 σεῦε.
697 4432 897 4493 XXIV,
933 4433 1005 4482 ae
1029 4431 1163 4491 rer„
1190 4442 1240 4483 c.
1270 4432 1320 4491 4,
1351 4431 1399 4492 7;
1425 4431 1804 4484 Innocentius
1832 4433 1998 4492 xnl,
2027 4435 2212 4484 const.
2244 4447 2276 4483 ι
2302 4430 2624 4492 apostolici
2650 4430 2966 4482 miniatem
2993 4446 3042 4491 n,
3081 4431 3144 4484 23
3174 4431 3318 4483 maii
3351 4430 3502 4488 1723.

525 4523 655 4584 8115
679 4521 1035 4575 Benedictus
1053 4522 1217 4584 XIII,
1240 4525 1424 4574 const.
1451 4537 1481 4572 α
1501 4521 1575 4572 In
1598 4534 1868 4582 supremo
1896 4537 1944 4583 n,
1974 4523 2038 4575 23
2060 4525 2207 4586 sept.
2233 4522 2380 4582 1724,
2405 4522 2432 4583 1
2462 4523 2513 4582 9,
2539 4522 2618 4584 28;
2641 4525 2824 4574 const.
2851 4536 2881 4571 α
2904 4519 3233 4573 Pastorum
3261 4520 3438 4581 officii
3455 4535 3505 4580 zu,

521 4612 586 4664 27
610 4616 784 4665 mart.
812 4612 959 4674 1726,
992 4613 1019 4674 2
1045 4613 1094 4675 3;
1127 4612 1482 4665 Benedictus
1506 4612 1657 4671 XIV,
1685 4624 1776 4672 ep.
1804 4614 2023 4673 encycl.
2063 4627 2094 4661 ι
2131 4611 2242 4662 Ubi
2271 4611 2525 4670 primum
2551 4627 2600 4670 ιο,
2629 4612 2662 4662 3
2686 4612 2808 4663 (lec.
2839 4612 2986 4670 1740,
3021 4611 3048 4671 ς
3078 4611 3129 4675 33
3155 4621 3247 4670 ep.
3277 4610 3501 4670 encycl.

521 4718 553 4753 ι
579 4702 714 4754 mci
741 4701 980 4754 minime
1007 4718 1055 4763 r,
1083 4704 1116 4754 7
1142 4703 1291 4755 febr.
1321 4703 1467 4763 1742,
1502 4703 1529 4763 ς
1566 4703 1614 4763 5;
1648 4705 1832 4754 const.
1865 4717 1896 4752 α
1926 4703 2015 4753 Aa
2044 4701 2360 4752 wilstanus
2398 4716 2447 4762 ιο,
2479 4702 2545 4754 30
2574 4706 2746 4754 mart.
2780 4701 2926 4763 1742,
2958 4701 2985 4761 ς
3017 4701 3065 4760 8;
3094 4703 3278 4752 const.
3313 4714 3343 4749 α
3375 4698 3503 4747 Fir-

521 4791 754 4843 memus
775 4808 825 4855 ι,
846 4793 880 4844 6
902 4806 1032 4845 nov.
1057 4793 1205 4853 1744,
1237 4793 1472 4855 19311tt.
1497 4794 1714 4854 encycl.
1747 4807 1777 4842 α
1807 4793 1948 4842 vum
1975 4792 2238 4852 reumont
2256 4808 2305 4851 n,
2330 4791 2394 4843 26
2416 4792 2536 4843 iun.
2559 4792 2706 4850 1754,
2737 4792 2762 4852 ς
2785 4792 2835 4850 4;
2866 4790 3008 4842 Pius
3036 4791 3101 4849 X,
3135 4790 3251 4841 iltt.
3283 4790 3503 4849 encycl.

525 4899 556 4932 et
584 4883 805 4934 Acerbo
835 4884 1011 4933 nimis
1038 4900 1086 4945 ιο,
1116 4885 1182 4936 15
1207 4895 1334 4944 apr.
1365 4885 1511 4943 1905,
1545 4897 1602 4935 n.
1642 4884 1743 4944 V1;
1782 4883 1838 4935 S.
1873 4884 1937 4934 C.
1970 4883 2246 4941 Consist„
2278 4882 2432 4934 decr.
2475 4898 2504 4931 α
2535 4881 2797 4931 Maxima
2830 4891 2971 4929 cura
3002 4896 3050 4938 »,
3082 4880 3148 4930 20
3180 4891 3320 4940 aug.
3354 4878 3503 4937 1910,

523 4986 652 5026 can.
677 4975 727 5035 1,
750 4987 807 5025 n.
834 4974 909 5036 8⁰;
931 4974 989 5026 S.
1020 4974 1084 5026 C.
1108 4975 1195 5034 0.,
1221 4974 1630 5032 Barcinonen„
1653 4973 1720 5024 22
1746 4977 1919 5026 mart.
1952 4975 2099 5032 1591,
2126 4973 2204 5024 ad
2226 4976 2273 5035 1;
2296 4972 2550 5029 Nullius,
2575 4973 2640 5022 30
2662 4972 2763 5022 iul.
2794 4971 2940 5028 1591;
2963 4968 3275 5028 Aquilam.
3294 4969 3358 5019 21
3376 4980 3504 5028 apr.

521 5064 668 5125 1640;
694 5062 1030 5123 Novar-ten..
1061 5065 1128 5116 10
1156 5065 1297 5124 iun..
1326 5066 1360 5117 8
1388 5066 1489 5116 iul.
1519 5064 1668 5125 1724,
1700 5064 1778 5116 ad
1815 5066 1865 5124 1,
1898 5064 1946 5123 2;
1981 5061 2217 5113 Nullius
2249 5063 2549 5120 Orbetezu,
2581 5062 2646 5113 28
2674 5073 2799 5120 apr.
2840 5059 2987 5118 1736,
3021 5059 3097 5110 nd
3129 5061 3178 5120 13
3207 5057 3504 5114 mentina,

521 5156 588 5207 14
614 5158 760 5215 sept.
791 5154 937 5217 17483
965 5154 1201 5213 Pisana,
1237 5155 1301 5207 29
1325 5157 1522 5216 mart..
1554 5155 1621 5207 30
1646 5167 1779 5216 aug.
1812 5154 1958 5215 1817;
1987 5152 2575 5209 Lartem-sarzanam,
2604 5151 2669 5202 16
2694 5163 2850 5210 aug..
2889 5149 2954 5201 20
2984 5151 3131 5225 sept.
3170 5148 3316 5207 1828,
3348 5147 3426 5199 ad
3456 5149 3508 5208 1:

524 5245 709 5306 Bur-oi
738 5246 797 5297 S.
829 5245 1126 5302 Romami,
1158 5247 1190 5297 1
1225 5257 1350 5305 apr.
1383 5245 1529 5305 1876;
1568 5243 1625 5297 S.
1658 5245 1722 5297 C.
1755 5245 1829 5297 de
1858 5246 2028 5304 Prop.
2063 5244 2207 5295 Fide
2247 5242 2334 5304 (C.
2370 5243 2437 5293 G.
2459 5241 2871 5301 —Albaniae),
2904 5239 2969 5291 18
3001 5251 3126 5299 apr.
3158 5239 3307 5296 1757.
3347 5236 3422 5289 ad
3457 5238 3508 5298 2:

532 5337 619 5396 (O.
660 5337 774 5397 G.),
811 5336 873 5387 21
907 5338 1055 5396 sept.
1090 5336 1239 5392 1840,
1283 5335 1361 5386 ad
1392 5336 1441 5396 1;
1476 5335 1629 5386 decr.
1666 5335 1731 5386 13
1765 5346 1890 5395 apr.
1929 5334 2076 5393 1807,
2112 5347 2168 5385 n.
2202 5333 2418 5385 XVIII.

703 5429 730 5464 ⁸
763 5426 935 5478 Cone.
978 5426 1264 5482 Trident„
1299 5437 1443 5476 sesa.
1476 5425 1674 5485 XXIV,
1711 5428 1781 5476 de
1814 5424 1950 5482 ret„
1989 5436 2039 5475 c.
2074 5427 2122 5485 4;
2153 5424 2530 5476 Innocentius
2563 5422 2728 5481 xnl,
2763 5423 2947 5472 const.
2984 5434 3014 5469 α
3051 5416 3374 5478 apostonci
3404 5417 3512 5467 mi·

524 5515 758 5565 nister-ii
792 5531 840 5575 n,
870 5516 932 5567 23
961 5515 1102 5566 maii
1132 5515 1277 5574 1723,
1307 5516 1334 5576 ς
1368 5517 1449 5575 11;
1476 5514 1831 5567 Benedictus
1860 5515 2024 5570 XIII.
2055 5518 2239 5567 const.
2271 5529 2300 5563 (ι
2328 5514 2401 5564 In
2437 5523 2707 5573 supremo
2740 5528 2788 5570 ν,
2821 5511 2885 5562 23
2913 5513 3061 5570 sept.
3093 5508 3241 5566 1724,
3274 5508 3301 5569 1
3340 5509 3392 5569 9,
3423 5506 3512 5571 ἥς
