3753 5871
1199 359 1373 413 Liber
1410 360 1670 421 Οαανεασ
1704 384 1725 396 -
1759 357 1846 409 De
1880 356 2257 409 Procumbite
3110 349 3215 409 581

1503 604 1679 671 CAN.
1724 601 1922 669 2148.

410 751 444 833 ξ
491 753 558 816 1.
607 748 939 832 Quoties,
967 746 1317 833 prudenti
1349 745 1731 814 Ordinarii
1764 743 2065 825 iudicio,
2096 742 2175 808 in
2202 760 2424 808 unam
2452 758 2539 807 ex
2564 739 2812 808 causis
2835 737 2926 805 de
2957 737 3223 821 quibus

235 858 313 923 in
358 876 523 926 can.
578 858 749 923 2147
810 857 1176 941 parochus
1221 854 1571 922 incidisse
1629 852 1997 933 videatur,
2050 851 2361 934 ipsemet
2411 847 2881 929 Ordinarius,
2937 839 3219 912 auditis

230 965 514 1033 duobus
545 963 1173 1031 examinatoribus
1205 969 1280 1031 et
1310 963 1624 1029 veritate
1656 961 2168 1046 gravitateque
2207 976 2476 1025 causae
2508 974 2675 1023 cum
2718 955 2825 1022 eis
2853 955 3215 1035 discussa,

232 1072 630 1158 parochum
668 1072 948 1156 scripto
975 1070 1091 1138 vel
1122 1074 1465 1137 oretenus
1493 1070 1589 1136 ad
1627 1068 2010 1154 paroeciae
2042 1065 2666 1133 renuntiationem
2698 1064 2900 1132 intra
2932 1068 3217 1130 certum

225 1189 512 1267 tempus
541 1182 955 1249 faciendam
982 1180 1272 1261 invitet,
1302 1179 1448 1245 nisi
1473 1183 1744 1260 agatur
1767 1178 1858 1245 de
1884 1176 2207 1259 parocho
2231 1176 2416 1243 vitio
2440 1174 2710 1242 mentis
2737 1172 3122 1239 laborante
3158 1169 3208 1237 ².

409 1289 443 1371 §
489 1288 556 1355 2.
608 1289 992 1369 Invita-tio,
1047 1292 1131 1355 ut
1171 1291 1336 1354 acta
1388 1287 1712 1368 valeant,
1754 1287 2136 1355 continere
2174 1285 2390 1352 debet
2432 1301 2732 1351 causam
2776 1300 2962 1367 quae
3006 1280 3215 1348 Ordi-

232 1397 522 1464 narium
558 1403 798 1465 movet
833 1403 907 1463 et
944 1400 1382 1480 argumenta
1419 1395 1684 1482 quibus
1721 1395 1886 1479 ipsa
1931 1394 2289 1461 innititur
2323 1391 2376 1457 ².

1494 1573 1672 1644 CAN.
1722 1574 1919 1641 2149.

406 1716 439 1798 ξ
488 1722 552 1782 1.
606 1717 687 1782 Si
722 1716 1088 1800 parochus
1113 1715 1317 1783 intra
1352 1714 1840 1798 praestitutos
1872 1714 2032 1782 dies
2062 1732 2193 1781 nec
2223 1714 2599 1780 renuntiet
2628 1731 2758 1779 nec
2786 1711 3218 1780 dilationem

231 1824 554 1907 postulet
604 1841 837 1907 neque
882 1841 1149 1889 causas
1209 1823 1304 1889 ad
1357 1823 1799 1898 amotionem
1852 1823 2234 1889 invocatas
2288 1826 2687 1906 oppugnet,
2743 1820 3213 1899 Ordinarius,

232 1935 617 2015 postquam
654 1931 1075 1998 constiterit
1111 1936 1183 1998 et
1222 1932 1736 1998 invitationem
1773 1930 1866 1997 ad
1908 1929 2510 2010 renuntiandum,
2561 1929 2704 1995 rite
2747 1928 3051 2009 factam,
3094 1946 3214 2011 pa-

233 2039 450 2107 rocho
509 2039 922 2106 innotuisse
970 2044 1045 2106 et
1085 2039 1327 2122 ipsum
1393 2039 1784 2124 quominus
1850 2037 2326 2122 responderet
2384 2037 2710 2121 legitime
2783 2034 3218 2119 impeditum

233 2164 378 2213 non
416 2146 675 2229 fuisse,
725 2166 887 2213 eum
945 2147 1200 2214 statim
1255 2165 1300 2212 a
1346 2146 1688 2231 paroecia
1731 2149 2092 2227 amoveat,
2142 2145 2318 2229 quin
2365 2146 2711 2213 teneatur
2757 2143 3222 2227 praescripto

228 2271 391 2320 can.
430 2253 604 2320 2154
656 2250 707 2317 ³.

407 2360 440 2442 ξ
486 2360 554 2428 2.
603 2362 816 2440 Quod
850 2362 914 2428 si
945 2381 1091 2429 non
1128 2365 1420 2430 constet
1445 2361 1536 2430 de
1570 2362 1913 2445 superius
1943 2362 2295 2429 indicatis
2326 2361 2613 2430 duobus
2652 2360 3051 2443 adiunctis,
3088 2361 3216 2426 Or-

227 2469 565 2537 dinarius
594 2476 1010 2554 opportune
1039 2471 1425 2554 provideat
1449 2475 1584 2539 aut
1607 2470 1952 2539 iterando
1975 2470 2489 2538 invitationem
2517 2469 2610 2537 ad
2641 2468 3218 2537 renuntiandum

227 2580 360 2644 aut
393 2578 860 2662 prorogando
901 2580 1192 2661 tempus
1227 2578 1414 2647 utile
1447 2579 1542 2646 ad
1583 2579 2170 2663 respondendum
2208 2575 2260 2642 ⁴.

1498 2754 1674 2820 CAN.
1724 2752 1922 2819 2150.

410 2895 444 2976 §
491 2896 557 2960 1.
611 2894 693 2963 Si
744 2895 1110 2980 parochus
1151 2892 1533 2979 paroeciae
1586 2895 1989 2978 renuntiet,
2034 2894 2480 2963 Ordinarius
2526 2892 2940 2979 paroeciam
2984 2914 3073 2962 ex
3118 2913 3219 2962 re·

231 3002 699 3085 nuntiatione
742 3007 1125 3070 vacantem
1160 3002 1487 3070 declaret
1528 3001 1580 3067 ³.
3284 2986 3292 2992 ’

408 3109 442 3191 5
487 3109 554 3175 2.
607 3109 863 3179 Potest
892 3130 1064 3179 vero
1092 3112 1482 3196 parochus,
1513 3111 1674 3180 loco
1700 3130 1968 3179 causae
1999 3112 2091 3178 ab
2119 3111 2521 3180 Ordinario
2556 3111 2963 3193 invocatae,
2994 3112 3220 3178 aliam

228 3218 323 3284 ad
376 3217 950 3285 renuntiandum
990 3219 1259 3286 afferre
1298 3219 1439 3286 sibi
1479 3221 1726 3285 minus
1767 3220 2150 3287 molestam
2200 3219 2315 3286 vel
2354 3219 2599 3285 minus
2650 3237 2970 3303 gravem,
3013 3217 3215 3285 dum·

228 3326 443 3393 modo
474 3344 649 3393 vera
679 3328 754 3393 et
792 3327 1100 3393 honesta
1131 3326 1254 3407 sit,
1298 3345 1410 3394 ΘΧ.
1447 3345 1589 3410 ςι·.,
1625 3333 1711 3395 ut
1744 3328 2192 3411 obsequatur
2225 3327 2606 3394 Ordinarii
2641 3325 3028 3394 desideriis
3060 3324 3111 3393 ⁸.

231 3433 245 3454 ’·
408 3432 441 3514 §
488 3432 555 3499 3.
607 3432 1094 3502 Renuntiatio
1122 3434 1283 3501 fieri
1309 3440 1554 3518 potest
1589 3454 1733 3502 non
1763 3436 1999 3502 solum
2036 3453 2220 3519 pure
2247 3440 2320 3502 et
2348 3434 2810 3518 simpliciter,
2836 3435 2967 3502 sed
2996 3430 3221 3501 etiam

230 3540 365 3607 sub
397 3540 844 3614 conditione.
882 3542 1276 3609 dummodo
1319 3544 1496 3609 haec
1529 3543 1623 3610 ab
1667 3542 2067 3614 Ordinario
2100 3542 2427 3626 legitime
2463 3543 2836 3626 acceptari
2875 3543 3110 3626 possit
3144 3547 3220 3611 et

231 3665 485 3731 reapse
522 3653 972 3733 acceptetur,
1014 3654 1090 3718 et
1133 3649 1345 3717 firmo
1391 3651 1853 3735 praescripto
1887 3670 2051 3717 can.
2095 3652 2222 3717 186
2258 3651 2307 3718 '.

1496 3827 1672 3895 CAN.
1732 3827 1929 3894 2151.

406 3968 808 4048 ParochuS,
841 3971 903 4036 si
933 3988 1360 4054 oppugnare
1389 3970 1572 4039 velit
1595 3989 1895 4038 causam
1933 3971 2330 4040 adductam
2362 3973 2439 4039 in
2477 3973 2944 4055 invitatione,
2979 3976 3221 4056 potest

227 4077 661 4145 dilationem
723 4079 817 4146 ad
870 4079 1342 4161 probationes
1389 4079 1804 4147 afferendas
1857 4080 2261 4163 postulare,
2318 4100 2534 4166 quam
2586 4081 3032 4148 Ordinarius
3084 4098 3221 4163 pro

232 4204 368 4253 suo
407 4187 758 4269 prudenti
809 4187 1124 4255 arbitrio
1172 4187 1566 4255 concedere
1607 4191 1878 4273 potest,
1922 4189 2317 4257 dummodo
2362 4209 2450 4257 ne
2493 4191 2593 4257 sit
2632 4207 2933 4265 cessura·
2982 4187 3060 4255 in
3102 4187 3216 4254 de·

230 4291 660 4361 trimentum
708 4295 1121 4360 animarum
1156 4293 1207 4360 ⁸.

232 4539 289 4588 11
325 4549 482 4598 αυς.,
510 4535 575 4586 22
597 4538 744 4595 sept.
759 4535 904 4596 17423
927 4535 1240 4592 scanne-n„
1267 4533 1332 4584 29
1358 4535 1481 4592 lul„
1505 4535 1571 4585 19
1598 4546 1755 4594 aug„
1785 4535 1819 4585 9
1848 4536 1995 4594 sept.
2024 4534 2169 4594 17ῗ5;
2200 4535 2538 4591 Tam-ineu„
2569 4534 2602 4584 'a'
2635 4534 2736 4584 lul.
2772 4533 3217 4594 18553Achertm-

239 4626 386 4683 tina,
413 4625 478 4678 31
501 4627 700 4682 murt..
727 4624 792 4674 22
820 4628 968 4684 sept.
994 4623 1140 4685 18553
1166 4605 1483 4692 colonien,
1509 4623 1574 4674 20
1597 4634 1745 4683 apr„
1779 4623 1812 4674 5
1836 4623 1942 4673 iul.
1968 4623 2114 4685 18563
2147 4623 2538 4682 mmburqen„
2569 4623 2632 4673 27
2664 4624 2803 4682 lun„
2832 4624 2898 4674 19
2923 4623 3046 4674 dec.
3077 4623 3225 4685 185*st

240 4714 639 4774 Hermpolen„
673 4715 741 4764 22
770 4714 893 4765 dec.
929 4712 1076 4774 186ος
1110 4709 1360 4770 Αῐῦίση.,
1396 4713 1429 4764 1
1470 4715 1615 4772 sept.
1653 4712 1800 4773 1883,
1835 4715 1902 4763 19
1946 4713 2062 4762 lan.
2099 4712 2245 4772 18843
2279 4711 2665 4770 Premislien„
2703 4713 2769 4763 18
2802 4711 2945 4772 lun„
2992 4713 3057 4764 20
3092 4726 3224 4774 aug.

231 4805 380 4867 18873
407 4805 733 4864 spalaten„
765 4806 830 4856 14
858 4805 982 4856 dec.
1019 4803 1167 4862 1895.
1196 4803 1261 4855 25
1288 4803 1390 4854 lul.
1421 4803 1567 4864 1896:
1598 4802 1656 4854 S.
1688 4803 1752 4854 C.
1792 4803 1865 4855 de
1895 4804 2065 4861 Pron.
2099 4802 2262 4860 Fide.
2301 4803 2365 4853 10
2396 4803 2513 4852 ian.
2548 4801 2694 4853 1757.

415 4896 433 4930 ¹
475 4895 532 4948 S.
566 4896 631 4948 O.
664 4896 942 4954 Consist.,
975 4894 1129 4946 decr.
1165 4909 1194 4945 ι
1233 4892 1497 4942 Maxima
1529 4903 1670 4943 σανα
1705 4909 1755 4954 n,
1788 4894 1854 4945 20
1884 4905 2017 4954 aug.
2051 4894 2198 4953 1910,
2240 4905 2368 4944 can.
2405 4893 2453 4953 2,
2487 4893 2537 4951 3,
2569 4893 2619 4952 8,
2651 4894 2702 4953 9,
2734 4894 2818 4953 10,
2853 4893 2879 4954 5
2911 4896 2963 4954 1,
2994 4895 3044 4947 3.

409 4993 433 5025 2
478 4986 536 5039 S.
569 4986 634 5039 C.
667 4986 945 5045 Consist„
984 4985 1138 5036 decr.
1174 5000 1205 5034 ι
1234 4983 1496 5034 Maxima
1529 4995 1669 5034 σανα
1700 5000 1748 5045 π,
1782 4984 1846 5035 20
1874 4996 2008 5045 aug.
2041 4985 2188 5042 1910,
2227 4996 2356 5033 can.
2389 4985 2471 5044 10,
2507 4983 2533 5044 5
2567 4983 2615 5042 2,
2648 4983 2698 5042 3,
2735 4996 2864 5036 can.
2900 4986 2983 5036 11.

484 5077 540 5128 S.
575 5077 639 5129 C.
673 5077 951 5136 Consist„
988 5076 1142 5127 decr.
1174 5090 1205 5125 α
1231 5074 1494 5124 Mae-ima
1523 5087 1664 5125 σανα
1697 5090 1745 5136 n,
1775 5076 1840 5126 m
1867 5087 2000 5135 aug.
2032 5075 2179 5134 1910,
2216 5086 2344 5125 can.
2377 5075 2456 5134 10,
2493 5075 2519 5134 5
2550 5076 2600 5133 4,
2631 5086 2761 5125 ean.
2795 5076 2877 5134 14,
2912 5075 2939 5136 5
2970 5078 3020 5128 1.

480 5168 538 5220 S.
574 5169 639 5221 C.
681 5168 958 5227 Consist„
991 5167 1145 5219 decr.
1182 5181 1211 5217 ι
1241 5164 1504 5215 Maxima
1537 5177 1677 5215 σανα
1708 5181 1756 5225 ιο,
1790 5165 1853 5216 20
1892 5178 2024 5226 nug.
2059 5167 2207 5224 1910,
2239 5177 2368 5216 can.
2402 5166 2486 5225 14,
2526 5166 2552 5227 5
2588 5165 2638 5216 2.

483 5259 541 5311 S.
575 5259 639 5311 C.
672 5260 950 5317 Consist„
985 5259 1139 5310 decr.
1177 5255 1206 5308 ἃ
1248 5255 1510 5306 Maxima
1547 5267 1688 5306 σανα
1726 5272 1775 5316 ν,
1811 5258 1875 5307 20
1908 5269 2040 5318 aug.
2077 5257 2225 5317 1910,
2270 5268 2399 5307 can.
2437 5256 2519 5316 13,
2557 5256 2583 5317 5
2620 5256 2669 5308 3.

482 5349 540 5402 S.
574 5350 638 5402 C.
671 5350 950 5409 Consist„
991 5348 1145 5400 decr.
1181 5363 1210 5396 «ι
1241 5346 1503 5397 Maxima
1537 5359 1676 5397 σανα
1714 5362 1762 5408 n,
1796 5347 1860 5399 20
1891 5360 2019 5408 aug.
2057 5349 2205 5407 1910,
2247 5359 2376 5399 can.
2412 5348 2494 5406 13.
2530 5347 2556 5408 5
2591 5348 2639 5398 2.

481 5440 539 5493 S.
571 5440 636 5493 G.
669 5441 948 5499 Consist„
982 5439 1136 5491 decr.
1164 5436 1211 5488 ἀ
1242 5437 1503 5488 Maxima
1536 5449 1675 5488 σανα
1709 5454 1757 5499 n,
1792 5439 1855 5489 m
1885 5450 2017 5499 aug.
2051 5439 2200 5497 1910,
2241 5449 2370 5489 can.
2403 5439 2487 5498 13,
2523 5437 2548 5498 5
2583 5440 2632 5490 1.

484 5531 541 5584 S.
574 5532 640 5584 0.
666 5532 951 5594 ‚Consist.,
984 5530 1139 5582 decr.
1176 5545 1206 5579 α
1243 5528 1504 5580 Maxima
1540 5540 1680 5579 cura
1713 5544 1761 5590 n,
1796 5529 1860 5579 20
1891 5541 2022 5590 aug.
2057 5530 2205 5590 1910,
2246 5541 2375 5580 can.
2411 5529 2493 5589 12,
2525 5529 2609 5589 15,
2647 5529 2673 5590 5
2710 5532 2759 5580 1.
