3753 5871
588 333 698 391 548
1732 327 1929 380 Gom
1966 327 2129 379 Iuris
2177 326 2458 379 oamcd

595 521 1056 603 coniunctos,
1100 520 1217 589 sin
1257 519 1503 587 minus
1540 519 1824 588 vicinos
1862 519 2099 587 bonae
2136 518 2405 600 famae,
2448 521 2585 586 aut
2631 517 2967 601 alioquin
3006 516 3099 583 de
3141 534 3226 584 re
3260 514 3567 583 edoctos.

598 625 728 709 qui
768 625 1021 694 iurare
1062 627 1353 709 possint
1390 627 1484 694 de
1516 627 1848 710 ipsorum
1886 626 2282 712 coniugum
2317 625 2715 711 probitate,
2751 628 2831 693 et
2859 623 3306 709 praesertim
3343 621 3439 690 de
3476 640 3569 688 ve

349 740 384 777 Ι
599 731 915 800 racitate
943 732 1147 800 circa
1180 750 1332 800 rem
1369 732 1450 800 in
1482 734 2062 800 controversiam
2096 734 2512 818 deductam;
2551 732 2817 818 quibus
2861 731 3081 799 iudex
3118 731 3219 799 ad
3254 746 3573 798 normam

595 855 760 906 can.
798 838 995 923 1759,
1033 839 1067 922 5
1107 839 1152 909 3
1182 839 1372 908 alios
1401 844 1630 909 testes
1660 842 1908 925 potest
1939 859 2029 907 ex
2062 838 2299 908 officio
2331 841 2734 925 adiungere
2778 836 2832 904 ².

778 946 812 1029 ἃ
859 945 926 1012 2.
975 946 1508 1015 Testimonium
1569 947 1928 1032 septimae
1994 965 2258 1014 manus
2314 950 2431 1016 est
2487 951 3004 1032 argumentum
3063 946 3581 1014 credibilitatis

599 1053 792 1138 quod
833 1055 1060 1123 robur
1098 1053 1311 1124 addit
1349 1054 1937 1140 ‘depositionibus
1974 1056 2393 1141 coniugum:
2444 1054 2571 1123 sed
2621 1055 2770 1122 vim
2824 1055 3087 1139 plenae
3126 1053 3580 1139 probationis

601 1178 744 1228 non
783 1161 1091 1244 obtinet,
1138 1162 1282 1229 nisi
1321 1162 1493 1229 aliis
1531 1162 2008 1230 adminiculis
2043 1168 2177 1231 aut
2214 1161 2673 1247 argumentis
2719 1162 3082 1230 fulciatur
3109 1161 3164 1226 ⁸.

1395 1475 1562 1539 Am.
1607 1474 1691 1539 11.
1745 1510 1815 1520 —
1859 1477 1959 1540 Do
1993 1476 2404 1557 suspectione
2444 1477 2803 1558 commu.

1868 1672 2049 1741 CAN·
2107 1673 2303 1740 1970.

776 1817 869 1883 In
893 1816 1142 1884 causis
1168 1816 1650 1901 impotentiae
1681 1821 1818 1884 aut
1840 1816 2581 1884 inconsummationis
2608 1816 3018 1902 requiritur
3042 1816 3430 1901 inspectio
3452 1836 3584 1889 cor·

598 1926 804 2009 poris
854 1923 1245 2009 utriusque
1288 1926 1408 1992 vel
1455 1924 1899 1993 alterutrius
1946 1923 2285 2009 coniugis
2334 1942 2466 2008 per
2527 1923 2807 2008 peritos
2867 1923 3237 2008 facienda,
3311 1925 3470 1993 nisi
3512 1943 3587 1993 ex

596 2030 972 2099 adiunctis
1003 2030 1298 2099 inutilis
1329 2031 1707 2099 evidenter
1734 2034 2099 2116 appareat
2141 2026 2195 2095 ⁸.

1882 2210 2060 2279 om.
2109 2210 2303 2278 1977.

772 2350 864 2416 11¹
886 2348 1151 2434 peritis
1178 2350 1561 2436 eligendis,
1588 2356 1887 2436 praeter
1916 2369 2213 2419 normas
2234 2352 2315 2419 in
2338 2369 2505 2419 can.
2534 2347 2906 2417 1792-1805
2929 2347 3174 2429 datas,
3204 2348 3593 2413 serventur

602 2455 1065 2541 praescripta
1091 2475 1454 2524 canonum
1495 2458 1621 2541 qui
1657 2462 2093 2543 sequuntur.

1861 2635 2040 2702 om.
2102 2635 2297 2702 1978.

773 2776 892 2843 Ad
931 2776 1157 2861 periti
1193 2794 1464 2843 munus
1509 2794 1616 2844 ne.
1644 2776 2146 2844 admittantur
2192 2776 2320 2860 qui
2354 2774 2704 2859 coniuges
2742 2773 3092 2859 privatim
3130 2772 3595 2857 inspexerint

596 2882 799 2953 circa
835 2883 1120 2952 factum
1157 2884 1280 2952 cui
1321 2883 1676 2952 innititur
1718 2883 1985 2969 petitio
2032 2882 2561 2952 declarationis
2603 2882 2977 2951 nullitatis
3016 2880 3133 2950 vel
3174 2881 3593 2950 inconsum-

599 2992 971 3077 mationis;
1002 2991 1179 3061 licet
1212 2996 1461 3062 tamen
1491 2993 1626 3061 hos
1655 2997 2012 3078 tanquam
2052 2996 2281 3061 testes
2319 2992 2690 3060 inducere.

1862 3165 2041 3232 CAN·
2102 3164 2297 3232 1979.

776 3310 810 3393 9
859 3311 923 3377 1.
973 3309 1090 3377 Ad
1134 3309 1669 3395 inspiciendum
1720 3310 1988 3393 virum,
2035 3309 2186 3377 duo
2238 3309 2465 3393 periti>
2517 3308 2781 3376 medici
2833 3327 2920 3376 ex
2964 3306 3204 3375 officio
3244 3305 3598 3392 deputari

598 3417 866 3485 debent
919 3415 974 3481 ⁴.

770 3524 805 3608 ξ
851 3524 918 3591 2.
967 3527 1086 3595 Ad
1140 3526 1520 3594 mulierem
1565 3544 1739 3594 vero
1794 3525 2331 3611 inspiciendam
2375 3525 2567 3594 duae
2612 3523 3067 3606 obstetrices,
3121 3542 3315 3609 quae
3368 3524 3597 3610 legiti-

599 3650 800 3701 mum
838 3633 1154 3718 peritiae
1185 3634 1691 3703 testimonium
1727 3634 2073 3716 habeant,
2112 3652 2200 3701 ex
2246 3632 2484 3701 officio
2516 3632 3022 3718 designentur3
3059 3632 3208 3698 nisi
3242 3633 3601 3701 maluerit

601 3740 867 3809 mulier
900 3759 947 3808 a
978 3741 1267 3809 duobus
1307 3739 1610 3807 medicis
1651 3758 1741 3808 ex
1784 3739 2019 3808 officio
2053 3741 2337 3825 pariter
2371 3740 2849 3825 designandis
2884 3739 3155 3825 inspici
3186 3740 3307 3808 vel
3351 3741 3440 3809 id
3480 3741 3595 3807 Or-

596 3845 937 3914 dinarius
985 3849 1476 3915 necessarium
1513 3849 1858 3918 habuerit
1896 3849 1946 3914 ⁸.

780 3953 814 4036 ξ
859 3952 926 4020 3.
977 3955 1408 4040 corporalis
1454 3959 1789 4027 mulieris
1837 3961 2201 4045 inspectio
2247 3959 2408 4029 fleri
2464 3959 2706 4041 debet,
2767 3958 3081 4025 servatis
3141 3957 3372 4041 plene
3420 3957 3597 4026 clu-i·

599 4060 889 4130 stianae
924 4063 1326 4132 modestiae
1361 4066 1638 4150 regulis
1675 4072 1747 4134 et
1788 4069 2135 4136 adstante
2176 4087 2461 4153 semper
2497 4068 2803 4134 honesta
2843 4069 3181 4132 matrona
3220 4085 3316 4133 ex
3372 4065 3599 4135 officio

596 4166 1056 4253 designanda
1096 4171 1148 4238 ⁸.
2430 4175 2431 4178 ’

783 4406 806 4442 ¹
841 4406 907 4459 Ο.
940 4408 990 4469 2,
1023 4408 1088 4461 Ο.
1122 4409 1385 4471 XXXIII,
1416 4422 1472 4473 (ι.
1505 4412 1554 4474 1;
1580 4423 1631 4463 c.
1662 4412 1715 4474 ὅ,
1746 4411 1797 4473 7,
1828 4413 1896 4473 X,
1930 4415 2001 4463 de
2036 4412 2298 4472 trinitus,
2329 4416 2390 4464 et
2419 4412 2811 4473 maleficiam,
2842 4419 2903 4466 et
2943 4414 3298 4475 impotentia
3332 4415 3595 4470 ακοιόί,

606 4494 707 4556 IV,
737 4495 819 4558 1⁶3
855 4494 915 4548 Β.
945 4497 1010 4550 Ο.
1043 4498 1101 4551 Β.
1134 4498 1272 4561 oft..
1308 4501 1479 4552 instr.
1517 4512 1574 4553 a.
1606 4500 1754 4564 185&
1781 4502 1954 4554 instr-
1994 4502 2096 4563 (ad
2126 4503 2233 4564 Ep.
2274 4503 2519 4555 Bituum
2550 4501 2823 4572 orient).
2855 4514 2912 4555 a.
2944 4504 3091 4565 1888,
3124 4505 3223 4558 tit.
3262 4508 3375 4568 VI,
3412 4511 3529 4560 art.
3556 4506 3596 4561 ἐς

606 4583 665 4636 s.
698 4583 763 4636 0.
797 4585 885 4648 o..
917 4585 1089 4640 lustr.
1122 4589 1187 4640 22
1214 4601 1348 4652 aug.
1380 4590 1528 4653 law,
1567 4574 1933 4652 ναηαυιοιιζ,
1964 4592 2029 4644 16
2059 4593 2179 4644 mn.
2212 4592 2360 4652 1894,
2402 4590 2480 4644 aa
2513 4592 2563 4642 1.

771 4680 797 4714 ²
841 4677 905 4728 C.
939 4677 989 4736 4,
1021 4678 1086 4738 X,
1122 4681 1193 4729 ae
1233 4679 1695 4740 probationibus,
1732 4682 1815 4742 11,
1851 4685 1933 4734 19.

779 4770 806 4807 ³
844 4766 905 4819 S.
934 4768 999 4819 O.
1040 4768 1099 4821 S.
1131 4771 1270 4832 Otr„
1300 4772 1472 4824 lustr.
1505 4785 1560 4823 a.
1594 4773 1740 4835 18583
1773 4775 1941 4825 instr.
1985 4775 2087 4832 (ad
2117 4775 2222 4836 Ep.
2254 4774 2500 4827 Rituum
2539 4772 2813 4833 orient).
2848 4786 2904 4824 a.
2938 4773 3088 4834 1888,
3121 4775 3221 4827 tit.
3266 4776 3378 4836 VI,
3414 4779 3529 4827 art.
3554 4775 3593 4828 ὃς

605 4856 664 4909 S.
698 4857 762 4908 C.
795 4855 882 4918 0..
918 4856 1089 4909 instr.
1122 4858 1189 4908 22
1227 4871 1360 4922 aug.
1395 4861 1544 4914 1840.

775 4951 803 4988 ⁴
846 4949 904 4999 S.
938 4948 1003 4998 Ο.
1040 4947 1097 4999 S.
1131 4948 1269 5009 ott„
1300 4951 1470 5003 instr.
1502 4966 1558 5004 a.
1598 4954 1743 5015 185&
1772 4955 1943 5005 lustr.
1985 4953 2088 5012 (ad
2118 4954 2222 5014 Ep.
2255 4955 2500 5007 Bituum
2540 4953 2812 5013 orient),
2849 4966 2904 5004 a.
2939 4953 3086 5016 1888.
3119 4955 3218 5007 tlt.
3267 4955 3377 5015 vl,
3411 4958 3526 5006 art.
3551 4954 3592 5007 ἃ

605 5040 664 5092 8.
698 5038 763 5092 G.
797 5035 886 5098 0.,
929 5037 1101 5090 lustr.
1135 5038 1201 5089 22
1232 5050 1366 5101 aug.
1404 5040 1550 5093 1840.

779 5135 808 5173 ⁸
844 5127 911 5182 C.
944 5129 1027 5189 14,
1060 5130 1124 5188 Χ.
1174 5130 1243 5179 de
1278 5131 1741 5191 probationibus,
1781 5134 1862 5194 11,
1902 5134 1983 5194 193
2018 5144 2067 5184 c.
2107 5133 2159 5194 6.
2190 5134 2241 5194 7,
2271 5135 2340 5194 X,
2377 5136 2448 5184 ae
2481 5132 2744 5194 trifidis,
2779 5138 2839 5186 et
2874 5133 3274 5198 molemus,
3322 5140 3388 5188 et
3430 5134 3585 5193 ίιιρο»

607 5224 795 5274 tentia
824 5221 1090 5280 coeundi,
1120 5221 1222 5283 IV,
1257 5222 1339 5285 153
1366 5222 1424 5275 S.
1453 5223 1518 5276 G.
1556 5222 1615 5276 S.
1653 5222 1792 5283 oft„
1823 5225 1993 5276 lustr.
2023 5237 2080 5275 a.
2112 5222 2260 5286 1858:
2286 5224 2456 5276 instr.
2498 5223 2600 5284 (ad
2631 5224 2737 5285 Ep.
2770 5224 3018 5276 Rituum
3046 5224 3330 5286 orient.)‚
3362 5240 3425 5278 a.
3456 5224 3584 5278 18³»

604 5313 698 5365 tit.
740 5313 842 5374 VI,
874 5315 990 5364 art.
1021 5313 1072 5373 ὃς
1103 5313 1161 5364 S.
1194 5311 1259 5365 G.
1292 5309 1380 5374 0.,
1413 5313 1585 5367 instr.
1621 5313 1689 5365 22
1714 5327 1846 5377 aug.
1883 5314 2031 5367 1840.

777 5408 804 5444 ⁶
845 5403 904 5455 S.
938 5403 1002 5454 G.
1038 5403 1096 5454 S.
1130 5402 1268 5464 Off..
1299 5403 1470 5456 instr.
1502 5417 1558 5456 a.
1598 5404 1743 5466 185&
1772 5406 1942 5457 instr.
1986 5406 2087 5463 (ad
2118 5406 2222 5464 Ep.
2254 5405 2498 5457 Rituum
2538 5405 2810 5464 Oricum,
2845 5417 2903 5455 a.
2938 5404 3086 5464 1883,
3120 5404 3217 5456 tit.
3265 5405 3373 5466 VI.
3405 5409 3517 5457 art.
3542 5403 3583 5456 ὃς

603 5492 660 5543 8.
695 5492 760 5544 C.
794 5491 881 5550 Ο..
925 5492 1095 5544 instr.
1130 5492 1196 5544 22
1227 5505 1361 5555 aug.
1399 5493 1545 5545 1840.
