3753 5871
1315 312 1490 363 Liber
1521 315 1757 366 Tertius
1792 339 1812 351 ·
1850 313 1939 365 De
1977 315 2175 366 Rebas
3160 314 3269 372 57³

441 497 475 578 5
523 498 592 563 2.
643 497 992 565 vicarius
1025 499 1488 583 Capit-ularis
1528 500 1825 567 litteras
1855 499 2320 567 dimissorias
2362 518 2454 567 ne
2492 499 2848 567 concedat
2880 500 2976 567 iis
3011 502 3139 585 qui
3173 501 3266 568 ab

278 603 640 689 Episcopo
678 606 934 673 reiecti
967 608 1299 674 ruerunt.

1567 715 1746 781 om.
1790 714 1943 782 959.

444 837 593 916 Qui
632 842 878 921 potest
928 836 1224 905 litteras
1271 835 1734 904 dimissorias
1772 836 1870 903 ad
1915 835 2211 903 ordines
2264 837 2721 920 recipiendos
2762 837 2968 920 dare,
3024 841 3270 922 potest

276 961 557 1029 quoque
595 944 885 1012 eosdem
934 944 1231 1012 ordines
1279 944 1617 1012 conferre
1654 962 1786 1028 per
1825 962 1905 1012 se
1953 944 2136 1028 ipse,
2182 945 2248 1011 si
2289 946 2776 1012 necessariam
2819 946 3104 1013 ordinis
3147 965 3265 1031 po-

276 1054 615 1118 testatem
654 1051 946 1118 habeat.

1569 1159 1747 1227 CAN.
1793 1159 1946 1226 960.

446 1283 481 1365 5
529 1286 595 1350 1.
646 1283 975 1353 Litterae
1002 1284 1469 1353 dimissoriae
1506 1304 1595 1353 ne
1620 1283 2148 1367 concedantur,
2183 1285 2328 1352 nisi
2357 1285 2634 1353 habitis
2669 1289 2892 1353 antea
2928 1287 3268 1354 omnibus

274 1392 743 1475 testimoniis,
791 1411 979 1477 quae
1012 1394 1176 1461 iure
1209 1394 1612 1479 exiguntur
1646 1394 1741 1460 ad
1781 1411 2113 1461 normam
2149 1411 2314 1460 can.
2352 1393 2684 1462 993-1000
2715 1391 2766 1458 ¹.

449 1499 483 1581 ξ
530 1499 597 1565 2.
651 1500 733 1568 Si
766 1506 935 1585 post
966 1501 1187 1568 datas
1218 1501 1312 1568 ab
1349 1501 1752 1569 Ordinario
1781 1502 2079 1568 litteras
2112 1501 2575 1569 dimissorias
2610 1520 2801 1568 nova
2842 1501 3268 1570 testimonia

272 1607 685 1674 necessaria
733 1608 887 1675 sint
929 1609 1027 1676 ad
1064 1627 1393 1675 normam
1431 1627 1596 1676 can.
1639 1610 1791 1691 994,
1838 1610 1872 1691 §
1913 1609 1979 1690 3,
2024 1609 2439 1693 Episcopus
2485 1610 2776 1676 alienus
2817 1629 2908 1677 ne
2946 1609 3264 1691 ordinet,

269 1717 668 1799 antequam
700 1716 951 1782 eadem
990 1717 1371 1799 receperit.

447 1822 481 1904 ξ
529 1821 597 1889 3.
647 1823 859 1902 Quod
896 1824 960 1890 si
995 1824 1534 1908 promovendus
1567 1828 1860 1908 tempus
1894 1824 2261 1891 sufficiens
2295 1824 2391 1892 ad
2424 1825 3008 1893 contrahendum
3046 1824 3265 1908 impe·

271 1930 680 1997 dimentum
705 1931 802 1998 ad
834 1949 1165 1998 normam
1192 1950 1402 1999 mem.
1438 1951 1602 1999 can.
1635 1934 1762 2000 994
1789 1933 2238 2018 transegerit
2271 1934 2347 2000 in
2384 1934 2547 2017 ipsa
2572 1933 2887 2001 dioecesi
2918 1933 3268 2017 Episcopi

270 2038 717 2120 ordinantis,
759 2038 878 2106 hic
916 2041 1340 2107 testimonia
1377 2040 1657 2109 directe
1691 2042 2022 2126 colligat.

1571 2191 1750 2260 om.
1793 2193 1948 2258 961.

448 2302 780 2371 Litterae
813 2299 1278 2369 dimissoriae
1313 2299 1534 2368 mitti.
1558 2306 1871 2385 possunt
1910 2300 2005 2367 ab
2045 2300 2416 2385 Episcopo
2453 2299 2783 2385 proprio,
2825 2300 3051 2368 etiam
3092 2300 3267 2368 Car·

273 2409 513 2477 dinali
553 2409 925 2493 Episcopo
978 2408 1516 2492 suburbicario,
1562 2407 1660 2477 ad
1717 2408 2114 2495 quemlibet
2162 2409 2640 2493 Episcopum,
2686 2408 3268 2477 communionem

274 2536 440 2585 cum
497 2518 684 2585 Sede
734 2517 1162 2602 Apostolica
1208 2518 1624 2599 habentem,
1668 2520 1977 2601 excepto
2018 2521 2340 2599 tantum,
2385 2517 2581 2584 citra
2622 2517 3112 2641 apostolicum
3161 2518 3265 2583 in·

278 2624 597 2707 dultum‚
636 2625 1009 2708 Episcopo
1042 2625 1236 2692 ritus
1268 2625 1542 2693 diversi
1581 2644 1628 2693 a
1674 2626 1827 2693 ritu
1864 2622 2422 2709 promovendi⁸.

1629 2792 1745 2844 ΑΝ.

448 2887 780 2967 Quilibet
827 2887 1266 2973 Episcopus,
1313 2781 1639 2973 accepti}
1693 2779 2049 2975 leffiizmis
2094 2888 2371 2958 litteris
2427 2887 2896 2972 dimissoriis,
2949 2889 3271 2996 alienum

277 2995 654 3064 subditum
686 2996 893 3064 licite
923 2996 1248 3079 ordinat,
1282 2997 1678 3065 dummodo
1718 2999 1878 3083 ipse
1919 2999 2008 3065 de
2043 3015 2394 3083 germana
2428 2996 2853 3065 litterarum
2889 2997 3033 3065 fide
3064 2999 3268 3066 dubi·

279 3107 439 3172 tare
472 3104 902 3172 nullatenus
935 3105 1197 3190 possit,
1241 3106 1448 3172 salvo
1475 3105 1939 3190 praescripto
1976 3123 2141 3172 can.
2177 3106 2330 3188 994,
2373 3106 2407 3188 ξ
2444 3105 2487 3172 3
2522 3104 2572 3171 ³.

1588 3264 1766 3332 om.
1807 3263 1960 3332 963.

453 3372 783 3441 Litterae
820 3372 1284 3441 dimissoriae
1322 3377 1637 3456 possunt
1674 3373 1768 3438 ab
1806 3373 1971 3456 ipso
2015 3371 2459 3441 concedente
2495 3371 2611 3440 vel
2658 3371 2753 3438 ab
2795 3372 2957 3439 eius
2994 3390 3270 3439 succes·

279 3499 443 3566 sore
466 3481 779 3547 limitari
800 3485 937 3548 aut
960 3480 1314 3559 revocari,
1342 3480 1467 3548 sed
1499 3479 1721 3548 semel
1749 3497 2138 3548 concessae
2165 3498 2311 3546 non
2338 3480 2919 3565 exstinguuntur
2949 3480 3275 3548 resoluto

276 3587 440 3656 iure
474 3587 730 3655 dantis
761 3589 812 3653 ·¹.

1590 3693 1766 3761 CAN.
1809 3694 1962 3761 964.

456 3818 669 3899 Quod
710 3818 986 3885 attinet
1027 3817 1122 3884 ad
1163 3814 1704 3884 ordinationem
1749 3816 2308 3901 religiosorum:

540 3928 637 3992 1.·
682 3926 932 3993 Abbas
963 3924 1328 4010 regula-ris
1356 3925 1448 3992 de
1480 3925 1858 4009 regimine,
1893 3925 2036 3992 etsi
2068 3925 2227 3992 sine
2265 3924 2652 3993 territorio
2687 3923 3001 4008 nullius,
3033 3928 3280 4009 potest

276 4035 617 4103 conterre
657 4034 975 4119 primam
1016 4039 1399 4101 tonsuram
1445 4036 1522 4101 et
1562 4033 1859 4101 ordines
1900 4032 2248 4116 minores,
2302 4032 2698 4099 dummodo
2741 4030 3278 4115 promovendus

461 4245 484 4281 ¹
523 4245 903 4296 Innocentius
925 4243 1092 4302 xm,
1115 4245 1302 4295 const.
1330 4256 1362 4292 c
1383 4240 1705 4300 Apostoltct
1726 4239 2047 4292 minister-tt
2073 4253 2127 4301 s,
2152 4240 2217 4293 23
2246 4241 2388 4291 maii
2415 4240 2563 4299 1723,
2593 4240 2620 4301 5
2648 4239 2698 4301 6;
2730 4241 3086 4292 Benedictus
3109 4242 3276 4301 XIII,

278 4337 468 4386 const.
501 4348 533 4384 c
559 4333 632 4383 In
658 4342 930 4392 supremo
955 4346 1006 4393 ι,
1040 4331 1107 4384 26
1136 4334 1285 4391 sent.
1316 4330 1463 4391 1724,
1495 4330 1522 4391 5
1557 4332 1609 4391 4,
1640 4330 1723 4391 2&
1744 4333 1933 4382 const.
1973 4345 2005 4380 α
2029 4327 2360 4380 Panno-aus
2387 4328 2564 4387 offlctt
2591 4344 2641 4389 ι,
2672 4329 2737 4380 27
2765 4332 2943 4382 mart.
2977 4329 3125 4389 1726,
3160 4330 3188 4389 5
3218 4329 3270 4382 6.

463 4424 492 4461 ²
523 4422 590 4474 G.
625 4423 677 4483 9,
709 4422 776 4481 X,
812 4422 884 4470 de
918 4420 1276 4480 temporibus
1307 4419 1747 4469 ordinationum
1778 4422 1839 4470 et
1876 4418 2175 4477 qualitate
2207 4417 2688 4476 ordinandorum,
2733 4417 2785 4479 1,
2821 4419 2904 4478 11:
2937 4417 3113 4470 Oonc.
3151 4418 3278 4469 Tri·

281 4514 466 4572 ωσι..
508 4524 652 4563 sess.
685 4510 900 4570 xxln.
935 4510 1006 4560 de
1038 4508 1175 4569 ret..
1209 4521 1260 4560 c.
1292 4509 1342 4570 8;
1376 4509 1645 4561 Clemens
1679 4508 1847 4569 vm,
1885 4508 2055 4560 instr.
2100 4522 2132 4558 c
2164 4506 2588 4557 &citatissimos
2626 4520 2681 4566 s,
2713 4506 2780 4559 31
2810 4519 2946 4569 aug.
2980 4506 3129 4566 1595.
3168 4506 3195 4567 5
3231 4507 3281 4568 73

284 4600 643 4653 Benedictus
681 4600 834 4659 xiv,
873 4601 1059 4652 const.
1102 4613 1132 4648 α
1183 4598 1317 4648 Etsi
1357 4597 1677 4658 pastoratu
1718 4611 1770 4660 s,
1811 4597 1879 4649 26
1915 4597 2059 4649 mail
2098 4595 2246 4655 1742.
2298 4596 2327 4657 5
2370 4596 2417 4645 V
2425 4596 2505 4655 11.
2548 4607 2606 4646 n.
2652 4595 2704 4657 1,
2734 4595 2919 4655 xvn.
2951 4596 3065 4655 XX,
3098 4595 3281 4648 xxn-

281 4690 487 4816 mv³
521 4688 682 4837 ἕλιξ,
716 4700 783 4830 g.
814 4687 983 4837 {IXIII
1009 4789 1065 4838 q.
1105 4777 1154 4839 2;
1187 4787 1238 4828 c.
1277 4777 1330 4837 1,
1370 4776 1441 4826 de
1490 4775 1850 4836 temporibus
1888 4774 2327 4825 ordinationum
2364 4778 2423 4827 et
2465 4774 2757 4833 qualitate
2797 4773 3277 4829 ordinandorum,

285 4869 335 4930 Ι,
369 4869 422 4930 9,
458 4868 522 4918 in
553 4867 681 4928 ΥΡ·
718 4867 892 4919 conc.
928 4866 1216 4926 Trident„
1254 4877 1399 4917 sess.
1434 4864 1587 4926 ΣΝ,
1622 4866 1693 4916 de
1724 4864 1860 4925 ret..
1903 4876 1953 4916 c.
1986 4864 2036 4926 2;
2069 4862 2278 4916 sixtus
2310 4865 2380 4922 V,
2414 4866 2600 4915 const.
2639 4879 2671 4914 α
2713 4862 2997 4913 Sanctum
3033 4864 3092 4911 et
3127 4860 3282 4912 calu·

285 4959 417 5008 toro
452 4970 503 5017 s,
548 4956 583 5009 δ
617 4957 737 5008 ian.
773 4955 922 5015 1589.
961 4955 988 5016 5
1023 4955 1075 5016 2:
1116 4954 1389 5006 Clemens
1421 4953 1592 5015 vlu,
1631 4955 1798 5005 iustr.
1844 4969 1876 5004 α
1915 4951 2342 5005 sanctum-uo
2381 4966 2433 5013 s,
2481 4952 2547 5012 31
2584 4964 2718 5014 aug.
2758 4952 2906 5010 1595,
2950 4951 2977 5012 5
3012 4951 3063 5018 ’ἴς
3098 4951 3281 5003 Urba·

282 5058 399 5099 nus
428 5045 600 5100 VIII.
633 5047 820 5097 const.
855 5060 887 5096 ι
919 5045 1176 5095 Reor-otte
1216 5058 1266 5104 ι,
1303 5044 1369 5094 11
1403 5042 1528 5095 dec.
1564 5043 1712 5103 1624,
1749 5042 1776 5103 5
1811 5043 1859 5103 2;
1901 5043 2283 5095 Innocentius
2317 5041 2449 5102 ΧΠ,
2485 5043 2671 5093 const.
2709 5056 2741 5092 c
2775 5039 3187 5099 Speculatores
3229 5055 3280 5099 ιι,

283 5138 317 5188 4
342 5148 478 5187 nov.
505 5134 656 5196 1004,
694 5134 721 5195 5
746 5134 796 5195 2,
823 5134 873 5196 33
906 5133 1263 5186 Benedictus
1288 5133 1440 5192 xlv.
1467 5135 1653 5185 const.
1685 5148 1717 5184 α
1741 5132 1876 5182 Εἰσί
1904 5131 2225 5191 pastoratu
2255 5147 2315 5196 ι,
2334 5130 2400 5182 26
2430 5130 2577 5180 maii
2605 5129 2755 5190 1742,
2787 5129 2814 5190 5
2853 5129 2990 5190 VII,
3021 5141 3080 5180 n.
3113 5128 3283 5190 V1113

281 5229 427 5279 Pius
466 5226 565 5287 IX,
606 5228 793 5278 const.
837 5239 867 5274 α
898 5223 1271 5284 apostoticae
1302 5222 1475 5274 scats
1506 5237 1557 5285 s,
1591 5223 1658 5274 12
1687 5226 1801 5275 oct.
1839 5222 1989 5282 1869,
2029 5221 2056 5282 5
2089 5223 2158 5282 V.
2193 5234 2250 5272 n.
2286 5221 2336 5283 33
2369 5219 2427 5272 8.
2464 5221 2531 5273 O.
2567 5219 2656 5280 0.,
2691 5218 3025 5279 sipontina,
3059 5219 3123 5269 14
3160 5219 3279 5270 ian.

284 5317 435 5377 1⁸84.
472 5316 550 5368 sd
591 5316 642 5378 9;
676 5314 736 5367 Β.
771 5316 839 5368 O.
874 5314 949 5366 de
981 5315 1152 5373 Pron.
1197 5311 1347 5365 Pide
1387 5314 1477 5374 (Ο.
1514 5313 1579 5364 Ρ.
1617 5323 1722 5372 pro
1760 5311 1933 5372 Sin.),
1973 5311 2007 5362 5
2044 5320 2171 5370 apr.
2207 5309 2357 5372 1674,
2402 5310 2482 5362 ad
2516 5310 2566 5370 13
2609 5309 2891 5367 (Tunkin.
2927 5307 3281 5366 occident.)‚

282 5401 352 5459 1³1
381 5407 502 5457 ian.
532 5404 681 5467 1⁷⁹&
710 5403 1053 5456 Pontificaie
1089 5403 1279 5464 Rom..
1312 5402 1409 5455 tit.
1445 5402 1534 5453 De
1563 5399 1870 5453 ordinibus
1900 5396 2290 5459 conserendis.
2320 5424 2388 5435 —
2422 5399 2574 5451 Vide
2602 5398 2786 5450 etiam
2816 5407 2945 5448 can.
2977 5395 3093 5454 955,
3130 5396 3158 5455 5
3197 5396 3245 5446 1.

467 5498 496 5533 ⁴
531 5494 669 5555 Bes.
704 5495 788 5554 14,
823 5493 906 5554 16,
942 5493 1026 5554 46,
1067 5491 1138 5544 R.
1174 5492 1253 5552 .ῐ.,
1288 5493 1351 5543 in
1380 5491 1507 5554 V1⁶3
1537 5490 1597 5544 Β.
1636 5489 1705 5543 C.
1740 5489 1846 5550 Ep.
1879 5493 1943 5542 et
1975 5489 2138 5550 neg„
2178 5486 2449 5546 oritano,
2485 5486 2550 5538 21
2589 5498 2720 5538 nov.
2755 5484 2903 5538 1660.

444 5634 643 5684 voden
674 5633 707 5682 1
710 5634 835 5685 urta
871 5632 1171 5684 canentes.
3124 5621 3177 5666 ¹⁸
