3753 5871
1249 348 1425 401 Liber
1458 348 1762 401 Secundus
1793 375 1813 386 -
1854 349 1944 399 Do
1977 349 2252 400 Persona
3136 348 3241 407 199

1473 618 1477 625 .
1538 559 1717 628 CAN.
1758 559 1912 626 694.

421 685 460 767 5
507 686 575 750 1.
624 684 978 769 Receptio
1006 682 1140 751 flat
1167 683 1266 751 ad
1298 699 1630 751 normam
1662 682 1851 750 iuris
1885 699 1973 749 ac
2012 685 2466 761 statutorum
2508 683 3086 769 uniuscuiusque
3126 703 3234 753 as·

368 793 386 859 ἰ
485 792 503 809 .
614 790 631 810 .
710 790 738 828 2

425 795 1011 981 §ngfugt-autem
1041 898 1135 966 de
1165 897 1583 982 receptione
1620 899 1936 980 constet,
1970 896 2362 981 inscriptio
2402 897 2483 964 in
2517 897 2688 966 albo
2721 898 3239 966 associationis

246 1006 408 1076 fieri
453 1006 752 1076 omnino
784 1006 1020 1090 debet;
1061 1006 1211 1074 imo
1246 1006 1424 1073 haec
1457 1005 1876 1089 inscriptio,
1926 1005 1990 1072 si
2026 1005 2423 1073 associatio
2458 1005 2538 1071 in
2575 1024 2962 1090 personam
3003 1025 3234 1076 mora·

245 1114 388 1184 lem
426 1119 678 1183 erecta
710 1114 969 1198 fuerit,
1011 1117 1126 1183 est
1172 1114 1267 1181 ad
1304 1113 1767 1181 validitatem
1811 1112 2226 1180 necessaria
2268 1109 2322 1177 ².

1545 1276 1722 1345 CAN·
1766 1276 1920 1344 695.

423 1402 826 1470 Occasione
854 1401 1297 1486 receptionis
1328 1402 1405 1468 in
1435 1401 1998 1470 associationem
2029 1400 2217 1467 nihil
2244 1400 2524 1467 directe
2560 1398 2677 1466 vel
2707 1396 3067 1464 indirecte
3096 1393 3239 1460 exi·

251 1512 501 1596 gatur,
538 1514 834 1594 praeter
862 1509 939 1577 id
970 1510 1161 1594 quod
1188 1508 1269 1575 in
1298 1508 1608 1577 statutis
1632 1509 1961 1594 legitime
1994 1507 2427 1593 approbatis
2455 1506 2923 1590 designatum
2953 1503 3079 1585 sit,
3110 1506 3245 1570 aut

220 1618 341 1685 *ab
390 1616 796 1686 Ordinatio
847 1616 1017 1700 loci,
1067 1617 1356 1686 ratione
1400 1617 1830 1702 specialium
1887 1615 2645 1699 circumstantiarum,
2694 1632 3035 1699 expresse
3080 1632 3237 1698 per·

249 1723 555 1791 missum
589 1723 669 1791 in
712 1724 1228 1792 associationis
1258 1723 1586 1794 favorem
1621 1724 1675 1793 ⁸.

1552 1886 1730 1954 ΟΑΝ.
1770 1885 1924 1953 696.

431 2006 467 2089 5
514 2010 581 2074 1.
630 2007 888 2092 Nemo,
919 2008 1246 2093 legitime
1271 2006 1720 2093 adscriptus,
1748 2009 1843 2076 ab
1867 2008 2358 2077 associatione
2380 2007 2836 2092 dimittatur,
2863 2008 3011 2075 nisi
3041 2008 3245 2076 iusta

249 2114 341 2182 de
368 2132 597 2182 causa
628 2116 724 2183 ad
763 2134 1094 2184 normam
1127 2120 1580 2185 statutorum
1617 2116 1670 2183 ⁴.

432 2221 468 2305 ξ
514 2222 581 2290 2.
631 2223 778 2303 Qui
809 2224 889 2290 in
922 2242 1174 2291 casum
1210 2224 1635 2308 inciderint,
1672 2224 1764 2292 de
1803 2242 1947 2309 quo
1987 2223 2069 2290 in
2109 2241 2275 2290 can.
2311 2223 2465 2306 693,
2507 2223 2542 2306 ξ
2582 2226 2654 2306 1,
2692 2226 3241 2308 expungantur,

252 2333 660 2414 praemissa
692 2332 1120 2416 monitione,
1165 2333 1480 2401 servatis
1514 2332 1838 2418 propriis
1871 2332 2183 2400 statutis
2212 2337 2290 2400 et
2330 2324 2542 2409 salvo
2567 2332 2730 2399 iure
2764 2349 3107 2399 recursus
3148 2331 3244 2398 ad

252 2437 746 2506 ordinarium<
771 2439 823 2506 ⁵.

432 2545 469 2629 ξ
513 2546 582 2614 3.
631 2547 951 2615 Etiamsi
986 2547 1067 2615 in
1102 2548 1413 2615 statutis
1457 2548 1646 2614 nihil
1681 2565 2023 2633 expresse
2057 2551 2434 2630 caveatur,
2476 2547 2701 2615 etiam
2748 2546 2891 2613 loci
2931 2546 3241 2614 Ordina-

256 2655 414 2722 rins
454 2655 647 2739 quod
695 2655 791 2722 ad
829 2671 1080 2723 omnes
1127 2655 1678 2739 associationes,
1720 2659 1797 2723 et
1837 2655 2194 2740 Superior
2235 2655 2623 2740 religiosus
2667 2655 2858 2738 quod
2910 2655 3005 2721 ad
3047 2673 3240 2722 asso·

253 2762 616 2831 ciationes
643 2780 733 2830 ex
761 2763 1171 2847 apostolico
1205 2763 1502 2831 indulto
1529 2782 1575 2831 a
1604 2763 1973 2849 religiosis
2004 2765 2287 2831 erectas
2324 2762 2623 2845 attinet,
2659 2767 2972 2846 possunt
3011 2763 3248 2830 socios

255 2868 634 2938 dimittere
664 2871 714 2938 θ’
1554 2937 1729 3004 CAN.
1770 2935 1924 3004 697.

434 3063 468 3146 ξ
515 3064 582 3129 1.
631 3063 1181 3131 Associationes
1219 3062 1545 3148 legitime
1592 3066 1879 3130 erectae
1925 3062 2044 3129 ius
2082 3061 2380 3144 habent,
2422 3061 2518 3128 ad
2561 3079 2889 3129 normam
2932 3065 3244 3129 statuto·

258 3190 422 3238 rum
450 3175 530 3240 et
557 3188 937 3239 sacrorum
966 3188 1357 3255 canonum,
1394 3170 1816 3239 celebrandi
1845 3170 2175 3253 comitia,
2208 3170 2473 3238 edendi
2511 3169 2921 3254 peculiares
2953 3187 3250 3237 normas

259 3297 444 3364 quae
472 3280 715 3364 ipsum
743 3279 1171 3347 sodalitium
1200 3279 1628 3363 respiciant,
1659 3279 1977 3362 eligendi
2013 3277 2659 3346 administratores
2686 3278 3071 3361 bonorum,
3103 3277 3245 3345 offl-

257 3387 487 3455 ciales
523 3392 600 3456 et
642 3387 1050 3469 ministros,
1092 3387 1307 3455 firmo
1350 3386 1812 3472 praescripto
1849 3404 2016 3453 can.
2057 3386 2188 3452 715
2230 3385 2281 3453 ⁷.
2397 3375 2402 3379 ’

437 3492 471 3575 ξ
518 3492 585 3559 2.
635 3492 727 3560 In
776 3494 873 3560 iis
912 3511 1098 3578 quae
1133 3494 1731 3562 convocationem
1771 3494 1867 3561 ad
1908 3493 2211 3561 comitia
2260 3496 2336 3561 et
2374 3492 2768 3561 electiones
2813 3492 3245 3578 respiciunt,

258 3606 645 3669 serventur
674 3602 794 3668 ius
829 3619 1235 3686 commune,
1272 3599 1463 3688 quod
1494 3605 1786 3686 prostat
1817 3603 1894 3670 in
1926 3620 2091 3669 can.
2128 3601 2416 3668 161-182
2443 3605 2517 3669 et
2556 3606 2848 3670 statuta
2875 3601 3024 3667 iuri
3061 3612 3247 3668 com·

258 3709 465 3776 muni
508 3727 655 3777 non
688 3709 1093 3777 contraria.

444 3940 462 3974 ¹
504 3939 563 3990 8.
608 3938 673 3990 0.
719 3937 974 3998 Indulg„
1012 3935 1410 3996 Herbipoleu„
1454 3936 1521 3988 25
1555 3937 1675 3987 iun.
1713 3935 1861 3996 1746;
1897 3934 2292 3992 cameracen„
2331 3935 2395 3987 26
2430 3937 2547 3987 ian.
2585 3934 2733 3994 1842,
2781 3936 2859 3987 ad
2891 3936 2940 3995 3;
2976 3935 3249 3992 Auoeien„

262 4029 326 4079 22
352 4040 488 4089 aug.
520 4026 667 4088 1842:
703 4026 877 4077 Urbis
905 4030 966 4078 et
997 4026 1188 4086 Orbis,
1218 4025 1285 4078 26
1320 4038 1451 4078 nov.
1484 4025 1633 4087 1880,
1666 4038 1724 4077 n.
1761 4024 1876 4087 111;
1906 4023 2279 4076 Mccminien.
2314 4029 2374 4076 et
2411 4023 2996 4083 Vinoenmpoutana,
3039 4023 3107 4075 16
3138 4024 3243 4075 lul.

260 4117 407 4178 1887,
450 4116 530 4168 ad
569 4117 652 4177 11;
683 4115 1098 4176 Enoousmen„
1136 4113 1172 4167 8
1202 4113 1326 4166 dec.
1361 4113 1509 4175 1892,
1543 4114 1623 4167 ad
1656 4114 1757 4166 lv.

439 4209 466 4246 2
504 4204 561 4257 S.
590 4206 654 4257 0.
687 4204 745 4257 S.
778 4205 893 4258 off.
932 4204 1110 4264 (sect.
1138 4205 1211 4257 de
1238 4204 1517 4266 Indum),
1552 4203 1708 4256 decr.
1738 4204 1803 4256 23
1829 4215 1957 4264 apr.
1989 4204 2136 4265 19143
2167 4202 2225 4255 S.
2256 4202 2321 4255 0.
2353 4202 2426 4253 de
2455 4202 2627 4262 Prop.
2668 4202 2833 4263 Fide,
2868 4203 2985 4254 litt.
3024 4202 3245 4262 encycl.

261 4295 325 4348 30
363 4295 487 4346 iun.
531 4293 678 4356 18893
713 4294 772 4347 8.
812 4294 879 4346 0.
917 4293 1171 4356 Indulg„
1210 4292 1555 4352 Versa-lien„
1588 4293 1655 4345 17
1687 4295 1837 4355 sept.
1872 4292 2020 4354 184&
2051 4290 2341 4351 Βᾶσσαι..
2384 4291 2449 4342 m
2482 4294 2629 4352 sept.
2665 4291 2814 4350 1845,
2851 4291 2927 4343 ad
2965 4292 3014 4352 1;
3050 4289 3249 4340 Game-

262 4394 479 4443 ταωνι,
508 4382 576 4435 18
601 4395 735 4445 aug.
770 4384 918 4443 1868,
949 4385 1027 4436 ad
1052 4384 1103 4444 3:
1129 4383 1195 4435 26
1233 4384 1349 4434 lan.
1380 4383 1530 4444 1871,
1562 4382 1639 4434 ad
1669 4385 1720 4444 15
1752 4381 1991 4434 Ordinis
2022 4380 2303 4431 Fratrum
2334 4379 2628 4432 Minor-um
2665 4378 3004 4431 Excalceat.
3043 4384 3101 4430 et
3143 4377 3248 4426 Rc·

262 4474 510 4531 collect„
543 4472 610 4524 27
640 4483 766 4532 apr.
797 4470 945 4533 1887:
977 4472 1293 4524 societatis
1320 4471 1479 4530 Iesu,
1507 4472 1574 4524 16
1600 4472 1702 4523 iul.
1733 4471 1883 4532 1887,
1913 4470 1990 4523 ad
2019 4471 2120 4531 lV,
2156 4470 2226 4531 V:
2251 4469 2593 4526 fornacem,
2620 4470 2686 4521 17
2714 4470 2818 4524 lul.
2854 4469 3002 4529 1891;
3030 4468 3096 4519 12
3122 4467 3245 4518 dec.

263 4559 407 4623 1892:
439 4559 626 4622 Burni
658 4562 719 4611 8.
756 4560 1066 4618 Domnini„
1086 4561 1152 4612 18
1183 4561 1304 4611 iun.
1338 4560 1487 4619 1898,
1531 4561 1609 4613 ad
1641 4560 1757 4613 111.

442 4654 465 4689 ³
506 4651 563 4701 S.
600 4650 665 4702 0.
711 4650 818 4711 Ep.
855 4652 917 4702 et
958 4650 1121 4712 Rea..
1169 4649 1445 4706 ortolen„
1480 4650 1513 4702 9
1548 4651 1666 4701 ian.
1703 4650 1850 4701 1601.

442 4745 468 4777 ⁴
507 4740 565 4791 S.
599 4740 664 4792 0.
701 4740 806 4800 Ep.
838 4742 901 4792 et
935 4740 1098 4801 neg„
1131 4739 1419 4797 Romana,
1451 4739 1516 4792 29
1554 4752 1667 4790 nov
1720 4739 1866 4799 185ος
1898 4738 2186 4797 Romana,
2220 4739 2285 4791 18
2318 4741 2490 4788 mart.
2529 4737 2675 4797 1896,
2721 4736 2797 4788 ad
2839 4737 2871 4788 3
2904 4741 2966 4787 et
3005 4737 3040 4785 4
3074 4739 3248 4786 mart.

264 4830 408 4888 1898:
438 4829 495 4882 S.
528 4829 594 4882 0.
626 4829 715 4889 0.,
746 4828 1127 4888 Loncium„
1156 4829 1221 4881 20
1251 4832 1399 4890 sept.
1435 4829 1583 4889 1710,
1612 4828 1689 4880 ad
1715 4828 1765 4890 7;
1793 4827 2256 4888 Balaam-coiea..
2286 4829 2349 4878 14
2372 4830 2434 4879 et
2467 4826 2532 4877 28
2558 4827 2697 4885 lan„
2728 4825 2793 4877 26
2823 4837 2978 4885 aug..
3008 4823 3074 4875 16
3100 4827 3247 4884 sept.

263 4917 411 4977 1769,
446 4917 523 4969 ad
555 4918 605 4968 2.

439 5012 463 5046 ³
508 5006 565 5058 S.
599 5007 664 5058 0.
699 5007 805 5067 Ep.
843 5010 908 5060 et
942 5007 1105 5068 Res„
1139 5005 1426 5065 Romana,
1463 5008 1530 5060 13
1560 5011 1734 5059 mart.
1769 5006 1917 5066 1896,
1951 5006 2029 5057 ad
2056 5007 2090 5058 3
2126 5015 2189 5058 et
2218 5007 2249 5056 4
2281 5008 2456 5057 mart.
2493 5004 2638 5056 1898.

444 5102 468 5136 ⁸
508 5096 564 5148 S.
599 5096 662 5149 0.
696 5095 783 5155 0.,
818 5096 1173 5153 Remo-ten„
1207 5096 1272 5146 14
1305 5099 1452 5156 sept.
1492 5096 1640 5157 1782,
1676 5097 1754 5148 ad
1786 5095 1835 5146 7.

445 5191 470 5228 ⁷
507 5186 565 5238 S.
601 5186 665 5237 0.
704 5186 809 5246 Ep.
851 5189 913 5238 et
947 5185 1110 5248 Reg„
1152 5184 1446 5236 Nucerina
1488 5184 1878 5245 Paoanorum,
1912 5186 1946 5237 9
1977 5197 2111 5246 aug.
2149 5184 2294 5246 15943
2326 5181 2600 5240 Reatina,
2643 5182 2709 5233 10
2742 5183 2861 5231 iun.
2900 5180 3046 5237 1616:
3084 5177 3250 5226 Bovi-

263 5287 417 5336 nen„
447 5278 513 5328 11
541 5288 676 5338 aug.
706 5275 853 5337 1617;
883 5273 1345 5334 Monopolitana,
1377 5275 1442 5328 26
1472 5275 1589 5326 ian.
1631 5274 1776 5334 1646;
1806 5271 2341 5326 asculana-Picena
2375 5282 2477 5321 eeu
2512 5270 2813 5328 Firmum,
2847 5269 2911 5319 27
2951 5269 3053 5318 lul.
3098 5265 3246 5324 1888.

265 5366 329 5416 15
356 5367 532 5416 mart.
568 5364 718 5425 1889;
749 5363 807 5416 S.
839 5364 903 5416 0.
937 5365 1024 5424 0.,
1058 5364 1433 5422 saonensem,
1470 5364 1535 5417 20
1570 5368 1717 5424 sept.
1750 5364 1898 5423 1710,
1931 5362 2007 5414 ad
2038 5364 2087 5422 4;
2115 5360 2449 5417 Novar-ion„
2488 5361 2520 5413 3
2547 5363 2607 5412 et
2637 5359 2701 5409 24
2734 5361 2882 5419 sept.
2915 5357 3062 5414 1718,
3097 5354 3171 5405 ad
3202 5356 3252 5415 9;

268 5453 584 5510 Asculano,
608 5453 641 5505 3
663 5457 724 5506 et
748 5453 812 5504 24
840 5456 1013 5506 mart.
1042 5453 1188 5513 1725,
1217 5453 1294 5506 ad
1327 5456 1377 5515 1;
1403 5452 1866 5513 Balueoreoien„
1895 5454 1959 5504 14
1986 5455 2047 5503 et
2074 5451 2138 5503 28
2171 5452 2313 5510 lan„
2350 5449 2414 5501 26
2443 5461 2598 5510 aug„
2629 5447 2695 5499 16
2725 5452 2877 5507 sept.
2911 5446 3060 5502 1769,
3095 5443 3170 5494 ad
3201 5444 3252 5503 3;

269 5540 327 5593 S.
361 5543 433 5594 R.
477 5540 564 5603 0.,
605 5539 776 5591 Urbis
807 5545 866 5592 et
909 5541 1099 5601 Orbis,
1138 5542 1206 5593 12
1236 5542 1354 5594 lan.
1389 5542 1537 5604 1704.
1571 5542 1648 5594 ad
1678 5543 1761 5595 30.
