<?xml version="1.0" encoding="UTF-8"?>
<!DOCTYPE html PUBLIC "-//W3C//DTD XHTML 1.0 Transitional//EN"
    "http://www.w3.org/TR/xhtml1/DTD/xhtml1-transitional.dtd">
<html xmlns="http://www.w3.org/1999/xhtml" xml:lang="en" lang="en">
 <head>
  <title>
</title>
<meta http-equiv="Content-Type" content="text/html;charset=utf-8" />
  <meta name='ocr-system' content='tesseract 3.04.00' />
  <meta name='ocr-capabilities' content='ocr_page ocr_carea ocr_par ocr_line ocrx_word'/>
</head>
<body>
  <div class='ocr_page' id='page_1' title='image "./codexiuriscanon00xgoog_0440.png"; bbox 0 0 3753 5871; ppageno 0'>
   <div class='ocr_carea' id='block_1_1' title="bbox 513 296 2375 355">
    <p class='ocr_par' dir='ltr' id='par_1_1' title="bbox 513 296 2375 355">
     <span class='ocr_line' id='line_1_1' title="bbox 513 296 2375 355; baseline -0.002 0"><span class='ocrx_word' id='word_1_1' title='bbox 513 296 624 355; x_wconf 62' lang='lat' dir='ltr'>affl</span> <span class='ocrx_word' id='word_1_2' title='bbox 1649 300 1847 351; x_wconf 72' lang='grc' dir='ltr'>0οαοο</span> <span class='ocrx_word' id='word_1_3' title='bbox 1892 299 2054 351; x_wconf 67' lang='lat' dir='ltr'>luris</span> <span class='ocrx_word' id='word_1_4' title='bbox 2092 300 2375 354; x_wconf 67' lang='lat' dir='ltr'>vomica</span> 
     </span>
    </p>
   </div>
   <div class='ocr_carea' id='block_1_2' title="bbox 512 507 3503 914">
    <p class='ocr_par' dir='ltr' id='par_1_2' title="bbox 512 507 3503 914">
     <span class='ocr_line' id='line_1_2' title="bbox 692 507 3503 704; baseline 0.003 -25"><span class='ocrx_word' id='word_1_5' title='bbox 692 612 1076 681; x_wconf 86' lang='lat' dir='ltr'>Ordinarii</span> <span class='ocrx_word' id='word_1_6' title='bbox 1110 615 1253 681; x_wconf 90' lang='lat' dir='ltr'>loci</span> <span class='ocrx_word' id='word_1_7' title='bbox 1284 626 1397 682; x_wconf 90' lang='lat' dir='ltr'>est</span> <span class='ocrx_word' id='word_1_8' title='bbox 1428 615 1678 683; x_wconf 86' lang='lat' dir='ltr'>omnia</span> <span class='ocrx_word' id='word_1_9' title='bbox 1710 508 1966 683; x_wconf 43' lang='lat' dir='ltr'>incsAissa</span> <span class='ocrx_word' id='word_1_10' title='bbox 1996 507 2313 686; x_wconf 52' lang='lat' dir='ltr'>ffecesi</span> <span class='ocrx_word' id='word_1_11' title='bbox 2353 618 2637 686; x_wconf 81' lang='lat' dir='ltr'>edicere</span> <span class='ocrx_word' id='word_1_12' title='bbox 2673 637 2857 703; x_wconf 88' lang='lat' dir='ltr'>quae</span> <span class='ocrx_word' id='word_1_13' title='bbox 2897 620 2994 687; x_wconf 85' lang='lat' dir='ltr'>ad</span> <span class='ocrx_word' id='word_1_14' title='bbox 3033 621 3385 704; x_wconf 89' lang='lat' dir='ltr'>populum</span> <span class='ocrx_word' id='word_1_15' title='bbox 3423 621 3503 688; x_wconf 92' lang='lat' dir='ltr'>in</span> 
     </span>
     <span class='ocr_line' id='line_1_3' title="bbox 512 719 3501 814; baseline 0.004 -28"><span class='ocrx_word' id='word_1_16' title='bbox 512 719 927 788; x_wconf 84' lang='lat' dir='ltr'>christiana</span> <span class='ocrx_word' id='word_1_17' title='bbox 984 721 1328 789; x_wconf 83' lang='lat' dir='ltr'>doctrina</span> <span class='ocrx_word' id='word_1_18' title='bbox 1373 722 1916 792; x_wconf 86' lang='lat' dir='ltr'>instituendum</span> <span class='ocrx_word' id='word_1_19' title='bbox 1966 728 2322 811; x_wconf 80' lang='lat' dir='ltr'>spectent3</span> <span class='ocrx_word' id='word_1_20' title='bbox 2372 730 2450 794; x_wconf 93' lang='lat' dir='ltr'>et</span> <span class='ocrx_word' id='word_1_21' title='bbox 2496 726 2720 795; x_wconf 88' lang='lat' dir='ltr'>etiam</span> <span class='ocrx_word' id='word_1_22' title='bbox 2775 727 3101 813; x_wconf 78' lang='lat' dir='ltr'><strong>religiosi</strong></span> <span class='ocrx_word' id='word_1_23' title='bbox 3153 730 3501 814; x_wconf 87' lang='lat' dir='ltr'>exempti,</span> 
     </span>
     <span class='ocr_line' id='line_1_4' title="bbox 517 826 2781 914; baseline 0.004 -23"><span class='ocrx_word' id='word_1_24' title='bbox 517 826 804 910; x_wconf 85' lang='lat' dir='ltr'>quoties</span> <span class='ocrx_word' id='word_1_25' title='bbox 851 847 995 896; x_wconf 91' lang='lat' dir='ltr'>non</span> <span class='ocrx_word' id='word_1_26' title='bbox 1032 835 1410 914; x_wconf 83' lang='lat' dir='ltr'>exemptos</span> <span class='ocrx_word' id='word_1_27' title='bbox 1451 831 1742 913; x_wconf 88' lang='lat' dir='ltr'>docent,</span> <span class='ocrx_word' id='word_1_28' title='bbox 1780 832 2032 900; x_wconf 88' lang='lat' dir='ltr'>eadem</span> <span class='ocrx_word' id='word_1_29' title='bbox 2080 851 2373 901; x_wconf 85' lang='lat' dir='ltr'>servare</span> <span class='ocrx_word' id='word_1_30' title='bbox 2409 839 2781 902; x_wconf 88' lang='lat' dir='ltr'>tenentur.</span> 
     </span>
    </p>
   </div>
   <div class='ocr_carea' id='block_1_3' title="bbox 1540 1113 2449 1304">
    <p class='ocr_par' dir='ltr' id='par_1_3' title="bbox 1540 1113 2449 1304">
     <span class='ocr_line' id='line_1_5' title="bbox 1788 1113 2200 1182; baseline 0.005 -2"><span class='ocrx_word' id='word_1_31' title='bbox 1788 1113 2046 1180; x_wconf 71' lang='lat' dir='ltr'>CAPUT</span> <span class='ocrx_word' id='word_1_32' title='bbox 2093 1114 2200 1182; x_wconf 90' lang='lat'>11.</span> 
     </span>
     <span class='ocr_line' id='line_1_6' title="bbox 1540 1233 2449 1304; baseline 0.003 -4"><span class='ocrx_word' id='word_1_33' title='bbox 1540 1233 1653 1301; x_wconf 87' lang='lat' dir='ltr'>De</span> <span class='ocrx_word' id='word_1_34' title='bbox 1687 1235 1921 1304; x_wconf 77' lang='lat' dir='ltr'>sacris</span> <span class='ocrx_word' id='word_1_35' title='bbox 1955 1236 2449 1303; x_wconf 74' lang='lat' dir='ltr'>concionibus.</span> 
     </span>
    </p>
   </div>
   <div class='ocr_carea' id='block_1_4' title="bbox 512 1415 3500 1714">
    <p class='ocr_par' dir='ltr' id='par_1_4' title="bbox 512 1415 3500 1714">
     <span class='ocr_line' id='line_1_7' title="bbox 687 1415 3500 1609; baseline 0.001 -20"><span class='ocrx_word' id='word_1_36' title='bbox 687 1522 873 1589; x_wconf 80' lang='lat' dir='ltr'>Tum</span> <span class='ocrx_word' id='word_1_37' title='bbox 910 1522 1201 1590; x_wconf 80' lang='lat' dir='ltr'>clericis</span> <span class='ocrx_word' id='word_1_38' title='bbox 1237 1543 1279 1591; x_wconf 93' lang='lat' dir='ltr'>e</span> <span class='ocrx_word' id='word_1_39' title='bbox 1317 1524 1517 1591; x_wconf 90' lang='lat' dir='ltr'>clero</span> <span class='ocrx_word' id='word_1_40' title='bbox 1554 1415 1968 1606; x_wconf 30' lang='lat' dir='ltr'>saeculi&amp;</span> <span class='ocrx_word' id='word_1_41' title='bbox 1997 1415 2562 1609; x_wconf 40' lang='lat' dir='ltr'>tssffreligiosis</span> <span class='ocrx_word' id='word_1_42' title='bbox 2601 1543 2749 1592; x_wconf 92' lang='lat' dir='ltr'>non</span> <span class='ocrx_word' id='word_1_43' title='bbox 2786 1524 3148 1609; x_wconf 81' lang='lat' dir='ltr'>exemptis</span> <span class='ocrx_word' id='word_1_44' title='bbox 3186 1524 3500 1592; x_wconf 73' lang='lat' dir='ltr'>faculta-</span> 
     </span>
     <span class='ocr_line' id='line_1_8' title="bbox 512 1630 3310 1714; baseline 0 -17"><span class='ocrx_word' id='word_1_45' title='bbox 512 1633 659 1697; x_wconf 90' lang='lat' dir='ltr'>tem</span> <span class='ocrx_word' id='word_1_46' title='bbox 694 1630 1182 1698; x_wconf 88' lang='lat' dir='ltr'>concionandi</span> <span class='ocrx_word' id='word_1_47' title='bbox 1215 1648 1352 1714; x_wconf 89' lang='lat' dir='ltr'>pro</span> <span class='ocrx_word' id='word_1_48' title='bbox 1385 1650 1520 1699; x_wconf 91' lang='lat' dir='ltr'>suo</span> <span class='ocrx_word' id='word_1_49' title='bbox 1560 1632 1944 1700; x_wconf 86' lang='lat' dir='ltr'>territorio</span> <span class='ocrx_word' id='word_1_50' title='bbox 1987 1632 2188 1699; x_wconf 90' lang='lat' dir='ltr'>solus</span> <span class='ocrx_word' id='word_1_51' title='bbox 2220 1632 2558 1700; x_wconf 86' lang='lat' dir='ltr'>concedit</span> <span class='ocrx_word' id='word_1_52' title='bbox 2599 1632 2743 1700; x_wconf 90' lang='lat' dir='ltr'>loci</span> <span class='ocrx_word' id='word_1_53' title='bbox 2779 1631 3225 1699; x_wconf 84' lang='lat' dir='ltr'>Ordinarius</span> <span class='ocrx_word' id='word_1_54' title='bbox 3261 1631 3310 1697; x_wconf 87' lang='lat'>².</span> 
     </span>
    </p>
   </div>
   <div class='ocr_carea' id='block_1_5' title="bbox 506 1792 3507 3168">
    <p class='ocr_par' dir='ltr' id='par_1_5' title="bbox 1786 1792 2210 1860">
     <span class='ocr_line' id='line_1_9' title="bbox 1786 1792 2210 1860; baseline -0.005 0"><span class='ocrx_word' id='word_1_55' title='bbox 1786 1792 1966 1860; x_wconf 72' lang='lat' dir='ltr'>CAN.</span> <span class='ocrx_word' id='word_1_56' title='bbox 2016 1792 2210 1860; x_wconf 87' lang='lat'><strong>1338.</strong></span> 
     </span>
    </p>

    <p class='ocr_par' dir='ltr' id='par_1_6' title="bbox 507 1899 3507 2415">
     <span class='ocr_line' id='line_1_10' title="bbox 690 1899 3507 1984; baseline 0 -18"><span class='ocrx_word' id='word_1_57' title='bbox 690 1900 724 1983; x_wconf 66' lang='grc' dir='ltr'><strong>ξ</strong></span> <span class='ocrx_word' id='word_1_58' title='bbox 772 1902 839 1967; x_wconf 97' lang='grc'><strong>1.</strong></span> <span class='ocrx_word' id='word_1_59' title='bbox 890 1900 973 1968; x_wconf 84' lang='lat' dir='ltr'>Si</span> <span class='ocrx_word' id='word_1_60' title='bbox 1002 1900 1260 1968; x_wconf 89' lang='lat' dir='ltr'>concio</span> <span class='ocrx_word' id='word_1_61' title='bbox 1293 1899 1628 1968; x_wconf 83' lang='lat' dir='ltr'>habenda</span> <span class='ocrx_word' id='word_1_62' title='bbox 1668 1901 1769 1968; x_wconf 91' lang='lat' dir='ltr'>sit</span> <span class='ocrx_word' id='word_1_63' title='bbox 1801 1903 2097 1969; x_wconf 92' lang='lat' dir='ltr'>tantum</span> <span class='ocrx_word' id='word_1_64' title='bbox 2138 1900 2235 1968; x_wconf 87' lang='lat' dir='ltr'>ad</span> <span class='ocrx_word' id='word_1_65' title='bbox 2278 1899 2660 1984; x_wconf 82' lang='lat' dir='ltr'>religiosos</span> <span class='ocrx_word' id='word_1_66' title='bbox 2692 1907 3069 1984; x_wconf 87' lang='lat' dir='ltr'>exemptos</span> <span class='ocrx_word' id='word_1_67' title='bbox 3101 1900 3377 1967; x_wconf 84' lang='lat' dir='ltr'>aliosve</span> <span class='ocrx_word' id='word_1_68' title='bbox 3411 1899 3507 1967; x_wconf 87' lang='lat' dir='ltr'>de</span> 
     </span>
     <span class='ocr_line' id='line_1_11' title="bbox 512 2007 3502 2094; baseline 0 -20"><span class='ocrx_word' id='word_1_69' title='bbox 512 2007 781 2094; x_wconf 87' lang='lat' dir='ltr'>quibus</span> <span class='ocrx_word' id='word_1_70' title='bbox 810 2008 889 2075; x_wconf 90' lang='lat' dir='ltr'>in</span> <span class='ocrx_word' id='word_1_71' title='bbox 924 2026 1090 2074; x_wconf 90' lang='lat' dir='ltr'>ca-n.</span> <span class='ocrx_word' id='word_1_72' title='bbox 1126 2008 1279 2089; x_wconf 84' lang='lat'>514,</span> <span class='ocrx_word' id='word_1_73' title='bbox 1321 2008 1355 2091; x_wconf 66' lang='grc' dir='ltr'><strong>ξ</strong></span> <span class='ocrx_word' id='word_1_74' title='bbox 1399 2010 1466 2088; x_wconf 91' lang='grc'>1,</span> <span class='ocrx_word' id='word_1_75' title='bbox 1501 2007 1938 2075; x_wconf 73' lang='lat' dir='ltr'>facultatem</span> <span class='ocrx_word' id='word_1_76' title='bbox 1971 2007 2457 2076; x_wconf 85' lang='lat' dir='ltr'>concionandi</span> <span class='ocrx_word' id='word_1_77' title='bbox 2493 2009 2571 2074; x_wconf 88' lang='lat' dir='ltr'>in</span> <span class='ocrx_word' id='word_1_78' title='bbox 2609 2008 2962 2093; x_wconf 82' lang='lat' dir='ltr'>religione</span> <span class='ocrx_word' id='word_1_79' title='bbox 2995 2008 3323 2076; x_wconf 88' lang='lat' dir='ltr'>clericali</span> <span class='ocrx_word' id='word_1_80' title='bbox 3365 2007 3502 2075; x_wconf 87' lang='lat' dir='ltr'>dat</span> 
     </span>
     <span class='ocr_line' id='line_1_12' title="bbox 509 2115 3501 2201; baseline 0 -18"><span class='ocrx_word' id='word_1_81' title='bbox 509 2133 762 2183; x_wconf 89' lang='lat' dir='ltr'>eorum</span> <span class='ocrx_word' id='word_1_82' title='bbox 820 2115 1176 2200; x_wconf 83' lang='lat' dir='ltr'>Superior</span> <span class='ocrx_word' id='word_1_83' title='bbox 1218 2115 1619 2184; x_wconf 89' lang='lat' dir='ltr'>secundum</span> <span class='ocrx_word' id='word_1_84' title='bbox 1671 2115 2263 2198; x_wconf 83' lang='lat' dir='ltr'>constitutiones3</span> <span class='ocrx_word' id='word_1_85' title='bbox 2311 2116 2436 2201; x_wconf 90' lang='lat' dir='ltr'>qui</span> <span class='ocrx_word' id='word_1_86' title='bbox 2479 2115 2558 2183; x_wconf 92' lang='lat' dir='ltr'>in</span> <span class='ocrx_word' id='word_1_87' title='bbox 2613 2134 2790 2183; x_wconf 89' lang='lat' dir='ltr'>casu</span> <span class='ocrx_word' id='word_1_88' title='bbox 2836 2119 3084 2200; x_wconf 89' lang='lat' dir='ltr'>potest</span> <span class='ocrx_word' id='word_1_89' title='bbox 3125 2134 3285 2183; x_wconf 83' lang='lat' dir='ltr'>eam</span> <span class='ocrx_word' id='word_1_90' title='bbox 3330 2133 3501 2183; x_wconf 92' lang='lat' dir='ltr'>con·</span> 
     </span>
     <span class='ocr_line' id='line_1_13' title="bbox 507 2222 3504 2309; baseline 0 -18"><span class='ocrx_word' id='word_1_91' title='bbox 507 2222 766 2291; x_wconf 86' lang='lat' dir='ltr'>cedere</span> <span class='ocrx_word' id='word_1_92' title='bbox 789 2223 1014 2291; x_wconf 80' lang='lat' dir='ltr'>etiam</span> <span class='ocrx_word' id='word_1_93' title='bbox 1039 2223 1135 2290; x_wconf 89' lang='lat' dir='ltr'>iis</span> <span class='ocrx_word' id='word_1_94' title='bbox 1168 2222 1409 2308; x_wconf 90' lang='lat' dir='ltr'>quide</span> <span class='ocrx_word' id='word_1_95' title='bbox 1435 2223 1634 2291; x_wconf 88' lang='lat' dir='ltr'>clero</span> <span class='ocrx_word' id='word_1_96' title='bbox 1661 2223 2025 2291; x_wconf 86' lang='lat' dir='ltr'>saeculari</span> <span class='ocrx_word' id='word_1_97' title='bbox 2049 2223 2165 2291; x_wconf 86' lang='lat' dir='ltr'>vel</span> <span class='ocrx_word' id='word_1_98' title='bbox 2190 2224 2282 2291; x_wconf 91' lang='lat' dir='ltr'>de</span> <span class='ocrx_word' id='word_1_99' title='bbox 2307 2223 2461 2290; x_wconf 83' lang='lat' dir='ltr'>alia</span> <span class='ocrx_word' id='word_1_100' title='bbox 2489 2223 2841 2309; x_wconf 88' lang='lat' dir='ltr'>religione</span> <span class='ocrx_word' id='word_1_101' title='bbox 2874 2228 3077 2300; x_wconf 90' lang='lat' dir='ltr'>sunt,</span> <span class='ocrx_word' id='word_1_102' title='bbox 3106 2223 3504 2292; x_wconf 90' lang='lat' dir='ltr'>dummodo</span> 
     </span>
     <span class='ocr_line' id='line_1_14' title="bbox 509 2330 2957 2415; baseline 0 -17"><span class='ocrx_word' id='word_1_103' title='bbox 509 2348 556 2398; x_wconf 85' lang='lat' dir='ltr'>a</span> <span class='ocrx_word' id='word_1_104' title='bbox 588 2330 894 2415; x_wconf 90' lang='lat' dir='ltr'>proprio</span> <span class='ocrx_word' id='word_1_105' title='bbox 934 2331 1335 2399; x_wconf 87' lang='lat' dir='ltr'>Ordinario</span> <span class='ocrx_word' id='word_1_106' title='bbox 1366 2331 1485 2399; x_wconf 81' lang='lat' dir='ltr'>vel</span> <span class='ocrx_word' id='word_1_107' title='bbox 1530 2330 1926 2415; x_wconf 75' lang='lat' dir='ltr'>superiore</span> <span class='ocrx_word' id='word_1_108' title='bbox 1958 2330 2244 2399; x_wconf 81' lang='lat' dir='ltr'>fuerint</span> <span class='ocrx_word' id='word_1_109' title='bbox 2285 2331 2531 2399; x_wconf 88' lang='lat' dir='ltr'>idonei</span> <span class='ocrx_word' id='word_1_110' title='bbox 2568 2331 2879 2399; x_wconf 88' lang='lat' dir='ltr'>iudicati</span> <span class='ocrx_word' id='word_1_111' title='bbox 2904 2330 2957 2399; x_wconf 84' lang='lat'>².</span> 
     </span>
    </p>

    <p class='ocr_par' dir='ltr' id='par_1_7' title="bbox 506 2436 3507 2845">
     <span class='ocr_line' id='line_1_15' title="bbox 687 2436 3501 2524; baseline 0.001 -21"><span class='ocrx_word' id='word_1_112' title='bbox 687 2437 721 2520; x_wconf 66' lang='grc' dir='ltr'><strong>ξ</strong></span> <span class='ocrx_word' id='word_1_113' title='bbox 768 2436 835 2503; x_wconf 87' lang='grc'>2.</span> <span class='ocrx_word' id='word_1_114' title='bbox 886 2437 969 2505; x_wconf 84' lang='lat' dir='ltr'>Si</span> <span class='ocrx_word' id='word_1_115' title='bbox 1002 2439 1259 2507; x_wconf 92' lang='lat' dir='ltr'>concio</span> <span class='ocrx_word' id='word_1_116' title='bbox 1296 2439 1633 2507; x_wconf 87' lang='lat' dir='ltr'>habenda</span> <span class='ocrx_word' id='word_1_117' title='bbox 1671 2439 1771 2506; x_wconf 90' lang='lat' dir='ltr'>sit</span> <span class='ocrx_word' id='word_1_118' title='bbox 1806 2440 1902 2506; x_wconf 87' lang='lat' dir='ltr'>ad</span> <span class='ocrx_word' id='word_1_119' title='bbox 1948 2439 2162 2521; x_wconf 90' lang='lat' dir='ltr'>alios,</span> <span class='ocrx_word' id='word_1_120' title='bbox 2199 2439 2313 2507; x_wconf 85' lang='lat' dir='ltr'>vel</span> <span class='ocrx_word' id='word_1_121' title='bbox 2351 2440 2576 2507; x_wconf 90' lang='lat' dir='ltr'>etiam</span> <span class='ocrx_word' id='word_1_122' title='bbox 2616 2440 2711 2507; x_wconf 91' lang='lat' dir='ltr'>ad</span> <span class='ocrx_word' id='word_1_123' title='bbox 2749 2439 3106 2507; x_wconf 81' lang='lat' dir='ltr'>moniales</span> <span class='ocrx_word' id='word_1_124' title='bbox 3146 2439 3501 2524; x_wconf 86' lang='lat' dir='ltr'>regulari-</span> 
     </span>
     <span class='ocr_line' id='line_1_16' title="bbox 506 2545 3507 2632; baseline -0 -19"><span class='ocrx_word' id='word_1_125' title='bbox 506 2545 646 2613; x_wconf 91' lang='lat' dir='ltr'>bus</span> <span class='ocrx_word' id='word_1_126' title='bbox 681 2545 1075 2628; x_wconf 86' lang='lat' dir='ltr'>subiectas,</span> <span class='ocrx_word' id='word_1_127' title='bbox 1104 2546 1540 2614; x_wconf 74' lang='lat' dir='ltr'>facultatem</span> <span class='ocrx_word' id='word_1_128' title='bbox 1580 2546 1946 2631; x_wconf 78' lang='lat' dir='ltr'>religiosis</span> <span class='ocrx_word' id='word_1_129' title='bbox 1978 2565 2262 2632; x_wconf 89' lang='lat' dir='ltr'>quoque</span> <span class='ocrx_word' id='word_1_130' title='bbox 2298 2547 2657 2631; x_wconf 86' lang='lat' dir='ltr'>exemptis</span> <span class='ocrx_word' id='word_1_131' title='bbox 2688 2547 3026 2631; x_wconf 91' lang='lat' dir='ltr'>impertit</span> <span class='ocrx_word' id='word_1_132' title='bbox 3054 2547 3507 2615; x_wconf 80' lang='lat' dir='ltr'>ordinarius</span> 
     </span>
     <span class='ocr_line' id='line_1_17' title="bbox 509 2653 3503 2739; baseline 0 -19"><span class='ocrx_word' id='word_1_133' title='bbox 509 2653 654 2721; x_wconf 91' lang='lat' dir='ltr'>loci</span> <span class='ocrx_word' id='word_1_134' title='bbox 700 2654 780 2720; x_wconf 90' lang='lat' dir='ltr'>in</span> <span class='ocrx_word' id='word_1_135' title='bbox 834 2672 978 2739; x_wconf 89' lang='lat' dir='ltr'>quo</span> <span class='ocrx_word' id='word_1_136' title='bbox 1024 2654 1280 2722; x_wconf 91' lang='lat' dir='ltr'>concio</span> <span class='ocrx_word' id='word_1_137' title='bbox 1327 2653 1474 2736; x_wconf 84' lang='lat' dir='ltr'>flet3</span> <span class='ocrx_word' id='word_1_138' title='bbox 1533 2655 2012 2722; x_wconf 84' lang='lat' dir='ltr'>concionator</span> <span class='ocrx_word' id='word_1_139' title='bbox 2059 2659 2333 2735; x_wconf 85' lang='lat' dir='ltr'>autem,</span> <span class='ocrx_word' id='word_1_140' title='bbox 2388 2655 2613 2722; x_wconf 83' lang='lat' dir='ltr'>verba</span> <span class='ocrx_word' id='word_1_141' title='bbox 2661 2654 3004 2722; x_wconf 77' lang='lat' dir='ltr'>facturus</span> <span class='ocrx_word' id='word_1_142' title='bbox 3052 2653 3503 2722; x_wconf 87' lang='lat' dir='ltr'>monialibus</span> 
     </span>
     <span class='ocr_line' id='line_1_18' title="bbox 508 2759 2941 2845; baseline -0 -16"><span class='ocrx_word' id='word_1_143' title='bbox 508 2760 893 2844; x_wconf 82' lang='lat' dir='ltr'>exemptis,</span> <span class='ocrx_word' id='word_1_144' title='bbox 934 2760 1240 2833; x_wconf 84' lang='lat' dir='ltr'>licentia</span> <span class='ocrx_word' id='word_1_145' title='bbox 1282 2760 1703 2844; x_wconf 78' lang='lat' dir='ltr'>Superioris</span> <span class='ocrx_word' id='word_1_146' title='bbox 1744 2762 2108 2843; x_wconf 84' lang='lat' dir='ltr'>regularis</span> <span class='ocrx_word' id='word_1_147' title='bbox 2148 2765 2528 2845; x_wconf 88' lang='lat' dir='ltr'>praeterea</span> <span class='ocrx_word' id='word_1_148' title='bbox 2572 2761 2857 2845; x_wconf 87' lang='lat' dir='ltr'>indiget</span> <span class='ocrx_word' id='word_1_149' title='bbox 2888 2759 2941 2828; x_wconf 77' lang='lat'>&#39;.</span> 
     </span>
    </p>

    <p class='ocr_par' dir='ltr' id='par_1_8' title="bbox 507 2868 3506 3168">
     <span class='ocr_line' id='line_1_19' title="bbox 684 2868 3500 2954; baseline 0 -17"><span class='ocrx_word' id='word_1_150' title='bbox 684 2868 718 2952; x_wconf 65' lang='grc' dir='ltr'><strong>ξ</strong></span> <span class='ocrx_word' id='word_1_151' title='bbox 764 2868 832 2937; x_wconf 87' lang='grc'><strong>3.</strong></span> <span class='ocrx_word' id='word_1_152' title='bbox 883 2868 1349 2937; x_wconf 83' lang='lat' dir='ltr'>Facultatem</span> <span class='ocrx_word' id='word_1_153' title='bbox 1394 2888 1572 2937; x_wconf 82' lang='lat' dir='ltr'>vero</span> <span class='ocrx_word' id='word_1_154' title='bbox 1616 2869 2102 2937; x_wconf 86' lang='lat' dir='ltr'>concionandi</span> <span class='ocrx_word' id='word_1_155' title='bbox 2153 2869 2351 2954; x_wconf 82' lang='lat' dir='ltr'>apud</span> <span class='ocrx_word' id='word_1_156' title='bbox 2401 2869 2691 2938; x_wconf 88' lang='lat' dir='ltr'>sodales</span> <span class='ocrx_word' id='word_1_157' title='bbox 2752 2869 3132 2954; x_wconf 86' lang='lat' dir='ltr'>religionis</span> <span class='ocrx_word' id='word_1_158' title='bbox 3182 2869 3500 2953; x_wconf 85' lang='lat' dir='ltr'>laica-lis,</span> 
     </span>
     <span class='ocr_line' id='line_1_20' title="bbox 509 2976 3506 3062; baseline 0.001 -19"><span class='ocrx_word' id='word_1_159' title='bbox 509 2977 844 3062; x_wconf 81' lang='lat' dir='ltr'>quamvis</span> <span class='ocrx_word' id='word_1_160' title='bbox 875 2982 1278 3061; x_wconf 82' lang='lat' dir='ltr'>exemptae,</span> <span class='ocrx_word' id='word_1_161' title='bbox 1315 2977 1448 3044; x_wconf 87' lang='lat' dir='ltr'>dat</span> <span class='ocrx_word' id='word_1_162' title='bbox 1479 2977 1621 3044; x_wconf 91' lang='lat' dir='ltr'>loci</span> <span class='ocrx_word' id='word_1_163' title='bbox 1664 2976 2130 3058; x_wconf 89' lang='lat' dir='ltr'>Ordinarius;</span> <span class='ocrx_word' id='word_1_164' title='bbox 2164 2977 2287 3045; x_wconf 85' lang='lat' dir='ltr'>sed</span> <span class='ocrx_word' id='word_1_165' title='bbox 2329 2977 2807 3045; x_wconf 88' lang='lat' dir='ltr'>concionator</span> <span class='ocrx_word' id='word_1_166' title='bbox 2842 2976 3098 3062; x_wconf 87' lang='lat' dir='ltr'>nequit</span> <span class='ocrx_word' id='word_1_167' title='bbox 3137 2977 3506 3046; x_wconf 80' lang='lat' dir='ltr'>facultate</span> 
     </span>
     <span class='ocr_line' id='line_1_21' title="bbox 507 3082 2093 3168; baseline 0.001 -18"><span class='ocrx_word' id='word_1_168' title='bbox 507 3085 620 3152; x_wconf 91' lang='lat' dir='ltr'>uti</span> <span class='ocrx_word' id='word_1_169' title='bbox 661 3083 820 3151; x_wconf 88' lang='lat' dir='ltr'>sine</span> <span class='ocrx_word' id='word_1_170' title='bbox 862 3083 1284 3167; x_wconf 83' lang='lat' dir='ltr'>Superioris</span> <span class='ocrx_word' id='word_1_171' title='bbox 1334 3083 1654 3168; x_wconf 86' lang='lat' dir='ltr'>religiosi</span> <span class='ocrx_word' id='word_1_172' title='bbox 1701 3102 2006 3151; x_wconf 87' lang='lat' dir='ltr'>assensu</span> <span class='ocrx_word' id='word_1_173' title='bbox 2042 3082 2093 3151; x_wconf 81' lang='lat'>⁴.</span> 
     </span>
    </p>
   </div>
   <div class='ocr_carea' id='block_1_6' title="bbox 506 3234 3499 3564">
    <p class='ocr_par' dir='ltr' id='par_1_9' title="bbox 506 3234 3499 3564">
     <span class='ocr_line' id='line_1_22' title="bbox 684 3234 3499 3429; baseline 0 -22"><span class='ocrx_word' id='word_1_174' title='bbox 684 3342 718 3424; x_wconf 68' lang='grc' dir='ltr'><strong>ξ</strong></span> <span class='ocrx_word' id='word_1_175' title='bbox 766 3345 831 3408; x_wconf 94' lang='grc'><strong>1.</strong></span> <span class='ocrx_word' id='word_1_176' title='bbox 884 3342 1264 3410; x_wconf 86' lang='lat' dir='ltr'>Ordinarii</span> <span class='ocrx_word' id='word_1_177' title='bbox 1305 3343 1630 3411; x_wconf 91' lang='lat' dir='ltr'>locorum</span> <span class='ocrx_word' id='word_1_178' title='bbox 1670 3234 2204 3429; x_wconf 43' lang='lat' dir='ltr'>rehfgigsislffi</span> <span class='ocrx_word' id='word_1_179' title='bbox 2244 3363 2291 3411; x_wconf 82' lang='lat' dir='ltr'>a</span> <span class='ocrx_word' id='word_1_180' title='bbox 2327 3343 2631 3428; x_wconf 89' lang='lat' dir='ltr'>proprio</span> <span class='ocrx_word' id='word_1_181' title='bbox 2679 3344 3075 3428; x_wconf 80' lang='lat' dir='ltr'>Superiore</span> <span class='ocrx_word' id='word_1_182' title='bbox 3111 3343 3499 3410; x_wconf 84' lang='lat' dir='ltr'>exhibean-</span> 
     </span>
     <span class='ocr_line' id='line_1_23' title="bbox 506 3449 3496 3564; baseline -0 -49"><span class='ocrx_word' id='word_1_183' title='bbox 506 3455 656 3533; x_wconf 86' lang='lat' dir='ltr'>tur,</span> <span class='ocrx_word' id='word_1_184' title='bbox 698 3449 1135 3517; x_wconf 81' lang='lat' dir='ltr'>facultatem</span> <span class='ocrx_word' id='word_1_185' title='bbox 1174 3452 1686 3534; x_wconf 90' lang='lat' dir='ltr'>concionandi‚</span> <span class='ocrx_word' id='word_1_186' title='bbox 1731 3451 1891 3519; x_wconf 90' lang='lat' dir='ltr'>sine</span> <span class='ocrx_word' id='word_1_187' title='bbox 1928 3453 2138 3537; x_wconf 82' lang='lat' dir='ltr'>gravi</span> <span class='ocrx_word' id='word_1_188' title='bbox 2186 3469 2438 3533; x_wconf 87' lang='lat' dir='ltr'>causa,</span> <span class='ocrx_word' id='word_1_189' title='bbox 2481 3471 2574 3564; x_wconf 43' lang='grc' dir='ltr'>οὔ</span> <span class='ocrx_word' id='word_1_190' title='bbox 2618 3453 3005 3535; x_wconf 91' lang='lat' dir='ltr'>denegent,</span> <span class='ocrx_word' id='word_1_191' title='bbox 3047 3466 3496 3517; x_wconf 88' lang='lat' dir='ltr'>concessam-</span> 
     </span>
    </p>
   </div>
   <div class='ocr_carea' id='block_1_7' title="bbox 498 3659 3501 5344">
    <p class='ocr_par' dir='ltr' id='par_1_10' title="bbox 501 3659 3501 4441">
     <span class='ocr_line' id='line_1_24' title="bbox 688 3659 3499 3724; baseline 0 -13"><span class='ocrx_word' id='word_1_192' title='bbox 688 3660 707 3696; x_wconf 81' lang='lat'>1</span> <span class='ocrx_word' id='word_1_193' title='bbox 744 3660 810 3712; x_wconf 85' lang='grc' dir='ltr'>Ο.</span> <span class='ocrx_word' id='word_1_194' title='bbox 853 3661 935 3720; x_wconf 88' lang='grc'>15,</span> <span class='ocrx_word' id='word_1_195' title='bbox 976 3662 1042 3720; x_wconf 87' lang='grc' dir='ltr'>Χ,</span> <span class='ocrx_word' id='word_1_196' title='bbox 1077 3662 1147 3711; x_wconf 78' lang='lat' dir='ltr'>de</span> <span class='ocrx_word' id='word_1_197' title='bbox 1178 3659 1364 3719; x_wconf 70' lang='lat' dir='ltr'>officio</span> <span class='ocrx_word' id='word_1_198' title='bbox 1398 3660 1611 3712; x_wconf 71' lang='lat' dir='ltr'>iudicis</span> <span class='ocrx_word' id='word_1_199' title='bbox 1641 3661 1950 3720; x_wconf 76' lang='lat' dir='ltr'>ordinarit,</span> <span class='ocrx_word' id='word_1_200' title='bbox 1990 3663 2038 3722; x_wconf 89' lang='grc' dir='ltr'>Ι,</span> <span class='ocrx_word' id='word_1_201' title='bbox 2072 3664 2154 3723; x_wconf 80' lang='grc'>31;</span> <span class='ocrx_word' id='word_1_202' title='bbox 2193 3674 2242 3713; x_wconf 90' lang='lat' dir='ltr'>c.</span> <span class='ocrx_word' id='word_1_203' title='bbox 2278 3662 2360 3724; x_wconf 87' lang='grc'>13,</span> <span class='ocrx_word' id='word_1_204' title='bbox 2396 3662 2461 3721; x_wconf 88' lang='grc' dir='ltr'>Χ,</span> <span class='ocrx_word' id='word_1_205' title='bbox 2497 3664 2567 3712; x_wconf 79' lang='lat' dir='ltr'>dc</span> <span class='ocrx_word' id='word_1_206' title='bbox 2602 3659 2935 3720; x_wconf 73' lang='lat' dir='ltr'>haereticis,</span> <span class='ocrx_word' id='word_1_207' title='bbox 2971 3661 3038 3720; x_wconf 90' lang='lat' dir='ltr'>V,</span> <span class='ocrx_word' id='word_1_208' title='bbox 3076 3663 3125 3723; x_wconf 84' lang='grc'>7;</span> <span class='ocrx_word' id='word_1_209' title='bbox 3156 3661 3329 3713; x_wconf 82' lang='lat' dir='ltr'>conc.</span> <span class='ocrx_word' id='word_1_210' title='bbox 3369 3661 3499 3712; x_wconf 83' lang='lat' dir='ltr'>Tri-</span> 
     </span>
     <span class='ocr_line' id='line_1_25' title="bbox 506 3750 3501 3812; baseline -0.002 -11"><span class='ocrx_word' id='word_1_211' title='bbox 506 3751 690 3810; x_wconf 71' lang='lat' dir='ltr'>dent„</span> <span class='ocrx_word' id='word_1_212' title='bbox 736 3762 879 3801; x_wconf 70' lang='lat' dir='ltr'>oess.</span> <span class='ocrx_word' id='word_1_213' title='bbox 918 3750 1116 3809; x_wconf 89' lang='lat' dir='ltr'>XXIV,</span> <span class='ocrx_word' id='word_1_214' title='bbox 1153 3751 1224 3800; x_wconf 80' lang='lat' dir='ltr'>de</span> <span class='ocrx_word' id='word_1_215' title='bbox 1259 3750 1393 3809; x_wconf 68' lang='lat' dir='ltr'>ret„</span> <span class='ocrx_word' id='word_1_216' title='bbox 1432 3762 1481 3801; x_wconf 89' lang='lat' dir='ltr'>c.</span> <span class='ocrx_word' id='word_1_217' title='bbox 1520 3753 1569 3812; x_wconf 73' lang='lat'>4:</span> <span class='ocrx_word' id='word_1_218' title='bbox 1606 3752 1901 3803; x_wconf 80' lang='lat' dir='ltr'>Martinus</span> <span class='ocrx_word' id='word_1_219' title='bbox 1936 3754 1985 3803; x_wconf 92' lang='lat' dir='ltr'>V</span> <span class='ocrx_word' id='word_1_220' title='bbox 2032 3753 2119 3812; x_wconf 79' lang='lat' dir='ltr'>(in</span> <span class='ocrx_word' id='word_1_221' title='bbox 2153 3753 2326 3804; x_wconf 83' lang='lat' dir='ltr'>Cone.</span> <span class='ocrx_word' id='word_1_222' title='bbox 2374 3752 2829 3812; x_wconf 58' lang='lat' dir='ltr'>constantien),</span> <span class='ocrx_word' id='word_1_223' title='bbox 2867 3754 3050 3803; x_wconf 87' lang='lat' dir='ltr'>const.</span> <span class='ocrx_word' id='word_1_224' title='bbox 3094 3767 3124 3801; x_wconf 74' lang='grc' dir='ltr'><strong><em>α</em></strong></span> <span class='ocrx_word' id='word_1_225' title='bbox 3160 3750 3328 3800; x_wconf 80' lang='lat' dir='ltr'>Inter</span> <span class='ocrx_word' id='word_1_226' title='bbox 3362 3761 3501 3799; x_wconf 76' lang='lat' dir='ltr'>cun-</span> 
     </span>
     <span class='ocr_line' id='line_1_26' title="bbox 507 3838 3497 3903; baseline -0.001 -13"><span class='ocrx_word' id='word_1_227' title='bbox 507 3844 636 3891; x_wconf 82' lang='lat' dir='ltr'>ctus</span> <span class='ocrx_word' id='word_1_228' title='bbox 670 3856 718 3902; x_wconf 67' lang='lat' dir='ltr'>n,</span> <span class='ocrx_word' id='word_1_229' title='bbox 749 3840 813 3891; x_wconf 88' lang='grc'>22</span> <span class='ocrx_word' id='word_1_230' title='bbox 839 3841 984 3893; x_wconf 76' lang='lat' dir='ltr'>febr.</span> <span class='ocrx_word' id='word_1_231' title='bbox 1016 3840 1164 3899; x_wconf 77' lang='lat'>1418,</span> <span class='ocrx_word' id='word_1_232' title='bbox 1192 3845 1307 3892; x_wconf 86' lang='lat' dir='ltr'>art.</span> <span class='ocrx_word' id='word_1_233' title='bbox 1342 3843 1424 3900; x_wconf 93' lang='lat'>14,</span> <span class='ocrx_word' id='word_1_234' title='bbox 1454 3841 1695 3893; x_wconf 83' lang='lat' dir='ltr'>Ioannis</span> <span class='ocrx_word' id='word_1_235' title='bbox 1730 3842 1980 3902; x_wconf 75' lang='lat' dir='ltr'>Wicleff,</span> <span class='ocrx_word' id='word_1_236' title='bbox 2009 3842 2227 3903; x_wconf 83' lang='lat' dir='ltr'>damn.;</span> <span class='ocrx_word' id='word_1_237' title='bbox 2256 3841 2572 3903; x_wconf 80' lang='lat' dir='ltr'>Gregorius</span> <span class='ocrx_word' id='word_1_238' title='bbox 2601 3842 2717 3902; x_wconf 93' lang='lat' dir='ltr'>XV,</span> <span class='ocrx_word' id='word_1_239' title='bbox 2747 3843 2932 3892; x_wconf 86' lang='lat' dir='ltr'>const.</span> <span class='ocrx_word' id='word_1_240' title='bbox 2965 3856 2995 3891; x_wconf 72' lang='grc' dir='ltr'><strong>α</strong></span> <span class='ocrx_word' id='word_1_241' title='bbox 3026 3838 3412 3894; x_wconf 66' lang='grc' dir='ltr'>Ιηεοπιωδίιδ</span> <span class='ocrx_word' id='word_1_242' title='bbox 3447 3857 3497 3898; x_wconf 67' lang='grc' dir='ltr'>υ,</span> 
     </span>
     <span class='ocr_line' id='line_1_27' title="bbox 504 3930 3497 3992; baseline -0.001 -8"><span class='ocrx_word' id='word_1_243' title='bbox 504 3932 538 3984; x_wconf 97' lang='grc'><strong>5</strong></span> <span class='ocrx_word' id='word_1_244' title='bbox 562 3933 709 3984; x_wconf 75' lang='lat' dir='ltr'>febr.</span> <span class='ocrx_word' id='word_1_245' title='bbox 735 3930 883 3992; x_wconf 86' lang='grc'><strong>1022,</strong></span> <span class='ocrx_word' id='word_1_246' title='bbox 919 3932 946 3992; x_wconf 65' lang='grc' dir='ltr'><strong>ς</strong></span> <span class='ocrx_word' id='word_1_247' title='bbox 971 3931 1022 3990; x_wconf 87' lang='grc'>3,</span> <span class='ocrx_word' id='word_1_248' title='bbox 1053 3931 1103 3992; x_wconf 89' lang='grc'><strong>0;</strong></span> <span class='ocrx_word' id='word_1_249' title='bbox 1132 3932 1510 3982; x_wconf 78' lang='lat' dir='ltr'>Innocentius</span> <span class='ocrx_word' id='word_1_250' title='bbox 1534 3932 1599 3991; x_wconf 88' lang='lat' dir='ltr'>X,</span> <span class='ocrx_word' id='word_1_251' title='bbox 1625 3935 1811 3984; x_wconf 90' lang='lat' dir='ltr'>const.</span> <span class='ocrx_word' id='word_1_252' title='bbox 1843 3947 1871 3981; x_wconf 74' lang='grc' dir='ltr'><em>α</em></span> <span class='ocrx_word' id='word_1_253' title='bbox 1901 3933 2045 3983; x_wconf 81' lang='lat' dir='ltr'>Cum</span> <span class='ocrx_word' id='word_1_254' title='bbox 2070 3933 2224 3984; x_wconf 81' lang='lat' dir='ltr'>sicut</span> <span class='ocrx_word' id='word_1_255' title='bbox 2257 3947 2306 3992; x_wconf 71' lang='lat' dir='ltr'>n,</span> <span class='ocrx_word' id='word_1_256' title='bbox 2332 3933 2398 3983; x_wconf 87' lang='lat'>14</span> <span class='ocrx_word' id='word_1_257' title='bbox 2422 3932 2566 3982; x_wconf 89' lang='lat' dir='ltr'>maii</span> <span class='ocrx_word' id='word_1_258' title='bbox 2592 3931 2739 3992; x_wconf 79' lang='grc'><strong>1048,</strong></span> <span class='ocrx_word' id='word_1_259' title='bbox 2771 3931 2798 3992; x_wconf 61' lang='lat'><em>8</em></span> <span class='ocrx_word' id='word_1_260' title='bbox 2827 3932 2875 3983; x_wconf 85' lang='lat'>3:</span> <span class='ocrx_word' id='word_1_261' title='bbox 2908 3931 3181 3982; x_wconf 80' lang='lat' dir='ltr'>Clemens</span> <span class='ocrx_word' id='word_1_262' title='bbox 3209 3931 3274 3990; x_wconf 90' lang='lat' dir='ltr'>X,</span> <span class='ocrx_word' id='word_1_263' title='bbox 3305 3936 3497 3981; x_wconf 87' lang='lat' dir='ltr'>const.</span> 
     </span>
     <span class='ocr_line' id='line_1_28' title="bbox 505 4020 3501 4082; baseline -0 -10"><span class='ocrx_word' id='word_1_264' title='bbox 505 4037 535 4072; x_wconf 72' lang='grc' dir='ltr'><strong>α</strong></span> <span class='ocrx_word' id='word_1_265' title='bbox 569 4022 835 4081; x_wconf 72' lang='lat' dir='ltr'>superna</span> <span class='ocrx_word' id='word_1_266' title='bbox 868 4036 915 4080; x_wconf 73' lang='grc' dir='ltr'>ιο,</span> <span class='ocrx_word' id='word_1_267' title='bbox 942 4021 1005 4071; x_wconf 89' lang='grc'><strong>21</strong></span> <span class='ocrx_word' id='word_1_268' title='bbox 1033 4020 1154 4071; x_wconf 87' lang='lat' dir='ltr'>iun.</span> <span class='ocrx_word' id='word_1_269' title='bbox 1188 4021 1334 4081; x_wconf 88' lang='grc'><strong>1070,</strong></span> <span class='ocrx_word' id='word_1_270' title='bbox 1365 4021 1392 4081; x_wconf 63' lang='grc' dir='ltr'><strong>ς</strong></span> <span class='ocrx_word' id='word_1_271' title='bbox 1420 4024 1470 4080; x_wconf 94' lang='grc'>1,</span> <span class='ocrx_word' id='word_1_272' title='bbox 1502 4021 1550 4080; x_wconf 81' lang='lat'>3:</span> <span class='ocrx_word' id='word_1_273' title='bbox 1581 4021 1851 4073; x_wconf 78' lang='lat' dir='ltr'>Clemens</span> <span class='ocrx_word' id='word_1_274' title='bbox 1876 4022 2008 4082; x_wconf 87' lang='lat' dir='ltr'>XII,</span> <span class='ocrx_word' id='word_1_275' title='bbox 2038 4025 2223 4074; x_wconf 87' lang='lat' dir='ltr'>const.</span> <span class='ocrx_word' id='word_1_276' title='bbox 2255 4037 2287 4072; x_wconf 71' lang='grc' dir='ltr'>ι</span> <span class='ocrx_word' id='word_1_277' title='bbox 2314 4023 2598 4073; x_wconf 78' lang='lat' dir='ltr'>Admonet</span> <span class='ocrx_word' id='word_1_278' title='bbox 2628 4020 2747 4072; x_wconf 84' lang='lat' dir='ltr'>Nos</span> <span class='ocrx_word' id='word_1_279' title='bbox 2778 4037 2827 4080; x_wconf 65' lang='lat' dir='ltr'>n,</span> <span class='ocrx_word' id='word_1_280' title='bbox 2858 4022 2922 4071; x_wconf 92' lang='lat'>11</span> <span class='ocrx_word' id='word_1_281' title='bbox 2957 4033 3091 4081; x_wconf 84' lang='lat' dir='ltr'>aug.</span> <span class='ocrx_word' id='word_1_282' title='bbox 3127 4020 3274 4079; x_wconf 85' lang='grc'><strong>1735,</strong></span> <span class='ocrx_word' id='word_1_283' title='bbox 3306 4020 3333 4080; x_wconf 63' lang='grc' dir='ltr'><strong>ς</strong></span> <span class='ocrx_word' id='word_1_284' title='bbox 3363 4021 3414 4077; x_wconf 89' lang='grc'>1,</span> <span class='ocrx_word' id='word_1_285' title='bbox 3448 4021 3501 4076; x_wconf 80' lang='lat'>3:</span> 
     </span>
     <span class='ocr_line' id='line_1_29' title="bbox 505 4110 3495 4172; baseline -0.002 -8"><span class='ocrx_word' id='word_1_286' title='bbox 505 4112 862 4164; x_wconf 80' lang='lat' dir='ltr'>Benedictus</span> <span class='ocrx_word' id='word_1_287' title='bbox 889 4111 1039 4171; x_wconf 90' lang='lat' dir='ltr'>XIV,</span> <span class='ocrx_word' id='word_1_288' title='bbox 1071 4115 1255 4163; x_wconf 89' lang='lat' dir='ltr'>const.</span> <span class='ocrx_word' id='word_1_289' title='bbox 1298 4126 1327 4160; x_wconf 73' lang='lat' dir='ltr'>«t</span> <span class='ocrx_word' id='word_1_290' title='bbox 1360 4111 1448 4161; x_wconf 76' lang='lat' dir='ltr'>Aa</span> <span class='ocrx_word' id='word_1_291' title='bbox 1482 4110 1800 4162; x_wconf 75' lang='lat' dir='ltr'>militantis</span> <span class='ocrx_word' id='word_1_292' title='bbox 1830 4127 1881 4172; x_wconf 61' lang='lat' dir='ltr'>a,</span> <span class='ocrx_word' id='word_1_293' title='bbox 1913 4113 1978 4164; x_wconf 88' lang='grc'>30</span> <span class='ocrx_word' id='word_1_294' title='bbox 2008 4115 2183 4164; x_wconf 84' lang='lat' dir='ltr'>mart.</span> <span class='ocrx_word' id='word_1_295' title='bbox 2217 4112 2365 4172; x_wconf 76' lang='grc'><strong>1742,</strong></span> <span class='ocrx_word' id='word_1_296' title='bbox 2400 4112 2427 4172; x_wconf 63' lang='grc' dir='ltr'><strong>ς</strong></span> <span class='ocrx_word' id='word_1_297' title='bbox 2468 4112 2549 4171; x_wconf 70' lang='grc'>18,</span> <span class='ocrx_word' id='word_1_298' title='bbox 2579 4111 2935 4163; x_wconf 80' lang='lat' dir='ltr'>Benedictus</span> <span class='ocrx_word' id='word_1_299' title='bbox 2966 4111 3083 4170; x_wconf 88' lang='lat' dir='ltr'>XV,</span> <span class='ocrx_word' id='word_1_300' title='bbox 3122 4110 3237 4161; x_wconf 82' lang='lat' dir='ltr'>litt.</span> <span class='ocrx_word' id='word_1_301' title='bbox 3270 4111 3495 4170; x_wconf 71' lang='lat' dir='ltr'>encyel.</span> 
     </span>
     <span class='ocr_line' id='line_1_30' title="bbox 503 4197 3498 4263; baseline -0.001 -10"><span class='ocrx_word' id='word_1_302' title='bbox 503 4197 543 4253; x_wconf 59' lang='grc' dir='ltr'>ὃ</span> <span class='ocrx_word' id='word_1_303' title='bbox 571 4201 834 4252; x_wconf 76' lang='lat' dir='ltr'>Humani</span> <span class='ocrx_word' id='word_1_304' title='bbox 876 4201 1107 4262; x_wconf 68' lang='lat' dir='ltr'>ceneris</span> <span class='ocrx_word' id='word_1_305' title='bbox 1143 4217 1190 4262; x_wconf 73' lang='grc' dir='ltr'>ιο,</span> <span class='ocrx_word' id='word_1_306' title='bbox 1229 4202 1293 4252; x_wconf 92' lang='grc'><strong>15</strong></span> <span class='ocrx_word' id='word_1_307' title='bbox 1328 4202 1448 4252; x_wconf 89' lang='lat' dir='ltr'>iun.</span> <span class='ocrx_word' id='word_1_308' title='bbox 1486 4202 1633 4262; x_wconf 76' lang='lat'>1917:</span> <span class='ocrx_word' id='word_1_309' title='bbox 1678 4201 1733 4254; x_wconf 84' lang='lat' dir='ltr'>S.</span> <span class='ocrx_word' id='word_1_310' title='bbox 1769 4201 1834 4254; x_wconf 88' lang='lat' dir='ltr'>C.</span> <span class='ocrx_word' id='word_1_311' title='bbox 1869 4203 1973 4262; x_wconf 72' lang='lat' dir='ltr'>Ep.</span> <span class='ocrx_word' id='word_1_312' title='bbox 2006 4205 2069 4254; x_wconf 84' lang='lat' dir='ltr'>et</span> <span class='ocrx_word' id='word_1_313' title='bbox 2098 4202 2262 4263; x_wconf 83' lang='lat' dir='ltr'>Reg.,</span> <span class='ocrx_word' id='word_1_314' title='bbox 2300 4201 2472 4253; x_wconf 82' lang='lat' dir='ltr'>instr.</span> <span class='ocrx_word' id='word_1_315' title='bbox 2511 4202 2576 4252; x_wconf 88' lang='grc'>31</span> <span class='ocrx_word' id='word_1_316' title='bbox 2615 4202 2716 4251; x_wconf 91' lang='lat' dir='ltr'>iul.</span> <span class='ocrx_word' id='word_1_317' title='bbox 2749 4201 2896 4261; x_wconf 77' lang='lat'>1894,</span> <span class='ocrx_word' id='word_1_318' title='bbox 2933 4214 2991 4251; x_wconf 92' lang='lat' dir='ltr'>n.</span> <span class='ocrx_word' id='word_1_319' title='bbox 3017 4203 3075 4259; x_wconf 82' lang='lat'>1.</span> <span class='ocrx_word' id='word_1_320' title='bbox 3107 4201 3157 4260; x_wconf 75' lang='lat'>7:</span> <span class='ocrx_word' id='word_1_321' title='bbox 3197 4199 3254 4252; x_wconf 78' lang='lat' dir='ltr'>S.</span> <span class='ocrx_word' id='word_1_322' title='bbox 3297 4199 3363 4251; x_wconf 84' lang='grc' dir='ltr'>Ο.</span> <span class='ocrx_word' id='word_1_323' title='bbox 3402 4200 3498 4258; x_wconf 82' lang='grc'>0.,</span> 
     </span>
     <span class='ocr_line' id='line_1_31' title="bbox 504 4289 3496 4354; baseline -0.001 -13"><span class='ocrx_word' id='word_1_324' title='bbox 504 4290 899 4350; x_wconf 68' lang='grc' dir='ltr'><strong>Μεολῑίπίεη.,</strong></span> <span class='ocrx_word' id='word_1_325' title='bbox 953 4293 1018 4345; x_wconf 88' lang='grc'>13</span> <span class='ocrx_word' id='word_1_326' title='bbox 1058 4293 1207 4344; x_wconf 76' lang='lat' dir='ltr'>febr.</span> <span class='ocrx_word' id='word_1_327' title='bbox 1251 4293 1398 4354; x_wconf 75' lang='lat'>16393</span> <span class='ocrx_word' id='word_1_328' title='bbox 1437 4291 1674 4342; x_wconf 73' lang='lat' dir='ltr'>Nullius</span> <span class='ocrx_word' id='word_1_329' title='bbox 1717 4302 1820 4342; x_wconf 80' lang='lat' dir='ltr'>seu</span> <span class='ocrx_word' id='word_1_330' title='bbox 1867 4291 2305 4349; x_wconf 78' lang='lat' dir='ltr'>Nonantulaua,</span> <span class='ocrx_word' id='word_1_331' title='bbox 2350 4292 2414 4343; x_wconf 88' lang='grc'>13</span> <span class='ocrx_word' id='word_1_332' title='bbox 2456 4291 2574 4341; x_wconf 88' lang='lat' dir='ltr'>ian.</span> <span class='ocrx_word' id='word_1_333' title='bbox 2624 4289 2769 4351; x_wconf 86' lang='grc'><strong>1085;</strong></span> <span class='ocrx_word' id='word_1_334' title='bbox 2812 4289 3224 4350; x_wconf 71' lang='lat' dir='ltr'>Neapolitana,</span> <span class='ocrx_word' id='word_1_335' title='bbox 3269 4290 3333 4340; x_wconf 95' lang='grc'><strong>21</strong></span> <span class='ocrx_word' id='word_1_336' title='bbox 3388 4289 3496 4339; x_wconf 87' lang='lat' dir='ltr'>iul.</span> 
     </span>
     <span class='ocr_line' id='line_1_32' title="bbox 501 4381 849 4441; baseline 0 -8"><span class='ocrx_word' id='word_1_337' title='bbox 501 4383 648 4441; x_wconf 79' lang='lat'>1742,</span> <span class='ocrx_word' id='word_1_338' title='bbox 686 4381 765 4433; x_wconf 85' lang='lat' dir='ltr'>ad</span> <span class='ocrx_word' id='word_1_339' title='bbox 798 4381 849 4433; x_wconf 96' lang='grc'>5.</span> 
     </span>
    </p>

    <p class='ocr_par' dir='ltr' id='par_1_11' title="bbox 673 4471 2846 4544">
     <span class='ocr_line' id='line_1_33' title="bbox 673 4471 2846 4544; baseline -0.001 -19"><span class='ocrx_word' id='word_1_340' title='bbox 673 4474 699 4511; x_wconf 83' lang='lat'>²</span> <span class='ocrx_word' id='word_1_341' title='bbox 738 4474 911 4525; x_wconf 84' lang='lat' dir='ltr'>Cone.</span> <span class='ocrx_word' id='word_1_342' title='bbox 950 4472 1237 4532; x_wconf 85' lang='lat' dir='ltr'>Trident.,</span> <span class='ocrx_word' id='word_1_343' title='bbox 1275 4486 1416 4525; x_wconf 88' lang='lat' dir='ltr'>sess.</span> <span class='ocrx_word' id='word_1_344' title='bbox 1454 4475 1522 4544; x_wconf 86' lang='lat' dir='ltr'>V.</span> <span class='ocrx_word' id='word_1_345' title='bbox 1559 4474 1629 4523; x_wconf 83' lang='lat' dir='ltr'>de</span> <span class='ocrx_word' id='word_1_346' title='bbox 1662 4472 1795 4531; x_wconf 72' lang='lat' dir='ltr'>ret„</span> <span class='ocrx_word' id='word_1_347' title='bbox 1838 4484 1888 4523; x_wconf 89' lang='lat' dir='ltr'>c.</span> <span class='ocrx_word' id='word_1_348' title='bbox 1926 4473 1976 4533; x_wconf 74' lang='lat'>23</span> <span class='ocrx_word' id='word_1_349' title='bbox 2007 4484 2149 4524; x_wconf 88' lang='lat' dir='ltr'>sess.</span> <span class='ocrx_word' id='word_1_350' title='bbox 2188 4471 2387 4530; x_wconf 86' lang='lat' dir='ltr'>XXIV,</span> <span class='ocrx_word' id='word_1_351' title='bbox 2425 4473 2495 4521; x_wconf 80' lang='lat' dir='ltr'>de</span> <span class='ocrx_word' id='word_1_352' title='bbox 2530 4472 2664 4530; x_wconf 69' lang='lat' dir='ltr'>ref„</span> <span class='ocrx_word' id='word_1_353' title='bbox 2709 4484 2756 4522; x_wconf 87' lang='lat' dir='ltr'>c.</span> <span class='ocrx_word' id='word_1_354' title='bbox 2797 4473 2846 4522; x_wconf 88' lang='lat'>4.</span> 
     </span>
    </p>

    <p class='ocr_par' dir='ltr' id='par_1_12' title="bbox 498 4559 3501 5344">
     <span class='ocr_line' id='line_1_34' title="bbox 673 4559 3499 4625; baseline -0.003 -10"><span class='ocrx_word' id='word_1_355' title='bbox 673 4566 698 4601; x_wconf 85' lang='lat'><strong>³</strong></span> <span class='ocrx_word' id='word_1_356' title='bbox 742 4563 806 4615; x_wconf 86' lang='lat' dir='ltr'>O.</span> <span class='ocrx_word' id='word_1_357' title='bbox 842 4563 924 4621; x_wconf 87' lang='lat'>13,</span> <span class='ocrx_word' id='word_1_358' title='bbox 958 4563 1024 4622; x_wconf 91' lang='lat' dir='ltr'>X,</span> <span class='ocrx_word' id='word_1_359' title='bbox 1062 4565 1132 4614; x_wconf 82' lang='lat' dir='ltr'>de</span> <span class='ocrx_word' id='word_1_360' title='bbox 1168 4562 1500 4621; x_wconf 70' lang='lat' dir='ltr'>haereticis,</span> <span class='ocrx_word' id='word_1_361' title='bbox 1543 4565 1612 4624; x_wconf 92' lang='lat' dir='ltr'>V,</span> <span class='ocrx_word' id='word_1_362' title='bbox 1643 4564 1693 4625; x_wconf 87' lang='grc'>7;</span> <span class='ocrx_word' id='word_1_363' title='bbox 1728 4562 1902 4615; x_wconf 85' lang='lat' dir='ltr'>Cone.</span> <span class='ocrx_word' id='word_1_364' title='bbox 1946 4562 2233 4623; x_wconf 69' lang='lat' dir='ltr'>&#39;Px-ment„</span> <span class='ocrx_word' id='word_1_365' title='bbox 2270 4575 2412 4613; x_wconf 86' lang='lat' dir='ltr'>sess.</span> <span class='ocrx_word' id='word_1_366' title='bbox 2451 4562 2520 4621; x_wconf 89' lang='lat' dir='ltr'>V,</span> <span class='ocrx_word' id='word_1_367' title='bbox 2559 4564 2629 4612; x_wconf 77' lang='lat' dir='ltr'>de</span> <span class='ocrx_word' id='word_1_368' title='bbox 2663 4563 2796 4622; x_wconf 66' lang='lat' dir='ltr'>ret„</span> <span class='ocrx_word' id='word_1_369' title='bbox 2831 4573 2882 4611; x_wconf 86' lang='lat' dir='ltr'>c.</span> <span class='ocrx_word' id='word_1_370' title='bbox 2915 4563 2963 4621; x_wconf 79' lang='lat'>23</span> <span class='ocrx_word' id='word_1_371' title='bbox 3006 4573 3148 4612; x_wconf 91' lang='lat' dir='ltr'>sess.</span> <span class='ocrx_word' id='word_1_372' title='bbox 3186 4560 3384 4618; x_wconf 89' lang='lat' dir='ltr'>XXIV,</span> <span class='ocrx_word' id='word_1_373' title='bbox 3421 4559 3499 4607; x_wconf 77' lang='lat' dir='ltr'>de</span> 
     </span>
     <span class='ocr_line' id='line_1_35' title="bbox 502 4647 3497 4715; baseline -0.002 -13"><span class='ocrx_word' id='word_1_374' title='bbox 502 4655 636 4713; x_wconf 69' lang='lat' dir='ltr'>ret„</span> <span class='ocrx_word' id='word_1_375' title='bbox 661 4664 710 4704; x_wconf 88' lang='lat' dir='ltr'>c.</span> <span class='ocrx_word' id='word_1_376' title='bbox 740 4655 788 4715; x_wconf 83' lang='lat'>4;</span> <span class='ocrx_word' id='word_1_377' title='bbox 818 4654 1136 4715; x_wconf 80' lang='lat' dir='ltr'>Gregorius</span> <span class='ocrx_word' id='word_1_378' title='bbox 1158 4654 1275 4712; x_wconf 87' lang='lat' dir='ltr'>XV,</span> <span class='ocrx_word' id='word_1_379' title='bbox 1302 4657 1487 4707; x_wconf 87' lang='lat' dir='ltr'>const.</span> <span class='ocrx_word' id='word_1_380' title='bbox 1525 4669 1556 4703; x_wconf 74' lang='grc' dir='ltr'>ι</span> <span class='ocrx_word' id='word_1_381' title='bbox 1581 4653 1967 4704; x_wconf 68' lang='lat' dir='ltr'>inscrutabili</span> <span class='ocrx_word' id='word_1_382' title='bbox 1993 4669 2041 4714; x_wconf 84' lang='lat'>»,</span> <span class='ocrx_word' id='word_1_383' title='bbox 2071 4654 2104 4703; x_wconf 86' lang='grc'><strong>5</strong></span> <span class='ocrx_word' id='word_1_384' title='bbox 2131 4653 2278 4704; x_wconf 76' lang='lat' dir='ltr'>febr.</span> <span class='ocrx_word' id='word_1_385' title='bbox 2309 4652 2454 4706; x_wconf 84' lang='grc'><strong>1022.</strong></span> <span class='ocrx_word' id='word_1_386' title='bbox 2495 4653 2520 4713; x_wconf 60' lang='grc' dir='ltr'>ὅ</span> <span class='ocrx_word' id='word_1_387' title='bbox 2551 4653 2600 4712; x_wconf 89' lang='grc'>3,</span> <span class='ocrx_word' id='word_1_388' title='bbox 2633 4652 2683 4711; x_wconf 85' lang='grc'><strong>0;</strong></span> <span class='ocrx_word' id='word_1_389' title='bbox 2717 4651 2987 4703; x_wconf 83' lang='lat' dir='ltr'>Clemens</span> <span class='ocrx_word' id='word_1_390' title='bbox 3013 4651 3078 4709; x_wconf 89' lang='lat' dir='ltr'>X,</span> <span class='ocrx_word' id='word_1_391' title='bbox 3108 4652 3294 4701; x_wconf 87' lang='lat' dir='ltr'>const.</span> <span class='ocrx_word' id='word_1_392' title='bbox 3326 4664 3357 4698; x_wconf 74' lang='grc' dir='ltr'>ι</span> <span class='ocrx_word' id='word_1_393' title='bbox 3386 4647 3497 4697; x_wconf 74' lang='lat' dir='ltr'>Su-</span> 
     </span>
     <span class='ocr_line' id='line_1_36' title="bbox 500 4738 3499 4805; baseline -0.001 -13"><span class='ocrx_word' id='word_1_394' title='bbox 500 4755 683 4804; x_wconf 77' lang='lat' dir='ltr'>perna</span> <span class='ocrx_word' id='word_1_395' title='bbox 717 4759 767 4803; x_wconf 75' lang='grc' dir='ltr'>ιο,</span> <span class='ocrx_word' id='word_1_396' title='bbox 804 4745 868 4795; x_wconf 95' lang='grc'><strong>21</strong></span> <span class='ocrx_word' id='word_1_397' title='bbox 902 4745 1023 4795; x_wconf 89' lang='lat' dir='ltr'>iun.</span> <span class='ocrx_word' id='word_1_398' title='bbox 1068 4744 1217 4801; x_wconf 88' lang='grc'><strong>1070.</strong></span> <span class='ocrx_word' id='word_1_399' title='bbox 1259 4745 1284 4805; x_wconf 67' lang='lat'>5</span> <span class='ocrx_word' id='word_1_400' title='bbox 1329 4746 1380 4804; x_wconf 94' lang='lat'>1,</span> <span class='ocrx_word' id='word_1_401' title='bbox 1411 4744 1460 4805; x_wconf 78' lang='lat'>33</span> <span class='ocrx_word' id='word_1_402' title='bbox 1493 4744 1763 4796; x_wconf 82' lang='lat' dir='ltr'>Clemens</span> <span class='ocrx_word' id='word_1_403' title='bbox 1795 4743 1930 4801; x_wconf 86' lang='lat' dir='ltr'>XII,</span> <span class='ocrx_word' id='word_1_404' title='bbox 1969 4747 2153 4794; x_wconf 88' lang='lat' dir='ltr'>const.</span> <span class='ocrx_word' id='word_1_405' title='bbox 2192 4758 2222 4792; x_wconf 72' lang='grc' dir='ltr'><strong>α</strong></span> <span class='ocrx_word' id='word_1_406' title='bbox 2260 4741 2545 4792; x_wconf 76' lang='lat' dir='ltr'>Admonet</span> <span class='ocrx_word' id='word_1_407' title='bbox 2588 4740 2709 4792; x_wconf 86' lang='lat' dir='ltr'>Nos</span> <span class='ocrx_word' id='word_1_408' title='bbox 2744 4757 2793 4802; x_wconf 75' lang='grc' dir='ltr'>ιο,</span> <span class='ocrx_word' id='word_1_409' title='bbox 2829 4743 2893 4792; x_wconf 91' lang='grc'>11</span> <span class='ocrx_word' id='word_1_410' title='bbox 2933 4752 3066 4800; x_wconf 84' lang='lat' dir='ltr'>aug.</span> <span class='ocrx_word' id='word_1_411' title='bbox 3107 4739 3255 4798; x_wconf 87' lang='grc'><strong>1735,</strong></span> <span class='ocrx_word' id='word_1_412' title='bbox 3294 4739 3321 4799; x_wconf 66' lang='grc' dir='ltr'><strong>ς</strong></span> <span class='ocrx_word' id='word_1_413' title='bbox 3358 4739 3408 4794; x_wconf 90' lang='grc'>1,</span> <span class='ocrx_word' id='word_1_414' title='bbox 3443 4738 3499 4797; x_wconf 82' lang='grc'><strong>3;</strong></span> 
     </span>
     <span class='ocr_line' id='line_1_37' title="bbox 504 4825 3501 4893; baseline -0.003 -8"><span class='ocrx_word' id='word_1_415' title='bbox 504 4834 857 4886; x_wconf 87' lang='lat' dir='ltr'>Benedictus</span> <span class='ocrx_word' id='word_1_416' title='bbox 882 4834 1032 4892; x_wconf 89' lang='lat' dir='ltr'>XIV,</span> <span class='ocrx_word' id='word_1_417' title='bbox 1062 4843 1247 4885; x_wconf 88' lang='lat' dir='ltr'>const.</span> <span class='ocrx_word' id='word_1_418' title='bbox 1282 4848 1312 4883; x_wconf 72' lang='grc' dir='ltr'><strong>α</strong></span> <span class='ocrx_word' id='word_1_419' title='bbox 1341 4834 1428 4884; x_wconf 71' lang='lat' dir='ltr'>Aa</span> <span class='ocrx_word' id='word_1_420' title='bbox 1456 4833 1773 4884; x_wconf 68' lang='lat' dir='ltr'>militantis</span> <span class='ocrx_word' id='word_1_421' title='bbox 1810 4849 1858 4892; x_wconf 66' lang='lat' dir='ltr'>n,</span> <span class='ocrx_word' id='word_1_422' title='bbox 1888 4834 1955 4884; x_wconf 90' lang='grc'>30</span> <span class='ocrx_word' id='word_1_423' title='bbox 1980 4836 2154 4885; x_wconf 80' lang='lat' dir='ltr'>mart.</span> <span class='ocrx_word' id='word_1_424' title='bbox 2187 4832 2334 4893; x_wconf 77' lang='grc'><strong>1742,</strong></span> <span class='ocrx_word' id='word_1_425' title='bbox 2370 4832 2397 4893; x_wconf 60' lang='grc'>5</span> <span class='ocrx_word' id='word_1_426' title='bbox 2427 4832 2508 4891; x_wconf 87' lang='grc'><strong>18;</strong></span> <span class='ocrx_word' id='word_1_427' title='bbox 2535 4831 2804 4883; x_wconf 86' lang='lat' dir='ltr'>Clemens</span> <span class='ocrx_word' id='word_1_428' title='bbox 2839 4831 3006 4887; x_wconf 89' lang='lat' dir='ltr'>XIII,</span> <span class='ocrx_word' id='word_1_429' title='bbox 3039 4831 3224 4879; x_wconf 86' lang='lat' dir='ltr'>const.</span> <span class='ocrx_word' id='word_1_430' title='bbox 3265 4841 3295 4876; x_wconf 73' lang='grc' dir='ltr'><strong>α</strong></span> <span class='ocrx_word' id='word_1_431' title='bbox 3324 4825 3501 4877; x_wconf 77' lang='lat' dir='ltr'>Inter</span> 
     </span>
     <span class='ocr_line' id='line_1_38' title="bbox 501 4918 3494 4986; baseline -0.002 -15"><span class='ocrx_word' id='word_1_432' title='bbox 501 4924 856 4984; x_wconf 73' lang='lat' dir='ltr'>multiplices</span> <span class='ocrx_word' id='word_1_433' title='bbox 885 4941 930 4982; x_wconf 66' lang='lat' dir='ltr'>n,</span> <span class='ocrx_word' id='word_1_434' title='bbox 958 4927 1022 4976; x_wconf 94' lang='lat'>11</span> <span class='ocrx_word' id='word_1_435' title='bbox 1047 4925 1169 4976; x_wconf 83' lang='lat' dir='ltr'>dec.</span> <span class='ocrx_word' id='word_1_436' title='bbox 1199 4924 1346 4984; x_wconf 83' lang='grc'><strong>1758,</strong></span> <span class='ocrx_word' id='word_1_437' title='bbox 1382 4926 1409 4986; x_wconf 63' lang='grc' dir='ltr'><strong>ς</strong></span> <span class='ocrx_word' id='word_1_438' title='bbox 1435 4925 1539 4986; x_wconf 85' lang='grc'><strong>5-7;</strong></span> <span class='ocrx_word' id='word_1_439' title='bbox 1566 4925 1707 4976; x_wconf 84' lang='lat' dir='ltr'>Plus</span> <span class='ocrx_word' id='word_1_440' title='bbox 1732 4925 1798 4984; x_wconf 87' lang='lat' dir='ltr'>X,</span> <span class='ocrx_word' id='word_1_441' title='bbox 1833 4926 1996 4975; x_wconf 88' lang='lat' dir='ltr'>motu</span> <span class='ocrx_word' id='word_1_442' title='bbox 2031 4934 2224 4984; x_wconf 82' lang='lat' dir='ltr'>propr.</span> <span class='ocrx_word' id='word_1_443' title='bbox 2257 4937 2287 4972; x_wconf 72' lang='grc' dir='ltr'><strong>α</strong></span> <span class='ocrx_word' id='word_1_444' title='bbox 2313 4923 2627 4973; x_wconf 81' lang='lat' dir='ltr'>Sacrorum</span> <span class='ocrx_word' id='word_1_445' title='bbox 2652 4918 2993 4969; x_wconf 71' lang='lat' dir='ltr'>antistitum</span> <span class='ocrx_word' id='word_1_446' title='bbox 3020 4933 3069 4977; x_wconf 72' lang='grc' dir='ltr'>ιο,</span> <span class='ocrx_word' id='word_1_447' title='bbox 3096 4918 3129 4968; x_wconf 93' lang='grc'><strong>1</strong></span> <span class='ocrx_word' id='word_1_448' title='bbox 3159 4920 3308 4977; x_wconf 78' lang='lat' dir='ltr'>sept.</span> <span class='ocrx_word' id='word_1_449' title='bbox 3337 4918 3494 4974; x_wconf 90' lang='grc'><strong>1910,</strong></span> 
     </span>
     <span class='ocr_line' id='line_1_39' title="bbox 500 5006 3492 5076; baseline -0.003 -12"><span class='ocrx_word' id='word_1_450' title='bbox 500 5026 557 5064; x_wconf 89' lang='lat' dir='ltr'>n.</span> <span class='ocrx_word' id='word_1_451' title='bbox 594 5016 669 5075; x_wconf 76' lang='lat'>5⁰3</span> <span class='ocrx_word' id='word_1_452' title='bbox 707 5014 763 5067; x_wconf 81' lang='lat' dir='ltr'>S.</span> <span class='ocrx_word' id='word_1_453' title='bbox 801 5015 865 5066; x_wconf 86' lang='lat' dir='ltr'>O.</span> <span class='ocrx_word' id='word_1_454' title='bbox 904 5017 1010 5075; x_wconf 71' lang='lat' dir='ltr'>Dp.</span> <span class='ocrx_word' id='word_1_455' title='bbox 1046 5018 1107 5066; x_wconf 89' lang='lat' dir='ltr'>et</span> <span class='ocrx_word' id='word_1_456' title='bbox 1142 5015 1303 5076; x_wconf 75' lang='lat' dir='ltr'>neg..</span> <span class='ocrx_word' id='word_1_457' title='bbox 1347 5015 1590 5071; x_wconf 66' lang='lat' dir='ltr'>ostien„</span> <span class='ocrx_word' id='word_1_458' title='bbox 1636 5015 1699 5065; x_wconf 80' lang='lat'>21</span> <span class='ocrx_word' id='word_1_459' title='bbox 1742 5027 1873 5065; x_wconf 85' lang='lat' dir='ltr'>nov.</span> <span class='ocrx_word' id='word_1_460' title='bbox 1913 5014 2059 5074; x_wconf 84' lang='grc' dir='ltr'><strong>100ος</strong></span> <span class='ocrx_word' id='word_1_461' title='bbox 2095 5012 2462 5073; x_wconf 65' lang='lat' dir='ltr'>zambrim„</span> <span class='ocrx_word' id='word_1_462' title='bbox 2499 5010 2562 5060; x_wconf 82' lang='lat'>14</span> <span class='ocrx_word' id='word_1_463' title='bbox 2606 5009 2728 5060; x_wconf 88' lang='lat' dir='ltr'>dec.</span> <span class='ocrx_word' id='word_1_464' title='bbox 2769 5009 2915 5069; x_wconf 80' lang='grc'><strong>1074;</strong></span> <span class='ocrx_word' id='word_1_465' title='bbox 2953 5006 3246 5064; x_wconf 60' lang='lat' dir='ltr'>Plenum,</span> <span class='ocrx_word' id='word_1_466' title='bbox 3284 5007 3317 5057; x_wconf 88' lang='lat'>8</span> <span class='ocrx_word' id='word_1_467' title='bbox 3351 5018 3492 5067; x_wconf 85' lang='lat' dir='ltr'>aug.</span> 
     </span>
     <span class='ocr_line' id='line_1_40' title="bbox 498 5096 3496 5167; baseline -0.002 -13"><span class='ocrx_word' id='word_1_468' title='bbox 498 5105 645 5163; x_wconf 88' lang='grc'><strong>1700,</strong></span> <span class='ocrx_word' id='word_1_469' title='bbox 689 5107 766 5157; x_wconf 87' lang='lat' dir='ltr'>ad</span> <span class='ocrx_word' id='word_1_470' title='bbox 798 5108 880 5167; x_wconf 90' lang='lat'>11;</span> <span class='ocrx_word' id='word_1_471' title='bbox 912 5106 1081 5158; x_wconf 88' lang='lat' dir='ltr'>instr.</span> <span class='ocrx_word' id='word_1_472' title='bbox 1114 5106 1178 5157; x_wconf 86' lang='lat'>31</span> <span class='ocrx_word' id='word_1_473' title='bbox 1214 5107 1316 5157; x_wconf 89' lang='lat' dir='ltr'>iul.</span> <span class='ocrx_word' id='word_1_474' title='bbox 1351 5106 1497 5166; x_wconf 79' lang='grc'><strong>1894,</strong></span> <span class='ocrx_word' id='word_1_475' title='bbox 1536 5119 1590 5157; x_wconf 91' lang='lat' dir='ltr'>n.</span> <span class='ocrx_word' id='word_1_476' title='bbox 1626 5105 1675 5166; x_wconf 88' lang='grc'>7;</span> <span class='ocrx_word' id='word_1_477' title='bbox 1719 5103 1776 5157; x_wconf 82' lang='lat' dir='ltr'>S.</span> <span class='ocrx_word' id='word_1_478' title='bbox 1809 5105 1857 5157; x_wconf 86' lang='lat' dir='ltr'>C</span> <span class='ocrx_word' id='word_1_479' title='bbox 1911 5104 1996 5164; x_wconf 79' lang='lat' dir='ltr'>O..</span> <span class='ocrx_word' id='word_1_480' title='bbox 2038 5099 2327 5160; x_wconf 68' lang='lat' dir='ltr'>viamen„</span> <span class='ocrx_word' id='word_1_481' title='bbox 2363 5100 2427 5149; x_wconf 82' lang='lat'>24</span> <span class='ocrx_word' id='word_1_482' title='bbox 2461 5098 2603 5148; x_wconf 86' lang='lat' dir='ltr'>maii</span> <span class='ocrx_word' id='word_1_483' title='bbox 2638 5099 2784 5159; x_wconf 90' lang='grc'><strong>1001;</strong></span> <span class='ocrx_word' id='word_1_484' title='bbox 2821 5096 3200 5153; x_wconf 67' lang='grc' dir='ltr'><strong>Βναοὴανεη.,</strong></span> <span class='ocrx_word' id='word_1_485' title='bbox 3245 5096 3309 5146; x_wconf 74' lang='grc'>24</span> <span class='ocrx_word' id='word_1_486' title='bbox 3342 5097 3496 5147; x_wconf 82' lang='lat' dir='ltr'>maii</span> 
     </span>
     <span class='ocr_line' id='line_1_41' title="bbox 499 5183 3496 5256; baseline -0.004 -10"><span class='ocrx_word' id='word_1_487' title='bbox 499 5194 645 5255; x_wconf 89' lang='grc'><strong>1001,</strong></span> <span class='ocrx_word' id='word_1_488' title='bbox 677 5196 754 5247; x_wconf 87' lang='lat' dir='ltr'>ad</span> <span class='ocrx_word' id='word_1_489' title='bbox 789 5196 837 5256; x_wconf 76' lang='lat'>23</span> <span class='ocrx_word' id='word_1_490' title='bbox 868 5195 1202 5254; x_wconf 76' lang='lat' dir='ltr'>Bitunttna,</span> <span class='ocrx_word' id='word_1_491' title='bbox 1233 5197 1298 5246; x_wconf 83' lang='lat'>14</span> <span class='ocrx_word' id='word_1_492' title='bbox 1327 5207 1456 5247; x_wconf 85' lang='lat' dir='ltr'>nov.</span> <span class='ocrx_word' id='word_1_493' title='bbox 1489 5196 1637 5254; x_wconf 78' lang='grc'><strong>1620,</strong></span> <span class='ocrx_word' id='word_1_494' title='bbox 1681 5196 1758 5246; x_wconf 78' lang='lat' dir='ltr'>ad</span> <span class='ocrx_word' id='word_1_495' title='bbox 1787 5198 1837 5253; x_wconf 75' lang='lat'>1:</span> <span class='ocrx_word' id='word_1_496' title='bbox 1870 5193 2177 5248; x_wconf 67' lang='lat' dir='ltr'>senonen„</span> <span class='ocrx_word' id='word_1_497' title='bbox 2210 5190 2275 5241; x_wconf 88' lang='grc'>28</span> <span class='ocrx_word' id='word_1_498' title='bbox 2308 5189 2456 5240; x_wconf 77' lang='lat' dir='ltr'>febr.</span> <span class='ocrx_word' id='word_1_499' title='bbox 2491 5188 2638 5243; x_wconf 81' lang='grc'><strong>1054.</strong></span> <span class='ocrx_word' id='word_1_500' title='bbox 2675 5188 2749 5238; x_wconf 83' lang='lat' dir='ltr'>ad</span> <span class='ocrx_word' id='word_1_501' title='bbox 2791 5189 2840 5248; x_wconf 87' lang='grc'>5;</span> <span class='ocrx_word' id='word_1_502' title='bbox 2874 5187 2939 5238; x_wconf 93' lang='grc'>10</span> <span class='ocrx_word' id='word_1_503' title='bbox 2971 5187 3094 5239; x_wconf 86' lang='lat' dir='ltr'>dec.</span> <span class='ocrx_word' id='word_1_504' title='bbox 3126 5186 3274 5247; x_wconf 88' lang='grc'><strong>1073;</strong></span> <span class='ocrx_word' id='word_1_505' title='bbox 3307 5183 3496 5234; x_wconf 75' lang='lat' dir='ltr'>Thea-</span> 
     </span>
     <span class='ocr_line' id='line_1_42' title="bbox 499 5276 3495 5344; baseline -0.002 -14"><span class='ocrx_word' id='word_1_506' title='bbox 499 5296 653 5342; x_wconf 68' lang='lat' dir='ltr'>neu„</span> <span class='ocrx_word' id='word_1_507' title='bbox 686 5287 751 5336; x_wconf 89' lang='lat'>15</span> <span class='ocrx_word' id='word_1_508' title='bbox 779 5287 941 5344; x_wconf 87' lang='lat' dir='ltr'>maii,</span> <span class='ocrx_word' id='word_1_509' title='bbox 977 5288 1041 5337; x_wconf 90' lang='grc'><strong>19</strong></span> <span class='ocrx_word' id='word_1_510' title='bbox 1073 5288 1193 5337; x_wconf 86' lang='lat' dir='ltr'>iun.</span> <span class='ocrx_word' id='word_1_511' title='bbox 1237 5286 1382 5342; x_wconf 80' lang='grc'><strong>1728,</strong></span> <span class='ocrx_word' id='word_1_512' title='bbox 1416 5288 1480 5337; x_wconf 86' lang='grc'>30</span> <span class='ocrx_word' id='word_1_513' title='bbox 1512 5298 1638 5344; x_wconf 84' lang='lat' dir='ltr'>apr.</span> <span class='ocrx_word' id='word_1_514' title='bbox 1674 5283 1818 5338; x_wconf 80' lang='lat'>1729:</span> <span class='ocrx_word' id='word_1_515' title='bbox 1864 5280 2161 5336; x_wconf 70' lang='lat' dir='ltr'>Fit-mmm,</span> <span class='ocrx_word' id='word_1_516' title='bbox 2204 5278 2266 5328; x_wconf 87' lang='lat'>21</span> <span class='ocrx_word' id='word_1_517' title='bbox 2302 5290 2450 5336; x_wconf 64' lang='lat' dir='ltr'>apr„</span> <span class='ocrx_word' id='word_1_518' title='bbox 2485 5280 2548 5328; x_wconf 92' lang='grc'>11</span> <span class='ocrx_word' id='word_1_519' title='bbox 2582 5290 2714 5338; x_wconf 73' lang='lat' dir='ltr'>aug.</span> <span class='ocrx_word' id='word_1_520' title='bbox 2750 5276 2897 5337; x_wconf 78' lang='grc'><strong>1742,</strong></span> <span class='ocrx_word' id='word_1_521' title='bbox 2933 5277 3008 5328; x_wconf 88' lang='lat' dir='ltr'>ad</span> <span class='ocrx_word' id='word_1_522' title='bbox 3045 5278 3096 5338; x_wconf 84' lang='lat'>1;</span> <span class='ocrx_word' id='word_1_523' title='bbox 3132 5277 3495 5334; x_wconf 74' lang='lat' dir='ltr'>olomucen..</span> 
     </span>
    </p>
   </div>
   <div class='ocr_carea' id='block_1_8' title="bbox 498 5373 3278 5528">
    <p class='ocr_par' dir='ltr' id='par_1_13' title="bbox 498 5373 3278 5528">
     <span class='ocr_line' id='line_1_43' title="bbox 498 5373 1347 5434; baseline -0.001 -10"><span class='ocrx_word' id='word_1_524' title='bbox 498 5374 530 5424; x_wconf 90' lang='grc'><strong>7</strong></span> <span class='ocrx_word' id='word_1_525' title='bbox 562 5373 704 5433; x_wconf 68' lang='lat' dir='ltr'>iun„</span> <span class='ocrx_word' id='word_1_526' title='bbox 737 5376 770 5425; x_wconf 91' lang='grc'><strong>2</strong></span> <span class='ocrx_word' id='word_1_527' title='bbox 805 5387 937 5434; x_wconf 89' lang='lat' dir='ltr'>aug.</span> <span class='ocrx_word' id='word_1_528' title='bbox 974 5375 1120 5428; x_wconf 88' lang='grc'><strong>1755.</strong></span> <span class='ocrx_word' id='word_1_529' title='bbox 1158 5373 1233 5424; x_wconf 88' lang='lat' dir='ltr'>ad</span> <span class='ocrx_word' id='word_1_530' title='bbox 1267 5375 1347 5424; x_wconf 89' lang='grc'>10.</span> 
     </span>
     <span class='ocr_line' id='line_1_44' title="bbox 678 5458 3278 5528; baseline -0.003 -13"><span class='ocrx_word' id='word_1_531' title='bbox 678 5468 703 5501; x_wconf 88' lang='lat'><strong>⁴</strong></span> <span class='ocrx_word' id='word_1_532' title='bbox 737 5465 852 5516; x_wconf 89' lang='lat' dir='ltr'>Leo</span> <span class='ocrx_word' id='word_1_533' title='bbox 882 5466 1044 5528; x_wconf 86' lang='lat' dir='ltr'>XIII,</span> <span class='ocrx_word' id='word_1_534' title='bbox 1083 5468 1266 5516; x_wconf 85' lang='lat' dir='ltr'>const..</span> <span class='ocrx_word' id='word_1_535' title='bbox 1305 5481 1334 5513; x_wconf 76' lang='grc' dir='ltr'><strong>α</strong></span> <span class='ocrx_word' id='word_1_536' title='bbox 1366 5461 1648 5510; x_wconf 79' lang='lat' dir='ltr'>Conditae</span> <span class='ocrx_word' id='word_1_537' title='bbox 1679 5473 1711 5509; x_wconf 86' lang='grc' dir='ltr'><em>α</em></span> <span class='ocrx_word' id='word_1_538' title='bbox 1754 5458 1990 5510; x_wconf 67' lang='lat' dir='ltr'>Christo</span> <span class='ocrx_word' id='word_1_539' title='bbox 2025 5476 2069 5516; x_wconf 74' lang='grc' dir='ltr'>ι),</span> <span class='ocrx_word' id='word_1_540' title='bbox 2104 5460 2136 5508; x_wconf 85' lang='grc'>8</span> <span class='ocrx_word' id='word_1_541' title='bbox 2166 5460 2287 5510; x_wconf 86' lang='lat' dir='ltr'>dec.</span> <span class='ocrx_word' id='word_1_542' title='bbox 2321 5459 2467 5520; x_wconf 88' lang='grc'><strong>1900,</strong></span> <span class='ocrx_word' id='word_1_543' title='bbox 2504 5460 2529 5519; x_wconf 71' lang='grc'>5</span> <span class='ocrx_word' id='word_1_544' title='bbox 2569 5462 2619 5514; x_wconf 84' lang='grc'><strong>1.</strong></span> <span class='ocrx_word' id='word_1_545' title='bbox 2652 5472 2709 5508; x_wconf 87' lang='lat' dir='ltr'>n.</span> <span class='ocrx_word' id='word_1_546' title='bbox 2744 5459 2842 5518; x_wconf 91' lang='lat' dir='ltr'>Xl,</span> <span class='ocrx_word' id='word_1_547' title='bbox 2873 5458 2899 5519; x_wconf 67' lang='grc' dir='ltr'><strong>ξ</strong></span> <span class='ocrx_word' id='word_1_548' title='bbox 2932 5458 2982 5519; x_wconf 89' lang='grc'>2,</span> <span class='ocrx_word' id='word_1_549' title='bbox 3019 5472 3075 5510; x_wconf 90' lang='lat' dir='ltr'>n.</span> <span class='ocrx_word' id='word_1_550' title='bbox 3110 5458 3278 5510; x_wconf 91' lang='lat' dir='ltr'>VIII.</span> 
     </span>
    </p>
   </div>
  </div>
 </body>
</html>
