3753 5871
520 161 635 221 688
1664 159 1861 212 Gom
1900 158 2062 210 luris
2110 158 2392 211 cauom

532 332 881 392 attentare
925 328 1486 407 praesumpserit,
1523 327 2071 406 indignationem
2088 322 2600 407 omnipotentis
2636 328 2791 407 Dei,
2828 332 2903 393 et
2935 330 3295 393 beatorum
3335 330 3531 393 Petri

505 419 600 499 'et
631 436 834 499 Pauli
872 435 1360 514 Apostolorum
1393 434 1542 497 eius
1575 450 1647 498 se
1676 434 1951 497 noverit
1976 433 2439 497 incursurum.

713 543 973 606 Datum
1005 543 1258 605 Romae
1286 541 1472 621 apud
1503 540 1834 604 Sanctum
1864 542 2149 606 Petrum
2179 558 2365 605 anno
2393 542 2911 606 Incarnationis
2939 542 3349 607 DominIcae
3381 541 3530 606 mil·

530 649 772 713 lesimo
812 649 1328 729 nongentesimo
1361 654 1635 728 quarto,
1671 647 1785 713 die
1820 648 2147 732 vigesima
2183 650 2427 727 quinta
2473 649 2893 730 Decembris,
2929 648 3216 714 Christo
3249 652 3420 714 Iesu
3457 650 3532 713 in

531 757 742 820 terris
785 756 1097 820 nascenti
1135 773 1358 826 sacra.
1399 755 1858 819 Pontificatus
1905 756 2144 820 Nostri
2182 773 2369 819 anno
2403 756 2722 819 secundo.

1791 931 2009 994 PIVs
2043 932 2181 995 PP.
2215 931 2270 993 X

1777 1270 2122 1353 DocUM.
2181 1268 2293 1352 II.

630 1427 1120 1499 constitutio
1171 1426 1292 1495 Pii
1342 1426 1497 1496 ΡΡ.
1528 1426 1598 1496 Χ
1636 1455 1666 1490 ‹
1708 1427 2251 1498 Commissum
2296 1425 2550 1497 Nobis
2585 1453 2646 1509 ι,
2686 1443 2790 1495 20
2836 1426 3176 1495 Ianuarii
3221 1442 3458 1512 1904.

725 1604 1177 1667 Commissum
1208 1603 1446 1682 Nobis,
1480 1603 1625 1665 Deo
1655 1602 1754 1665 sic
1785 1602 2216 1681 disponente,
2247 1601 2607 1664 universae
2638 1599 2988 1664 Ecclesiae
3019 1601 3371 1681 regendae
3402 1618 3537 1663 mu·

536 1729 669 1773 nus
711 1712 890 1775 serio
922 1711 1247 1774 admonet
1277 1714 1360 1773 ut
1394 1727 1521 1789 pro
1562 1710 1826 1773 viribus
1865 1726 2251 1788 caveamus,
2296 1727 2383 1772 ne
2416 1727 2499 1773 ex
2533 1707 2802 1772 alienae
2838 1708 3213 1787 potestatis
3247 1709 3537 1772 incursu

534 1836 619 1881 ea
659 1819 945 1881 libertas
1004 1818 1375 1896 quidquam
1437 1817 1836 1883 detrimenti
1898 1817 2157 1896 capiat,
2201 1834 2337 1895 qua
2377 1815 2704 1879 Christus
2743 1817 2819 1879 in
2861 1833 3219 1881 commune
3283 1817 3536 1879 bonum
3648 1833 3649 1838 ¹

536 1927 759 2004 ipsam
785 1927 1091 2004 donavit,
1127 1942 1461 2004 quamque
1492 1928 1603 1989 tot
1631 1924 1969 2005 evangelii
1999 1942 2393 2004 praecones,
2417 1928 2529 1988 tot
2556 1925 2978 1988 sanctissimi
3009 1925 3409 2004 antistites,
3439 1930 3539 1988 tot

536 2033 850 2095 illustres
893 2033 1298 2096 Decessores
1344 2033 1585 2095 Nostri
1626 2033 1853 2096 verbo.
1902 2033 2207 2112 scriptis,
2251 2032 2470 2097 effuso
2513 2033 2723 2096 etiam
2768 2033 3100 2111 sanguine
3144 2049 3535 2112 propugna·

539 2143 726 2202 runt.
767 2140 1070 2213 Quorum
1097 2139 1427 2218 exemplis
1456 2145 1525 2203 et
1561 2140 1983 2203 auctoritate
2021 2141 2337 2218 permoti,
2369 2140 2488 2202 ubi
2520 2140 2817 2218 primum
2855 2140 3030 2202 hanc
3060 2140 3257 2203 Petri
3289 2140 3535 2203 Cathe-

538 2247 758 2324 dmm,
798 2247 961 2310 licet
993 2247 1316 2324 impares,
1354 2245 1810 2325 ascendimus,
1848 2247 2236 2325 Apostolici
2273 2247 2475 2311 officii
2516 2247 2758 2310 Nostri
2794 2264 2943 2311 esse
2976 2247 3305 2310 duximus
3346 2249 3429 2310 in
3471 2248 3535 2310 id

538 2355 831 2419 maxime
870 2353 1283 2433 incumbere,
1330 2357 1410 2416 ut
1446 2354 1594 2417 vita
1625 2352 1975 2417 Ecclesiae
2009 2354 2222 2417 libere
2265 2355 2540 2417 omnino
2575 2354 2980 2434 explicetur,
3027 2356 3215 2417 omni
3251 2360 3539 2419 externo

539 2462 929 2525 interventu
962 2465 1247 2540 remoto,
1284 2464 1495 2540 prout
1525 2461 1746 2539 ipsam
1778 2461 1996 2525 evolvi
2029 2462 2307 2525 divinus
2336 2463 2719 2526 Institutor
2748 2464 2991 2541 voluit,
3024 2468 3238 2541 atque
3269 2464 3538 2527 excelsa

533 2570 686 2631 eius
721 2569 959 2631 missio
990 2569 1264 2630 omnino
1303 2568 1616 2646 requirit.

724 2678 899 2754 Iam,
939 2677 997 2738 si
1035 2693 1171 2754 qua
1206 2679 1314 2739 est
1349 2677 1421 2737 in
1458 2676 1806 2739 Ecclesiae
1844 2675 1989 2738 vita
2029 2676 2300 2738 functio
2338 2693 2511 2753 quae
2548 2677 2938 2739 huiusmodi
2985 2677 3389 2743 libertatem
3431 2696 3534 2757 po·

538 2785 756 2847 stulet
778 2785 1094 2862 maxime,
1117 2784 1247 2846 illa
1270 2783 1580 2862 profecto
1606 2784 1944 2847 censenda
1966 2782 2160 2861 talis,
2191 2800 2366 2861 quae
2393 2784 2469 2846 in
2500 2785 2791 2847 Romani
2814 2784 3183 2847 Pontificis
3201 2785 3536 2848 electione

538 2894 873 2968 versatum
912 2890 1245 2970 siquidem
1282 2890 1501 2965 salvos,
1543 2905 1684 2952 non
1719 2890 1929 2952 unius
1966 2890 2278 2967 membri,
2322 2892 2443 2954 scd
2484 2890 2701 2953 totius
2737 2891 3044 2969 corporis
3079 2890 3353 2970 cyitwr,
3390 2908 3534 2954 oum

534 3000 621 3060 de
651 2998 878 3075 capite
909 2998 1299 3059 consulitur
1340 2999 1388 3060 ².

721 3105 904 3168 Huic
950 3107 1192 3183 plenae
1236 3106 1548 3169 libertati
1595 3106 1668 3167 in
1719 3105 1997 3169 Summo
2041 3106 2331 3170 Pastore
2375 3106 2689 3186 eligendo
2738 3107 3113 3184 opponitur
3165 3108 3244 3168 in
3294 3108 3535 3186 primis

533 3212 735 3276 civile
776 3211 951 3275 illud
1011 3211 1207 3289 Veto,
1249 3230 1293 3275 a
1347 3213 1684 3292 supremis
1728 3212 2218 3276 nonnullarum
2262 3213 2623 3276 civitatum
2668 3212 3051 3276 rectoribus
3095 3214 3285 3277 haud
3332 3216 3534 3278 semel

537 3319 910 3399 prolatum,
938 3337 1071 3398 quo
1099 3324 1417 3383 tentatur
1449 3320 1717 3384 aditum
1743 3321 1833 3384 ad
1872 3319 2279 3399 Supremam
2306 3320 2798 3383 Pontificatum
2825 3321 3037 3383 alicui
3066 3320 3533 3399 praecludere.

539 3428 623 3490 Id
657 3428 715 3489 si
747 3426 1116 3504 aliquoties
1153 3427 1432 3506 accidit,
1467 3427 1909 3506 Apostolicae
1938 3432 2170 3491 tamen
2207 3426 2369 3490 sedi
2409 3428 2772 3507 probatum
2805 3431 2913 3491 est
2942 3445 3322 3507 nunquam.
3358 3429 3535 3503 Quin

530 3534 747 3597 etiam
783 3534 1073 3597 Romani
1105 3533 1498 3612 Pontifices,
1540 3534 1612 3595 in
1643 3535 1734 3596 iis
1763 3551 1937 3612 quae
1966 3535 2052 3597 de
2080 3534 2391 3598 habendo
2421 3533 2746 3598 conclavi
2783 3536 3328 3614 constituerunt,
3365 3536 3533 3598 nihil

539 3659 754 3721 paene
796 3642 1056 3704 maiore
1106 3642 1545 3704 contentione
1599 3641 1913 3704 studiove
1954 3641 2186 3704 conati
2232 3645 2420 3720 sunt,
2477 3658 2679 3719 quam
2726 3646 2808 3705 ut
2857 3645 3183 3706 externae
3232 3643 3536 3705 cuiusvis

539 3749 908 3827 potestatis
942 3749 1404 3811 interventum
1439 3766 1480 3810 a
1519 3765 1715 3811 sacro
1758 3747 2236 3811 Cardinalium
2276 3749 2534 3811 Senatu
2580 3749 2671 3811 ad
2708 3750 3110 3812 Pontificem
3147 3747 3534 3829 eligendum

539 3859 778 3919 vocato
838 3855 1347 3934 propulsarent.
1403 3855 1569 3918 Rem
1619 3857 1825 3934 plane
1872 3854 2233 3919 declarant
2291 3854 2842 3920 constitutiones
2894 3876 2930 3915 c<
2977 3856 3067 3916 In
3114 3853 3460 3932 eligendis
3502 3878 3533 3915 n

538 3963 648 4025 Pii
694 3963 816 4039 IV;
853 3998 871 4009 -
922 3983 955 4022 c<
992 3962 1278 4023 Aeterni
1309 3962 1547 4024 Patris
1582 3984 1616 4023 »
1654 3962 1970 4041 Gregorii
2007 3963 2143 4039 XV3
2183 3998 2202 4010 ·
2245 3983 2281 4022 c<
2325 3962 2780 4039 Apostolatus
2816 3962 3109 4041 officium
3152 3985 3188 4023 n
3231 3963 3531 4028 Clemen-

532 4070 633 4133 tis
670 4071 826 4146 XII3
858 4070 932 4131 in
967 4069 1341 4148 primisque
1372 4070 1481 4131 Pii
1523 4070 1639 4149 IX,
1677 4089 1712 4130 «
1744 4070 1833 4130 In
1864 4070 1994 4131 hac
2022 4069 2302 4130 sublimi
2333 4091 2367 4130 »
2405 4105 2423 4116 -
2462 4091 2496 4130 α
2537 4068 2726 4130 Licet
2758 4083 2882 4145 per
2919 4068 3371 4145 Apostolioas
3394 4093 3431 4131 ι
3472 4076 3533 4134 et

533 4196 576 4237 ι(
612 4175 1019 4238 Consulum·
1048 4198 1107 4238 ».

721 4285 1001 4362 Verum,
1050 4282 1595 4361 quandoquidem
1644 4288 1717 4347 et
1761 4284 2187 4363 experientia
2242 4283 2575 4362 docuerit,
2636 4285 2970 4347 hactenus
3013 4285 3413 4349 constituta
3458 4285 3535 4348 ad

531 4391 1042 4471 impediendum
1072 4390 1274 4454 civile
1304 4389 1503 4467 Vota,
1532 4408 1650 4454 seu
1681 4389 2121 4452 Herulus-ivam
2150 4401 2288 4454 non
2325 4392 2430 4454 ita
2458 4392 2637 4454 votis
2675 4391 3134 4470 respondisse,
3167 4396 3245 4454 et
3276 4394 3368 4455 ob
3405 4410 3533 4455 mu·

532 4502 694 4562 tata
735 4503 1116 4577 temporum
1159 4497 1489 4560 adiuncta
1528 4498 1921 4560 huiusmodi
1960 4498 2185 4561 civilis
2232 4499 2601 4577 potestatis
2638 4498 2982 4562 immixtio
3017 4503 3270 4562 nostra
3316 4505 3535 4565 aetate

533 4606 758 4669 multo
782 4606 1099 4668 videa-tur
1121 4606 1345 4684 magis
1368 4606 1551 4666 omni
1580 4605 1879 4668 rationis
1903 4610 1976 4669 et
1997 4605 2374 4684 aequitatis
2400 4605 2853 4668 fundamento
2884 4605 3254 4686 destituta,
3286 4608 3534 4671 idcirco

539 4713 704 4792 Nos,
747 4730 873 4791 pro
918 4713 1319 4791 Apostolico
1357 4711 1573 4775 Nobis
1611 4713 1973 4776 commisso
2009 4729 2311 4790 munere,
2360 4716 2434 4776 et
2469 4713 3077 4776 Praedecessorum
3122 4713 3533 4778 Nostrorum

536 4820 849 4898 vestigiis
892 4820 1353 4899 inhaerentes,
1400 4837 1474 4883 re
1515 4823 1788 4883 mature
1829 4820 2235 4897 deliberata,
2283 4823 2473 4883 certa
2529 4819 2823 4883 scientia
2863 4825 2936 4884 et
2989 4821 3284 4899 proprio
3330 4828 3531 4897 motu,

533 4927 739 4990 civile
790 4926 990 5001 Veto,
1028 4926 1170 4990 sive
1209 4925 1675 5002 Emolusimm,
1725 4944 1930 5005 quam
1980 4928 2245 5006 dicunt,
2291 4927 2501 4990 etiam
2543 4929 2670 4991 sub
2720 4928 2943 4990 forma
2988 4927 3341 5007 simplicis
3379 4929 3531 4994 desi·

539 5034 738 5113 derii‚
774 5036 1073 5112 itemque
1097 5051 1330 5097 omnes
1356 5035 1810 5114 interventus,
1839 5034 2368 5099 intercessiones
2391 5035 2737 5113 quaslibet
2761 5035 3037 5097 omnino
3063 5038 3529 5115 reprobamus.

536 5144 883 5206 edicentes
917 5142 1121 5205 licere
1162 5142 1443 5216 nemini,
1481 5160 1566 5206 ne
1601 5143 1941 5220 supremis
1974 5143 2244 5223 quidem
2289 5143 2649 5206 civitatum
2687 5139 3270 5221 moderatoribus,
3311 5144 3531 5224 quovis

725 5306 740 5334 ¹
772 5302 939 5370 Greg.
973 5301 1072 5354 XV
1103 5301 1295 5356 Const.
1335 5320 1362 5349 ι
1383 5301 1624 5355 Aeterni
1653 5300 1863 5355 Patris
1884 5322 1910 5348 »
1945 5304 2005 5355 in
2039 5314 2286 5369 prooem.
