3753 5871
529 267 639 326 576
1675 269 1873 321 Οοόοδ
1913 269 1940 320 1
1945 270 2074 321 urle
2122 269 2405 321 Gonoud

1799 504 1978 571 cm.
2024 504 2228 572 2123.

712 643 865 711 Pro
898 645 1465 730 congregatione
1500 647 1829 731 generali
1874 649 2262 715 serventur
2297 649 2762 733 praescripta
2805 667 2973 716 can.
3011 649 3219 733 2113,
3262 649 3460 716 2114.

1811 840 1991 908 cm.
2039 840 2237 908 2124.

711 981 746 1063 ξ
793 984 860 1049 1.
909 982 1092 1050 Post
1127 984 1504 1051 decretum
1542 983 2107 1068 approbationis
2146 983 2675 1051 miraculorum
2716 1002 2906 1051 nova
2952 983 3118 1052 fieri
3153 984 3385 1052 debet
3429 1003 3535 1052 co-

532 1106 691 1155 ram
736 1090 1039 1158 Summo
1081 1089 1442 1159 Pontiflce
1481 1091 1928 1175 disceptatio
1969 1110 2193 1176 super
2234 1091 2504 1160 dubio:
2556 1091 2677 1158 An
2732 1093 2896 1161 tuto
2936 1093 3249 1176 procedi
3300 1092 3535 1175 possit

529 1199 627 1262 ad
675 1195 1289 1278 beatificationem
1325 1195 1540 1265 Servi
1584 1196 1749 1264 Dei.

708 1303 742 1385 ξ
788 1303 855 1370 2.
906 1304 1018 1373 De
1062 1306 1224 1390 hac,
1263 1306 1527 1374 audita
1560 1308 2071 1375 consultorum
2108 1312 2184 1375 et
2221 1307 2534 1376 Patrum
2572 1307 3088 1376 cardinalium
3129 1309 3539 1386 sententia,

528 1409 879 1479 Pontifex
915 1413 1272 1497 decernit,
1327 1414 1480 1499 qui.
1523 1432 1692 1482 cum
1731 1415 2077 1498 voluerit,
2125 1414 2500 1483 decretum
2542 1414 2679 1482 hac
2729 1415 2823 1484 de
2863 1434 2941 1482 re
2988 1414 3541 1484 conficiendum

526 1524 601 1586 et
633 1519 1253 1605 promulgandum
1288 1500 1555 1589 iubet.‘

1555 1781 1558 1783 ’
1671 1822 2100 1891 munus
2148 1823 2357 1889 xxv,

1186 1986 1288 2052 De
1334 2002 1664 2070 processu
1721 1986 2261 2054 beatificatiouIs
2306 1982 2688 2054 Servorum
2733 1986 2861 2095 Dei

1370 2127 1498 2194 per
1528 2110 1712 2176 viam
1744 2109 1978 2177 cultus
2009 2127 2134 2176 seu
2163 2127 2363 2177 casus
2393 2110 2692 2194 excepti.
2782 2096 2799 2105 ”

1803 2299 1984 2367 cm.
2031 2298 2229 2367 2125.

702 2446 736 2528 ξ
785 2448 851 2511 1.
904 2445 1054 2513 Pro
1103 2444 1353 2512 Servis
1400 2444 1566 2526 Dei,
1627 2444 1754 2527 qui
1800 2446 1972 2528 post
2016 2441 2534 2527 pontificatum
2582 2443 2992 2511 Alexandri
3036 2444 3167 2511 111
3231 2450 3321 2514 et
3367 2453 3537 2513 ante

522 2557 814 2637 tempus
840 2571 889 2619 a
911 2552 1447 2620 constitutione
1478 2551 1915 2620 Urbaniana
1939 2550 2348 2635 praefixum
2383 2569 2473 2618 ex
2509 2544 2913 2620 tolerantia
2935 2552 3231 2620 cultum
3262 2554 3532 2621 habue-

524 2662 728 2742 runt,
778 2660 932 2743 peti
970 2664 1214 2743 potest
1255 2659 1576 2744 positiva
1612 2659 2059 2743 approbatio
2094 2659 2413 2726 Romani
2461 2658 2871 2727 Pontificis.

702 2767 736 2848 ξ
783 2766 850 2832 2.
898 2766 1017 2833 Ad
1065 2765 1202 2833 hoc
1243 2770 1492 2835 autem
1552 2767 1963 2852 requiritur
2019 2785 2405 2851 processus
2451 2765 2546 2834 ad
2598 2785 2929 2835 normam
2974 2785 3358 2836 canonum
3411 2771 3531 2854 qui

521 2877 955 2958 sequuntur.

1783 2999 1961 3068 cAN.
2010 2998 2206 3066 2126.

695 3143 1141 3212 Ordinarius
1177 3145 1599 3225 competens
1646 3141 1742 3210 ad
1782 3143 1978 3210 hunc
2019 3160 2440 3227 processum
2480 3141 2998 3210 instruendum
3037 3145 3153 3210 est
3206 3142 3519 3210 Ordina-

520 3251 677 3317 rius
715 3252 861 3318 loci
901 3251 1027 3317 ubi
1063 3252 1313 3318 cultus
1363 3253 1791 3334 praestatur
1837 3251 1955 3317 vel
1991 3251 2434 3318 documenta
2471 3250 2724 3317 cultus
2763 3250 3268 3335 reperiuntur,
3318 3251 3521 3318 salvo

516 3359 679 3425 iure
720 3358 1268 3442 praeventionis
1303 3359 1367 3425 si
1401 3358 1822 3426 istiusmodi
1861 3358 2246 3426 Ordinarii
2279 3359 2532 3443 plures
2575 3358 2752 3426 sint.

1781 3533 1958 3600 CAN.
2016 3533 2213 3599 2127.

689 3674 804 3741 Ad
849 3692 1101 3758 preces
1141 3672 1630 3757 postulator-is
1660 3672 2117 3739 ‘Ordinarius
2166 3671 2425 3739 debet:

778 3784 877 3847 1.⁰
923 3781 1225 3864 Scripta
1268 3779 1478 3849 Servi
1530 3780 1670 3848 Dei
1713 3780 2159 3865 perquirere3

773 3888 872 3955 2.⁰
916 3888 1350 3956 Processum
1381 3890 1752 3956 instruere
1786 3907 2009 3973 super
2037 3889 2239 3955 fama
2271 3888 2700 3955 sanctitatis
2733 3888 2956 3970 vitae,
2991 3888 3366 3955 virtutum
3405 3891 3520 3957 vel

515 3999 858 4084 martyrii
901 4001 979 4066 et
1020 3997 1574 4075 miraculorum,
1625 4016 1768 4081 quo
1824 3997 2360 4081 respondeatur
2414 3997 3014 4081 quaestionibus:
3067 4014 3169 4063 an
3214 3998 3301 4063 in
3361 3997 3519 4062 loco

513 4108 615 4172 sit
645 4111 994 4174 constans
1031 4111 1106 4173 et
1135 4106 1542 4173 com-munis
1571 4107 1780 4189 sama
1810 4111 1884 4173 et
1912 4106 2295 4190 persuasio
2330 4109 2418 4172 de
2448 4109 2711 4173 sancta
2749 4104 2963 4173 Servi
2994 4104 3136 4172 Dei
3164 4106 3246 4171 in
3294 4110 3518 4174 terris

514 4214 1068 4281 conversatione
1102 4217 1218 4280 vel
1248 4218 1337 4281 de
1368 4215 1526 4282 eius
1554 4215 1916 4298 naar-tyrio
1952 4219 2025 4281 et
2055 4214 2400 4298 martyrii
2431 4232 2655 4282 causa
2693 4231 2976 4280 necnon
3004 4216 3095 4280 de
3124 4214 3517 4282 miraculis

511 4325 608 4389 ad
633 4323 791 4388 eius
812 4323 1413 4390 intercessionem
1439 4323 1788 4408 patratis,-
1809 4341 1909 4388 an
1940 4322 2211 4388 ibidem
2236 4325 2325 4389 de
2351 4323 2727 4407 praesenti
2749 4323 2997 4408 viyeat
3026 4323 3271 4408 ipsius
3298 4321 3514 4392 Sem·

513 4427 653 4496 Dei
683 4431 931 4497 cultus
969 4437 1043 4498 et
1074 4431 1342 4515 quibus
1374 4430 1742 4514 obsequiis
1774 4428 2051 4497 Servus
2091 4429 2232 4497 Dei
2266 4432 2671 4498 honoretur
2710 4428 2759 4497 ².

1784 4607 1963 4675 cm.
2017 4607 2212 4675 2128.

689 4748 834 4816 His
891 4752 1229 4818 omnibus
1293 4750 1390 4818 ad
1451 4719 1753 4818 Sacram
1822 4751 2481 4836 congregationem
2543 4752 3005 4819 transmissis
3039 4752 3139 4820 ad
3177 4771 3507 4821 normam

509 4876 674 4925 can.
710 4857 905 4923 2061-
911 4858 1107 4941 2063,
1134 4860 1486 4927 dubium:
1523 4859 1643 4924 An
1669 4859 2035 4943 siquando,
2061 4859 2161 4927 sit
2190 4860 2602 4927 commissio
2629 4859 3211 4928 introductionis
3244 4879 3507 4929 caune

511 4966 588 5033 in
632 4967 1201 5051 congregatione
1242 4945 1625 5034 ordinaria
1665 4967 2111 5035 discussioni
2157 4969 2468 5036 Patrum
2521 4966 3035 5036 cardinalium
3084 4969 3502 5052 subiicitur,

516 5074 879 5142 referente
929 5073 1314 5141 Cardinali
1358 5073 1756 5184 Ponente²

694 5338 812 5391 ¹.S
848 5337 917 5390 R.
951 5339 1038 5400 c..
1071 5338 1225 5391 decr.
1260 5350 1388 5400 gen.
1428 5338 1646 5390 22dec.
1681 5338 1828 5400 1870,
1863 5352 1920 5390 ιι.
1968 5340 2014 5400 1;
2047 5339 2201 5390 decr.
2247 5340 2476 5391 llnov.
2514 5338 2659 5399 1012,
2694 5352 2750 5390 ιι.
2784 5341 2832 5390 1.

681 5429 812 5481 S.
848 5430 916 5479 R.
1020 5429 1221 5494 ,.decr
1261 5431 1324 5480 11
1352 5441 1483 5480 nov.
1516 5429 1662 5487 1912,
1694 5442 1750 5480 ιι.
1782 5431 1829 5480 1.
