3753 5871
588 140 697 199 674
1728 140 1924 190 Gom
1963 139 1994 189 1
1998 140 2124 189 uris
2173 138 2454 190 canonici

776 329 877 390 55.
915 328 1193 388 Primus
1226 326 1467 388 modus
1501 328 1630 403 est,
1669 323 1787 403 qui
1822 323 2022 402 quasi
2058 338 2180 399 per
2222 321 2747 398 inspirationem
2794 325 3104 401 vocatur,
3144 323 3430 400 quando
3459 324 3563 385 sci·

593 435 757 498 licet
794 452 1026 497 omnes
1074 434 1504 511 cardinales,
1555 433 1754 512 quasi
1796 432 2007 494 afflati
2053 432 2322 510 Spiritu
2366 431 2645 510 Sancto,
2691 430 2987 509 aliquem
3039 432 3470 494 unanimiter
3510 436 3569 493 et

594 544 748 604 viva
789 560 948 605 voce
991 543 1340 604 Summum
1386 540 1786 604 Pontificem
1830 540 2282 618 proclamant3
2324 519 2527 601 circa'
2551 556 2747 618 quem
2799 540 3073 610 modum
3126 540 3573 618 infrascripta

591 650 899 713 notanda
933 653 1118 712 sunt.

775 757 1106 834 Primum,
1146 758 1309 819 haec
1346 757 1570 819 forma
1605 755 1961 818 electionis
1998 755 2308 818 adhiberi
2347 759 2577 834 potest
2611 754 2831 817 solum
2876 756 2952 817 in
2996 754 3363 834 conclavi,
3401 761 3476 818 et
3513 774 3575 818 eo

593 867 849 929 clauso.
911 865 1245 943 Secunde,
1294 866 1496 928 debet
1538 865 1688 926 fieri
1731 864 1976 927 electio
2022 864 2391 927 secundum
2447 864 2621 925 banc
2665 863 2955 925 formam
3011 864 3098 925 ab
3152 864 3485 926 omnibus
3522 871 3577 926 et

593 973 885 1053 singulis
915 972 1403 1035 cardinalibus
1435 973 1505 1033 in
1539 970 1862 1035 conclavi
1898 971 2397 1050 praesentibus,
2432 972 2642 1034 etiam
2674 971 2789 1050 iis,
2830 972 2947 1050 qui
2990 971 3073 1033 ob
3105 971 3575 1034 infirmitatem

590 1084 663 1143 in
692 1083 885 1145 cellis
904 1082 1323 1145 detinentur.
1355 1081 1609 1159 Tertio,
1635 1080 2110 1158 communiter,
2137 1083 2211 1142 et
2232 1080 2499 1142 nemine
2523 1096 2757 1141 eorum
2787 1079 3266 1142 dissentiente.
3298 1080 3575 1154 Quarto.

588 1189 782 1251 nullo
820 1188 1263 1266 praecedente
1297 1188 1382 1250 de
1413 1205 1702 1265 persona
1735 1187 2018 1266 speciali
2052 1190 2387 1265 tractatu,
2432 1204 2553 1265 per
2583 1188 2860 1250 verbum
2903 1207 2937 1246 «
2971 1187 3147 1264 eliyo
3183 1208 3222 1247 »
3261 1187 3574 1266 intelligi-

591 1297 725 1360 bile
755 1314 914 1359 voce
945 1296 1315 1375 prolatum,
1348 1300 1473 1358 aut
1511 1296 1772 1374 scripto
1802 1313 2221 1374 expressum,
2258 1296 2315 1357 si
2351 1313 2510 1358 voce
2549 1312 2684 1357 non
2717 1295 2939 1374 possit
2979 1297 3309 1374 proferri.
3356 1298 3575 1358 Exem-

591 1406 776 1482 plum
806 1408 1035 1466 autem
1066 1404 1294 1481 huiuS,
1335 1407 1560 1480 potest
1586 1421 1736 1466 esse
1763 1403 2175 1466 huiusmodi.
2214 1403 2289 1490 Si
2319 1403 2474 1482 quis
2508 1421 2546 1466 e
2574 1404 2925 1481 PatribuS,
2963 1402 3204 1466 clauso
3233 1402 3574 1479 Conduxi.

590 1512 804 1590 nullo,
863 1517 942 1575 ut
988 1512 1402 1589 praefertur,
1452 1512 1897 1589 praecedente
1942 1511 2223 1590 speciali
2269 1516 2607 1590 tractatu,
2655 1511 2951 1579 diceret:
3007 1512 3574 1574 Reverendiffiimi

588 1620 890 1697 Domini,
931 1624 1285 1697 perspecta
1316 1620 1653 1698 singulari
1685 1600 1943 1682 virtute
1970 1625 2043 1684 et
2069 1621 2413 1698 probitate
2452 1620 3022 1683 Reverendissimi
3051 1620 3141 1682 D.
3174 1620 3300 1697 N„
3332 1621 3573 1682 iudica-

593 1746 732 1791 rem
765 1727 960 1789 illum
991 1727 1374 1806 eligendum
1411 1746 1557 1790 esse
1593 1728 1663 1789 in
1705 1729 2055 1789 Summum
2086 1728 2512 1806 Pontificem,
2546 1732 2618 1790 et
2653 1746 2735 1791 ex
2772 1745 2952 1789 nunc
2982 1745 3108 1806 ego
3142 1728 3388 1806 ipsum
3423 1727 3576 1805 eligo

587 1838 662 1897 iu
717 1837 999 1915 Papam.
1036 1837 1312 1918 ,Deinde
1367 1837 1489 1898 hoc
1536 1836 1802 1913 audit0,
1860 1836 1920 1898 si
1968 1836 2177 1899 ceteri
2224 1837 2494 1913 PatreS,
2542 1836 2812 1899 nemine
2854 1839 3160 1914 excepto,
3225 1845 3573 1913 sequent&

589 1943 792 2021 primi
832 1944 1241 2006 sententiam
1280 1944 1509 2005 eodem
1549 1945 1751 2005 verbo
1793 1965 1825 2002 «
1866 1943 2040 2020 eliyo
2089 1965 2122 2003 »
2165 1943 2587 2021 intelligibili
2628 1961 2785 2005 voce
2825 1942 3121 2021 prolato,
3163 1948 3302 2005 aut
3353 1945 3415 2005 si
3458 1961 3571 2005 non

589 2055 839 2128 potest,
897 2052 969 2111 in
1013 2051 1294 2129 scriptis
1347 2069 1691 2128 expressO,
1741 2051 2046 2114 eumdem
2104 2052 2217 2127 Ν.,
2267 2053 2351 2114 de
2396 2068 2529 2130 quo
2571 2050 2810 2113 nullus
2853 2050 3175 2129 specialis
3232 2056 3573 2114 tractatus

589 2158 982 2236 praecessit,
1017 2159 1468 2221 communiter
1498 2159 1852 2237 eligerent,
1887 2160 2033 2236 ipse
2066 2160 2149 2220 N.
2184 2164 2365 2222 esset
2400 2160 2726 2221 canonice
2758 2157 3016 2221 electus
3043 2162 3119 2222 et
3148 2175 3366 2221 verus
3402 2159 3573 2236 Papa

588 2266 955 2326 seeundum
990 2266 1162 2327 hanc
1193 2264 1548 2328 electionis
1580 2267 1895 2344 formam,
1925 2284 2097 2344 quae
2129 2267 2389 2329 dicitur
2416 2283 2539 2344 per
2563 2267 3111 2343 inspirationem.

747 2373 847 2433 56.
901 2372 1253 2435 Secundus
1298 2374 1539 2435 modus
1590 2383 1698 2436 est
1740 2391 1863 2450 per
1907 2374 2493 2449 compromissum,
2536 2375 2808 2452 quando
2865 2374 3128 2436 scilicet
3169 2372 3576 2435 Gardimles

586 2480 674 2541 ad
717 2478 1112 2542 electionem
1161 2498 1283 2558 per
1333 2482 1505 2543 lianc
1548 2481 1838 2542 formam
1894 2499 2010 2544 seu
2059 2483 2235 2543 viam
2292 2482 2653 2559 procedere
2695 2481 3020 2560 volentes,
3064 2481 3575 2544 committerent

585 2585 931 2664 aliquibus
969 2606 1050 2650 ex
1093 2588 1421 2650 Patribus
1459 2587 1753 2667 eligendi
1795 2592 2231 2668 potestatem,
2275 2596 2357 2652 ut
2403 2589 2547 2652 vice
2586 2589 2887 2652 omnium
2928 2589 3285 2651 Ecclesiae
3335 2587 3575 2651 Catho-

587 2695 759 2756 licae
790 2694 1196 2770 provideant
1222 2696 1307 2757 de
1335 2695 1645 2772 Pastore,
1678 2696 1876 2757 cuius
1910 2698 2171 2759 formae
2208 2697 2445 2774 praxis
2473 2698 2674 2759 debet
2709 2714 2856 2759 esse
2887 2696 3309 2760 huiusmodi.
3358 2697 3579 2757 Primo

589 2820 820 2866 omnes
849 2808 921 2866 et
957 2804 1213 2882 singuli
1245 2803 1652 2868 cardinales
1688 2806 1759 2866 in
1790 2805 2113 2868 conclavi
2146 2804 2381 2867 clauso
2418 2808 2837 2882 praesenteS,
2876 2803 3145 2867 nemine
3175 2821 3431 2866 eorum
3464 2805 3578 2866 dis-

585 2911 947 2989 sentiente,
984 2912 1056 2973 in
1099 2911 1367 2990 aliquos
1399 2931 1477 2975 ex
1522 2913 1849 2976 Patribus
1894 2913 1966 2991 (i.
2006 2931 2062 2977 e.
2109 2913 2181 2974 in
2214 2918 2360 2976 tres
2392 2912 2494 2975 vel
2537 2912 2832 2990 quinque
2866 2911 2970 2975 vel
3006 2915 3301 2992 septem,
3338 2930 3485 2976 non
3517 2917 3575 2975 in

586 3022 914 3084 minorem
968 3023 1068 3083 vel
1124 3023 1447 3085 maiorem
1504 3025 1882 3100 numerum)
1929 3023 2488 3100 compromissum
2534 3022 2829 3098 faciunt,
2884 3021 3175 3098 exempli
3236 3023 3483 3099 gratia
3524 3024 3578 3082 in

584 3129 758 3190 hanc
799 3129 1130 3190 formam:
1177 3150 1209 3188 «
1249 3131 1333 3191 In
1374 3130 1645 3192 nomine
1678 3129 1952 3191 Domini
1999 3130 2237 3192 Amen.
2278 3130 2477 3191 Anno
2511 3133 2640 3193 etc.
2680 3146 2909 3192 mense
2945 3132 3075 3192 etc.
3116 3129 3234 3191 die
3270 3134 3413 3193 etc.
3453 3131 3579 3191 Nos

588 3238 937 3315 Episcopi,
974 3238 1366 3316 Presbyteri
1404 3242 1475 3300 et
1512 3238 1801 3300 Diaconi
1838 3239 1908 3299 S.
1944 3239 2024 3299 R.
2068 3239 2148 3300 Ε.
2186 3236 2592 3300 Cardinales
2630 3256 2861 3301 omnes
2891 3242 2964 3301 et
2993 3237 3258 3314 singuli
3301 3239 3381 3298 in
3424 3238 3577 3300 Qn-

581 3345 757 3406 clavi
790 3345 1188 3424 existenteS,
1221 3345 1539 3409 videlicet
1575 3346 1659 3407 N.
1702 3344 1786 3408 N.
1829 3348 1927 3424 (et
1963 3344 2370 3425 singillatim
2405 3363 2636 3408 omnes
2666 3345 3108 3437 nominentur
3138 3344 3572 3408 Cardinales}

586 3454 935 3532 elegimus,
972 3458 1044 3516 et
1073 3454 1390 3532 eligimus
1431 3473 1553 3532 per
1592 3456 1768 3515 viam
1811 3454 2173 3531 procedere
2213 3454 2708 3531 compromissi,
2752 3458 2825 3517 et
2858 3453 3292 3516 unanimiter
3324 3459 3401 3517 et
3442 3471 3576 3516 con·

484 3644 491 3652 .
580 3561 904 3638 corditer,
948 3562 1216 3624 nemine
1265 3562 1721 3638 discrepante,
1775 3560 2094 3640 eligimus
2134 3561 2768 3639 compromissarios
2812 3561 2894 3622 Ν.
2952 3561 3039 3623 Ν.
3085 3565 3162 3623 et
3200 3560 3297 3622 N.
3346 3561 3572 3623 Cardi-

580 3669 775 3730 na-les
819 3672 979 3746 etc.,
1028 3669 1277 3746 quibus
1345 3669 1586 3730 damus
1657 3667 2036 3746 plenariam
2105 3671 2510 3732 facultatem
2569 3673 2641 3733 et
2687 3671 3099 3747 potestatem
3169 3668 3572 3747 providendi

583 3776 652 3837 S.
688 3777 768 3837 R.
809 3777 889 3838 Ε.
925 3777 1010 3840 de
1037 3777 1484 3839 Pastoreasub
1521 3777 1646 3840 bac
1673 3779 1901 3839 forma
1926 3777 2245 3840 videlicet
2272 3798 2330 3840 ».
2378 3777 2539 3854 (Hie
2567 3794 2838 3839 necesse
2865 3776 3024 3853 erit,
3055 3779 3140 3837 ut
3165 3774 3575 3838 Cardinales

580 3883 1231 3960 compromittentes
1267 3885 1656 3961 exprimant
1690 3886 1962 3947 modum
2000 3889 2072 3947 et
2108 3886 2422 3959 formam,
2463 3884 2831 3946 secundum
2877 3899 3079 3960 quam
3117 3880 3572 3961 Compi-omis

581 3991 748 4053 sarii
776 3992 1024 4054 debent
1047 3991 1318 4070 eligere,
1353 3997 1422 4055 et
1456 3994 1824 4055 secundum
1853 4010 2054 4071 quam
2086 3992 2345 4056 electus
2377 3993 2576 4054 debet
2602 3990 2863 4054 censeri
2889 4007 3090 4052 verus
3122 3995 3198 4052 et
3225 3988 3576 4069 legitimus

580 4099 795 4175 Papa,
834 4104 911 4161 ut
948 4103 1116 4176 puta
1153 4101 1208 4161 si
1246 4100 1443 4163 electi
1482 4100 1624 4163 sint
1666 4105 1811 4164 tres
1844 4100 2465 4178 compromissarii,
2506 4098 2990 4162 declarandum
3035 4102 3146 4160 est
3182 4114 3283 4159 an
3324 4100 3420 4161 ad
3466 4100 3576 4160 11oe

579 4211 661 4269 ut
690 4206 931 4267 electio
959 4207 1052 4269 sit
1077 4207 1329 4283 valida,
1367 4208 1561 4285 prius
1588 4225 1964 4286 proponere
1992 4208 2286 4270 debeant
2319 4206 2532 4269 Sacro
2558 4205 2862 4285 collegio
2889 4221 3255 4284 personam
3292 4207 3389 4268 ab
3418 4206 3579 4285 ipsis

578 4313 1062 4375 nominandam
1100 4315 1187 4375 ad
1234 4314 1748 4391 Pontificatum,
1784 4332 1873 4376 an
1921 4331 2078 4378 vero
2113 4313 2428 4377 absolute
2464 4314 2754 4376 debeant
2789 4313 3189 4383 electionem
3228 4328 3580 4393 peragere;

579 4438 667 4482 an
717 4438 948 4483 omnes
988 4426 1134 4484 tres
1171 4421 1462 4483 debeant
1508 4422 1868 4486 convenire
1902 4423 1975 4482 in
2015 4439 2220 4483 unam
2271 4438 2651 4499 personam
2690 4437 2781 4483 an
2821 4438 2982 4483 vero
3028 4419 3365 4499 sufficiat,
3407 4420 3583 4501 quod

580 4528 717 4590 duo
759 4530 832 4590 in
879 4517 1084 4591 unam
1129 4529 1565 4605 concordent,
1610 4535 1684 4593 et
1725 4546 1815 4592 an
1872 4531 2164 4593 debeant
2209 4529 2560 4592 nominare
2606 4527 2901 4606 aliquem
2958 4528 3044 4589 de
3085 4524 3439 4607 collegio,
3488 4527 3576 4589 vel

578 4637 784 4697 etiam
825 4634 1118 4713 aliquem
1154 4640 1352 4698 extra
1384 4610 1786 4715 collegium,
1827 4641 1896 4700 et
1928 4637 2067 4699 alia
2100 4639 2208 4700 his
2247 4636 2553 4714 similia).
2591 4636 2724 4697 His
2755 4638 3009 4711 autem,
3051 4633 3159 4697 vel
3191 4634 3369 4697 aliis
3403 4637 3569 4697 sinl-

579 4743 761 4804 libus
797 4744 1162 4821 expressi8,
1203 4742 1366 4805 addi
1407 4746 1892 4822 compromisso
1932 4746 2129 4808 debet
2168 4749 2462 4822 tempus,
2513 4744 2600 4805 ad
2641 4742 2819 4820 quod
2863 4759 3077 4819 usque
3122 4742 3385 4805 volunt
3422 4741 3569 4804 Car·

576 4850 843 4913 dinales
890 4854 1300 4929 potestatem
1346 4850 1996 4930 Compromissarios
2032 4852 2278 4914 babere
2314 4850 2633 4931 eligendi,
2671 4855 2743 4914 et
2782 4855 3021 4929 postea
3057 4850 3575 4929 subiunguntur

578 4959 741 5021 baec
769 4961 1012 5021 verba:
1049 4980 1082 5018 «
1116 4960 1211 5021 Et
1236 4959 1702 5036 promittimus
1730 4978 1853 5022 nos
1881 4960 2075 5021 illum
2104 4977 2231 5037 pro
2255 4959 2561 5021 Romano
2592 4959 2927 5020 Pontifice
2950 4955 3346 5031 habituros,
3384 4972 3572 5036 quem

577 5067 729 5128 DD.
766 5064 1362 5143 Compromissarii
1399 5068 1766 5130 secundum
1804 5070 2096 5130 formam
2128 5066 2548 5146 praedictam
2587 5065 2915 5128 duxerint
2940 5064 3340 5143 eligendum
3382 5087 3446 5142 n,
3479 5060 3573 5124 rel

575 5174 719 5236 alia
749 5174 836 5235 ad
873 5174 1162 5236 somnam
1197 5174 1831 5253 Compromissariis
1865 5176 2359 5255 praescriptam
2404 5173 2935 5236 accommodata.

762 5282 1097 5357 Secundo,
1144 5282 1479 5361 completo
1537 5284 1925 5345 huiusmodi
1973 5284 2321 5360 mandato,
2381 5264 2978 5361 Compromiss'arii
3029 5282 3120 5344 ad
3170 5286 3448 5360 partem
3507 5280 3573 5339 in
