3753 5871
550 280 662 339 538
1445 292 1452 301 ·
1689 281 1886 332 Godco
1924 280 2086 331 Iuris
2135 280 2414 333 canonici

733 466 765 547 ἓ
812 465 879 533 3.
929 466 1291 534 Convenit
1336 471 1584 533 tamen
1627 465 1983 552 dignitati
2017 466 2421 533 iudicantis
2456 485 2548 533 ne
2587 466 2745 550 ipse
2791 484 2922 549 per
2960 483 3060 549 se,
3101 464 3538 550 regulariter

556 573 843 657 saltem,
882 575 1016 641 hoc
1048 574 1421 659 negotium
1453 574 1814 659 suscipiat
1843 573 2344 656 tractandum,
2381 574 2507 642 sed
2542 580 2629 642 ut
2667 574 2856 642 illud
2889 574 3117 640 alicui
3151 573 3537 654 sacerdoti,

557 682 992 765 praesertim
1030 701 1118 750 ex
1162 682 1533 748 iudicibus
1571 682 2074 769 synodalibus,
2111 683 2553 750 committat.

1829 859 2008 926 CAN.
2060 859 2254 925 1926.

732 1000 822 1066 In
868 1001 1371 1069 transactione
1416 1005 1802 1068 serventur
1856 1018 2155 1068 normae
2211 1005 2541 1069 statutae
2582 1018 2631 1067 a
2673 1000 2958 1085 legibus
3002 999 3357 1068 civilibus
3412 997 3547 1065 loci

556 1108 637 1176 in
672 1127 816 1194 quo
849 1109 1260 1176 transactio
1294 1109 1556 1186 initur,
1596 1108 1742 1175 nisi
1777 1109 1928 1176 iuri
1970 1109 2228 1176 divino
2258 1109 2376 1176 vel
2410 1108 2908 1177 ecclesiastico
2943 1108 3442 1175 adversentur
3484 1112 3551 1173 et

556 1216 763 1283 salvo
805 1216 1268 1300 praescripto
1312 1233 1677 1284 canonum
1721 1216 1848 1300 qui
1894 1222 2329 1302 sequuntur.

1827 1389 2004 1457 CAN.
2067 1389 2260 1458 1927.

735 1529 768 1609 ξ
817 1529 882 1594 1.
934 1528 1371 1597 'transactio
1415 1528 1577 1597 fieri
1622 1530 1866 1597 valide
1910 1530 2166 1614 nequit
2212 1529 2366 1598 sive
2419 1530 2497 1598 in
2552 1549 2782 1598 causa-
2820 1531 3218 1614 criminali‚
3272 1532 3437 1599 sive
3481 1530 3549 1596 in

555 1636 1019 1702 contentiosa
1051 1636 1132 1702 in
1167 1654 1311 1720 qua
1345 1636 1598 1721 agitur
1638 1639 1754 1705 vel
1788 1638 1879 1704 de
1912 1638 2387 1707 matrimonio
2427 1639 2919 1723 dissolvendo,
2961 1639 3077 1706 vel
3110 1639 3202 1706 de
3234 1639 3551 1706 materia

558 1742 1050 1825 beneficiaria,
1108 1763 1275 1812 cum
1321 1745 1411 1813 de
1456 1746 1619 1829 ipso
1664 1746 1998 1814 beneficii
2054 1747 2282 1815 titulo
2325 1748 2813 1833 disceptatur,
2865 1747 3011 1814 nisi
3058 1748 3407 1831 legitima
3450 1764 3550 1812 ac·

554 1849 773 1917 cedat
813 1852 1249 1933 auctoritas,
1309 1869 1440 1918 nec
1482 1852 1573 1920 de
1618 1852 1836 1920 rebus
1883 1854 2405 1938 spiritualibus
2462 1853 3059 1940 quotiescumque
3104 1854 3557 1922 interveniat

557 1956 831 2025 solutio
879 1959 987 2025 rei
1029 1959 1462 2044 temporalis
1512 1956 1562 2023 ².

738 2064 771 2148 ξ
819 2066 884 2131 2.
939 2066 1082 2134 Sed
1134 2068 1199 2134 si
1252 2069 1588 2151 quaestio
1637 2066 1772 2136 fiat
1810 2070 1901 2136 de
1944 2069 2156 2136 bonIs
2197 2069 2730 2153 temporalibus
2780 2069 3309 2147 ecclesiasticis
3354 2074 3438 2137 et
3474 2069 3553 2135 de

557 2172 654 2240 iis
694 2173 911 2241 rebus
950 2193 1161 2259 quae,
1212 2176 1355 2243 etsi
1397 2175 1918 2259 spiritualibus
1956 2179 2148 2245 sunt·
2181 2177 2535 2260 adnexae,
2580 2196 2907 2245 seorsum
2958 2183 3206 2246 tamen
3248 2196 3305 2243 a
3343 2178 3549 2262 spiri·

558 2281 890 2349 tualibus
930 2282 1387 2351 considerari
1433 2288 1736 2367 queunt,
1782 2285 2198 2353 transactio
2250 2284 2412 2353 fieri
2466 2290 2735 2370 potest,
2793 2287 3107 2354 servatis
3161 2290 3453 2368 tamen,
3500 2285 3551 2351 si

557 2389 872 2457 materia
898 2390 975 2458 id
1008 2391 1359 2474 postulet,
1392 2391 2019 2464 sollemnitatibus
2044 2410 2093 2459 a
2121 2393 2283 2461 iure
2315 2394 2625 2461 statutis
2654 2412 2790 2477 pro
2820 2393 3273 2461 alienatione
3310 2410 3553 2461 rerum

556 2495 1220 2565 ecclesiasticarum
1259 2497 1309 2561 ².

1826 2607 2005 2675 CAN.
2060 2608 2255 2675 1928.

738 2747 771 2829 ξ
821 2750 886 2813 1.
936 2747 1268 2816 Effectus
1337 2749 1868 2817 transactionis
1914 2750 2009 2819 ad
2057 2751 2335 2819 exitum
2405 2751 2728 2820 feliciter
2795 2752 3195 2836 perductae
3275 2752 3559 2819 dicitur

560 2853 993 2939 compositio
1037 2875 1165 2924 seu
1209 2856 1624 2924 concordia.

736 2962 768 3044 ξ
815 2962 882 3028 2.
933 2959 1471 3049 Expensarum‚
1528 2984 1711 3050 quas
1752 2966 2168 3036 transactio
2207 2966 2721 3051 postulaverit,
2768 2968 2915 3035 nisi
2966 2967 3175 3036 aliud
3214 2986 3560 3052 expresse

558 3076 859 3139 cautum
895 3071 1020 3154 sit,
1063 3075 1377 3157 utra-que
1409 3092 1587 3156 pars
1620 3074 2011 3143 dimidium
2048 3075 2311 3142 solvat.

1833 3373 2094 3441 caru-r
2139 3373 2245 3440 11.

1465 3509 1576 3578 Do
1610 3512 2135 3597 compromisso
2171 3513 2253 3579 in
2293 3513 2638 3580 arbitros.

1833 3725 2011 3794 CAN.
2061 3725 2254 3793 1929.

736 3868 852 3936 Ad
910 3867 1297 3935 evitandas
1344 3866 1731 3934 iudiciales
1775 3866 2310 3950 contentiones,
2364 3871 2617 3950 partes
2663 3870 2977 3950 possunt
3027 3882 3315 3950 quoque
3370 3864 3554 3931 inire

558 3976 1140 4057 conventionem,
1185 3992 1332 4059 qua
1367 3975 1870 4042 controversia
1918 3975 2433 4043 committatur
2479 3973 2759 4042 iudicio
2797 3973 3020 4041 unius
3059 3973 3176 4040 vel
3225 3972 3553 4056 plurium

563 4084 689 4169 qui
724 4084 821 4152 ad
862 4101 1192 4151 normam
1231 4083 1421 4149 iuris
1460 4083 1961 4168 quaestionem
2007 4083 2392 4157 dirimant,
2431 4083 2548 4150 vel
2587 4082 2678 4150 de
2715 4083 2906 4150 bono
2943 4085 3022 4150 et
3059 4098 3294 4165 aequo
3348 4098 3549 4165 nego-

562 4191 749 4260 tium
798 4194 1259 4275 pertractent
1294 4196 1371 4260 et
1407 4192 1852 4276 transigant3
1891 4191 2007 4258 illi
2043 4190 2341 4276 arbitri,
2379 4191 2509 4259 isti
2546 4188 3035 4257 arbitr-atores
3082 4189 3400 4273 proprio
3441 4206 3547 4255 no·

560 4298 756 4367 mine
796 4298 1299 4384 appellantur.

1832 4407 2010 4475 cm.
2059 4407 2254 4475 1930.

737 4548 1215 4633 Praescripta
1260 4566 1423 4615 can.
1479 4548 1675 4632 1926,
1727 4548 1899 4615 1927
1957 4549 2182 4616 etiam
2242 4547 2768 4633 compromisso
2815 4547 2894 4613 in
2943 4544 3269 4613 arbitros
3316 4542 3544 4630 appli-

559 4660 824 4724 centur
869 4653 922 4720 ⁸.

745 4921 767 4957 ¹
803 4921 869 4973 0.
907 4924 958 4982 4,
990 4920 1056 4981 Χ,
1095 4921 1167 4971 ds
1196 4920 1407 4980 pactu,
1439 4921 1489 4980 Ι,
1518 4920 1602 4981 35;
1626 4932 1661 4972 c
1708 4922 1758 4981 4,
1789 4920 1839 4980 7.
1871 4922 2010 4981 9·11,
2039 4920 2106 4980 Χ,
2138 4921 2209 4970 do
2242 4918 2760 4976 immanitatibus,
2794 4918 2844 4977 1,
2873 4917 2957 4979 ως
2986 4928 3036 4969 c.
3069 4918 3120 4978 1,
3152 4916 3202 4976 2,
3234 4916 3304 4976 Χ,
3343 4918 3419 4968 ae
3449 4913 3545 4964 ool-

566 5011 793 5063 lueione
828 5011 1171 5071 aeteoenao,
1200 5010 1270 5070 V,
1304 5009 1385 5073 22;
1414 5009 1472 5063 S.
1505 5010 1569 5063 G.
1603 5010 1692 5072 0..
1723 5010 2112 5070 camerinen..
2145 5010 2210 5061 23
2236 5020 2347 5069 apr
2394 5008 2542 5061 1796.

736 5108 760 5142 ³
796 5101 862 5154 Ο.
898 5102 950 5162 2,
980 5101 1032 5161 5,
1063 5100 1115 5161 8,
1147 5101 1213 5160 Χ,
1253 5101 1324 5151 de
1364 5100 1883 5159 transactionibus,
1931 5102 1980 5158 1.
2010 5101 2092 5163 36:
2139 5100 2197 5154 S.
2235 5100 2300 5152 C.
2338 5099 2426 5160 0.,
2465 5098 2761 5158 Potentes,
2797 5098 2864 5150 17
2898 5099 3021 5150 lun.
3055 5096 3201 5158 164&
3238 5095 3538 5148 Tuam,

563 5194 598 5246 5
629 5204 757 5253 apr.
793 5192 940 5254 1704:
973 5190 1216 5250 Fauen„
1260 5192 1291 5242 4
1331 5194 1395 5244 et
1424 5191 1490 5243 18
1520 5196 1694 5244 mart.
1731 5192 1882 5252 1719,
1916 5190 1995 5243 ad
2026 5192 2077 5252 1;
2110 5192 2358 5250 Sorano,
2403 5190 2469 5243 20
2501 5189 2624 5242 dec.
2666 5189 2813 5249 1721,
2850 5189 2917 5240 17
2950 5188 3094 5247 lan„
3132 5187 3167 5238 7
3193 5188 3259 5239 et
3287 5185 3356 5238 18
3384 5186 3540 5239 tem..

563 5285 629 5335 14
657 5286 832 5336 mart.
867 5282 1014 5344 1722;
1044 5281 1312 5340 Gallica„
1345 5281 1411 5334 18
1443 5294 1577 5345 aug.
1612 5281 1760 5343 1821,
1800 5282 1865 5333 21
1896 5282 2014 5333 ian.
2048 5281 2195 5334 1828.

735 5379 761 5416 ³
800 5373 864 5425 Ο.
908 5373 990 5433 21,
1023 5373 1088 5433 Χ,
1131 5373 1202 5423 de
1234 5372 1517 5423 electione
1548 5377 1607 5425 et
1640 5372 1813 5423 electi
1843 5374 2158 5433 potestate,
2192 5373 2241 5433 Ι,
2272 5371 2323 5434 8:
2353 5383 2402 5423 c.
2434 5372 2486 5431 9,
2518 5371 2584 5431 Χ,
2619 5372 2691 5422 ac
2720 5370 2785 5420 in
2815 5367 3112 5428 (uteorum
3152 5366 3535 5418 restitutio-e.

566 5466 615 5528 1,
643 5467 724 5528 413
749 5477 801 5517 c.
831 5466 914 5526 21,
946 5466 1013 5525 Χ,
1041 5467 1112 5517 (ιο
1136 5464 1486 5527 praebendis
1514 5469 1572 5517 et
1606 5463 2017 5524 divinitatibus,
2045 5464 2161 5524 111,
2186 5463 2238 5524 53
2259 5473 2310 5514 e.
2337 5463 2389 5522 9,
2418 5462 2482 5523 Χ,
2510 5462 2581 5513 aa
2606 5471 2805 5512 rorum
2830 5457 3288 5520 memnone,
3318 5457 3432 5516 111,
3463 5453 3533 5506 12
