3753 5871
1656 0 1797 9 --v—
1840 0 1933 9 'vv-
1952 0 2001 10 vv

472 148 759 209 electum
786 146 1188 223 provocaret
1202 162 1226 206 .·
1261 143 1334 207 S.
1370 143 1825 222 oonqreqatio
1862 158 2076 221 usque
2103 143 2189 204 ab
2219 158 2399 205 anno
2429 142 2596 205 1603
2624 143 3068 205 considerans
3093 159 3453 222 qrammcn

469 270 611 315 non
635 254 778 315 alia
804 254 1103 328 ratione,
1133 268 1330 329 quam
1361 268 1535 312 novo
1573 252 1909 327 eoeamine,
1938 250 2219 326 probari
2255 265 2477 327 posse,·
2512 250 3064 327 provocationem
3092 251 3184 314 ad
3213 267 3456 312 novum

471 377 751 424 eoeamen
788 360 1055 423 censuit
1091 361 1619 436 admittendam,
1655 359 2052 436 ymvamine
2084 374 2211 420 nec
2256 360 2418 420 dum
2449 360 2776 436 probato,
2814 363 2883 421 et
2918 360 3277 437 requisitis
3316 364 3456 421 tan·

473 469 818 532 tummodo
867 469 1391 544 probationibus
1437 468 1514 527 in
1552 468 1996 543 subsequenti
2042 467 2339 528 iudicio.-
2379 468 2455 527 in
2496 482 2656 544 quo,
2694 468 3014 544 probato,
3050 484 3178 545 per
3213 484 3459 530 novum

469 592 749 638 eoamen
783 576 1232 651 appellantis,
1265 576 1661 651 gravamine
1698 576 1923 652 quoad
1967 576 2381 654 doctrinam,
2415 576 2772 651 probanda
2809 579 3123 651 superest
3159 577 3460 638 eiusdem

468 700 635 761 prae
672 686 810 745 iam
849 686 1062 746 electo
1098 685 1175 745 in
1210 684 1495 760 reliquis
1532 685 1624 745 ad
1661 684 2026 759 reqendam
2075 684 2428 745 ecclesiam
2467 685 2823 761 requisitis
2869 686 3336 761 praestantia,
3384 689 3460 746 ut

469 795 551 854 de
584 794 831 854 maiori
866 793 1278 858 alterutrius
1309 793 1400 853 ad
1440 792 1860 869 parochialis
1895 792 2218 863 eeclesiae
2253 793 2658 869 yubernium
2693 793 3072 854 idoneitate
3115 795 3463 855 sententia

466 901 640 976 terri
670 901 928 976 possit:
969 916 1121 961 eum
1153 916 1292 960 non
1321 900 1676 975 continuo,
1706 901 1769 962 si
1805 900 1961 975 quis
1991 903 2095 962 est
2125 901 2419 976 doctior,
2457 902 2520 963 is
2559 902 2770 963 etiam
2799 902 3058 977 aptior,
3089 916 3215 962 seu
3244 902 3464 979 Μαίη

468 1009 753 1070 idoneus
781 1010 872 1070 ad
899 1010 973 1070 id
998 1009 1301 1084 reqimen
1327 1008 1691 1083 habeatur,
1717 1010 1823 1069 vel
1853 1009 2062 1069 etiam
2090 1009 2444 1070 habendus
2479 1011 2596 1072 sit.
2640 1008 2859 1085 Quam
2886 1007 3141 1070 Sacrae
3170 1008 3463 1086 Gonqre·

467 1117 771 1195 qatiowis
800 1118 1213 1178 sententiam
1237 1117 1637 1192 scriptores,
1661 1122 1732 1179 et
1758 1117 2138 1178 tribunalia
2170 1118 2568 1179 laudarunt.
2600 1117 2783 1179 Aliis
2806 1118 3077 1178 demum
3101 1119 3181 1177 in
3210 1118 3467 1179 dioece-

469 1225 660 1286 sibus
692 1223 1064 1286 laudabilis
1087 1225 1384 1285 invaluit
1416 1224 1865 1300 consuetudo,
1888 1228 1970 1285 ut
1996 1225 2267 1286 eaedem
2293 1224 2609 1287 omnibus
2634 1225 3098 1302 quaestiones,
3123 1225 3468 1302 iidemque

470 1344 672 1391 casus
709 1332 1209 1408 proponantur,·
1248 1346 1331 1392 ac
1388 1334 1498 1409 (ne
1537 1347 1676 1409 qua
1722 1332 1928 1392 detur
1974 1347 2146 1393 ansa
2187 1331 2615 1395 cancellario
2659 1333 3030 1411 quidquam
3073 1348 3202 1394 suo
3247 1337 3469 1393 marte

466 1437 792 1515 addendi,
820 1439 1199 1515 minuendi,
1230 1439 1569 1518 mutandi)
1608 1444 1687 1501 ut
1715 1439 1994 1518 ipsimet
2027 1443 2537 1516 concurrentes,
2568 1442 2688 1519 qui
2717 1440 3133 1520 interroqati
3169 1440 3471 1518 fuerint,

467 1562 771 1624 quaeque
804 1548 1312 1622 responderint,
1348 1563 1476 1609 sua
1518 1563 1727 1609 manu
1766 1547 2220 1625 perscribant.

652 1654 880 1730 Atque
912 1654 1293 1730 ordinarii,
1322 1657 1441 1733 qui
1470 1670 1722 1716 morem
1749 1655 1932 1717 hunc
1961 1657 2160 1735 lonqe
2194 1657 2529 1735 optimum
2559 1658 2636 1718 in
2673 1657 3124 1718 eoeaminando
3157 1662 3470 1733 tenuere,

466 1760 722 1824 Sacrae
768 1763 1013 1824 deinde
1050 1763 1583 1841 Oonqreyationi
1624 1765 1861 1840 etiam,
1899 1768 2107 1841 atque
2147 1766 2355 1826 etiam
2395 1765 2965 1827 considerandum
3005 1764 3469 1843 reliquerunt,

467 1869 605 1946 his,
638 1870 756 1946 qui
789 1870 890 1931 sic
930 1871 1305 1932 emaminati
1340 1875 1593 1948 essent,
1627 1875 1835 1949 atque
1869 1872 2270 1950 postpositi,
2304 1874 2379 1933 in
2411 1876 2791 1950 posterum,
2828 1876 2907 1933 ut
2942 1873 3199 1949 solent,
3234 1874 3466 1951 appel·

469 1977 804 2053 lantibus,
829 1977 1281 2056 indulqenda,·
1300 1994 1426 2040 nec
1451 1995 1565 2054 ne,
1593 1979 1834 2040 statim
1863 1979 2065 2040 electi
2089 1995 2339 2040 novum
2373 1980 2465 2041 ad
2495 1996 2779 2041 eramen
2810 1981 3241 2056 provocatio,
3267 1981 3465 2042 nulla

467 2086 886 2164 qravaminis
922 2086 1426 2166 praerequisita
1462 2087 1894 2163 probatione,
1941 2087 2312 2163 videretur5
2350 2103 2504 2148 cum
2550 2088 2675 2149 isti
2712 2104 2797 2149 eoe
2841 2087 3020 2150 actis
3055 2088 3274 2165 primi
3315 2105 3466 2150 eoa·

469 2194 675 2254 ntinis
722 2209 1089 2271 qravamen
1137 2194 1491 2256 doctrinae
1544 2195 1755 2272 facile
1800 2195 2111 2273 alioquin
2160 2212 2285 2272 pro
2294 2197 2452 2256 bare
2499 2199 2801 2274 possent,·
2847 2196 3028 2274 quod
3075 2197 3208 2257 alii
3256 2198 3469 2257 aliter

466 2301 793 2362 nimirum
829 2301 1232 2377 emaminati,
1278 2303 1596 2380 probare,
1629 2303 1771 2364 nisi
1816 2303 2141 2380 secundo,
2180 2320 2300 2365 seu
2344 2319 2518 2365 novo
2558 2304 2893 2379 ovamine,
2928 2319 3069 2364 non
3108 2307 3462 2382 poterant.

466 2408 531 2470 N
534 2425 608 2470 ec
647 2409 926 2486 defuere
962 2410 1085 2471 alii
1124 2409 1524 2487 probitatis,
1564 2427 1648 2472 ac
1683 2411 1976 2488 peritiae
2022 2412 2097 2472 in
2135 2411 2709 2474 administrandis
2748 2412 2872 2473 diu
2912 2411 3222 2474 ecclesiis
3263 2413 3465 2474 laude

467 2520 928 2593 praestantes,
958 2518 1077 2592 qui
1106 2521 1486 2591 monerent,
1511 2518 1829 2595 fraenum
1867 2518 2150 2594 aliquod
2180 2517 2571 2580 huiusmodi
2604 2518 3108 2595 appellantium
3139 2520 3466 2590 licentias

469 2624 741 2684 tandem
776 2625 1249 2701 iniiciendum,
1282 2638 1644 2701 eorumque
1683 2625 1822 2686 iam
1854 2625 2064 2687 nimis
2103 2626 2380 2687 crebras
2408 2641 2657 2688 novum
2698 2627 2789 2687 ad
2824 2641 3108 2688 emmen
3138 2637 3463 2704 provoca·

469 2731 691 2793 tiones
740 2747 886 2793 esse
932 2733 1423 2808 reprimendam
1479 2732 1733 2808 quippe
1776 2747 1951 2807 quae
2006 2732 2123 2794 vim
2169 2748 2471 2808 unquam
2529 2733 2676 2795 sine
2723 2749 2968 2811 maqno
3019 2733 3465 2796 ecclesiarum

466 2839 714 2901 damno
748 2840 1179 2917 contingunt.
1220 2840 1396 2901 Nam
1426 2856 1581 2901 cum
1617 2855 1868 2901 novum
1902 2855 2184 2902 eoamen
2216 2857 2445 2903 coram
2478 2842 2705 2903 iudice
2735 2842 3231 2920 appellationis
3266 2843 3469 2919 lonqe

464 2948 706 3025 procul
735 2964 778 3008 a
815 2948 1142 3025 parochia
1174 2949 1634 3026 perayendum
1674 2950 1791 3026 sit,·
1820 2950 2078 3012 electus
2117 2951 2203 3011 ab
2236 2949 2606 3028 Episcopo,
2639 2951 2757 3028 qui
2789 2953 3235 3027 provocatur,
3265 2967 3466 3027 parc·

465 3055 717 3131 chiam,
756 3071 959 3131 quam
997 3056 1330 3133 possidet,
1367 3058 1642 3136 coyitur
1685 3058 1952 3119 interea
1993 3058 2320 3134 temporis
2361 3058 2695 3133 deserere,
2735 3074 3015 3134 eamque
3054 3056 3468 3132 Oeconomo,

464 3164 572 3225 vel
620 3162 894 3226 Vicario
944 3162 1270 3241 cuipiam,
1312 3165 1529 3227 veluti
1584 3181 1908 3240 sponsam
1951 3165 2211 3240 ignotis
2267 3165 2693 3235 custodibus,
2738 3165 3151 3242 relinquere,
3210 3181 3467 3244 sponso

463 3286 601 3333 non
629 3287 1024 3349 parumper,
1051 3272 1172 3333 sed
1198 3272 1315 3333 diu
1350 3288 1517 3335 sane
1541 3273 1896 3350 abfuturo,·
1929 3273 2092 3334 dum
2120 3289 2388 3350 nempe,
2416 3272 2783 3350 implicita,
2812 3277 2894 3334 ut
2928 3273 3038 3349 fit,
3069 3272 3224 3347 lite,
3263 3276 3468 3335 ter-na

465 3380 672 3441 etiam
705 3380 814 3440 vel
854 3382 1219 3456 quaterna,
1250 3380 1394 3441 alia
1430 3396 1512 3442 ea>
1544 3381 1733 3457 aliis,
1776 3380 2119 3456 emmim,
2154 3396 2362 3458 super
2403 3381 2835 3458 praestantia
2871 3380 3170 3459 primum
3206 3380 3466 3442 doctri·

462 3503 620 3561 nae,
660 3491 807 3548 tum
852 3488 1096 3548 deinde
1131 3488 1455 3564 aliorum,
1495 3504 1668 3564 quae
1702 3490 1793 3550 ad
1828 3488 2313 3565 inteqrandam
2347 3489 2794 3551 idoneitatem
2832 3492 3228 3566 opportuna
3267 3492 3470 3563 sunt,

464 3596 886 3657 contentiose
926 3595 1507 3673 multiplicentur,
1541 3599 1610 3658 et
1651 3597 2024 3673 commode,
2056 3613 2143 3658 ne
2179 3597 2403 3659 dicam
2436 3597 2681 3673 otiose,
2726 3596 3238 3674 transigantur,
3270 3600 3466 3657 ante·

464 3719 667 3780 quam
710 3703 1078 3764 deliberari
1120 3703 1340 3781 possit
1379 3703 1526 3766 utri
1567 3705 2117 3766 concurrentium
2163 3704 2490 3782 parochia
2535 3705 2630 3767 sit
2669 3702 3155 3767 adiudicanda.

649 3809 760 3870 Ad
812 3811 1186 3872 tollendam
1237 3812 1570 3873 eiusmodi
1629 3828 1770 3873 non
1819 3811 2048 3875 minus
2099 3811 2557 3889 querelarum,
2608 3827 2811 3889 quam
2870 3811 3467 3872 incommodorum

464 3919 912 3993 occasionem,
954 3918 1169 3981 Sacra
1220 3919 1676 3997 Oonqreqatio
1729 3919 2024 3981 Consilii
2066 3919 2454 3981 Tridentini
2495 3920 2867 3996 interpres,
2908 3921 3276 3996 postquam
3317 3935 3469 3980 rem

460 4042 727 4089 omnem
752 4043 795 4088 a
825 4027 1051 4105 capite
1078 4027 1445 4105 repetitam
1478 4028 1554 4087 in
1580 4028 1850 4105 yemina
1882 4029 2184 4090 sessione
2207 4029 2246 4088 1
2286 4027 2629 4103 Octobris,
2656 4030 2725 4088 et
2753 4026 2836 4089 16
2861 4025 3270 4088 Novembris
3296 4026 3469 4088 1720

462 4151 723 4196 summo
757 4135 989 4197 studio
1020 4135 1441 4213 recoqnovit,
1477 4136 1779 4210 tandem,
1813 4134 2265 4198 Sanctissimo
2297 4135 2506 4197 etiam
2540 4136 2912 4211 annuente,
2944 4132 3203 4194 statuit
3255 4134 3468 4211 (quod

453 4258 576 4323 per
604 4246 995 4323 praesentes
1020 4247 1293 4307 littera-s
1316 4242 1694 4320 encyclicas
1720 4242 2102 4321 exequitur)
2134 4256 2394 4319 omnes,
2419 4246 2490 4304 et
2510 4242 2819 4320 sinqulos
2830 4239 3243 4318 Episcopus,
3259 4239 3468 4301 alios-

461 4371 590 4431 que
624 4355 1012 4429 Praelatos,
1049 4369 1254 4430 penes
1291 4369 1460 4430 quos
1497 4353 1592 4415 sit
1628 4352 1766 4422 ius,
1812 4356 1881 4414 et
1926 4352 2312 4414 auctoritas
2343 4351 2648 4428 faciendi
2688 4365 3123 4425 concursum,
3158 4348 3468 4421 hortari,

460 4467 542 4523 ut
578 4478 859 4523 ewamen
899 4462 1233 4523 eiusmodi
1264 4460 1633 4522 instituere
1666 4477 1806 4522 non
1837 4462 2240 4537 qraventur,
2281 4459 2483 4536 quale
2514 4459 2653 4519 iam
2689 4461 2759 4518 et
2796 4457 3056 4518 multae
3087 4455 3468 4529 dioeceses,

462 4573 530 4641 et
578 4569 753 4631 Urbs
794 4569 947 4645 ipsa
993 4569 1335 4643 observat,
1380 4572 1587 4645 atque
1639 4567 2044 4644 Apostolica
2087 4567 2294 4638 etiam
2339 4565 2635 4627 Dataria
2681 4565 3014 4643 postulat·
3055 4563 3234 4639 sive,
3280 4580 3466 4635 cum,

460 4678 634 4741 Sede
664 4679 978 4749 vacante,
1017 4679 1218 4737 vacat
1251 4676 1535 4737 ecclesia
1569 4677 1804 4752 aliqua
1838 4674 2283 4750 parochialis,
2324 4673 2521 4736 ouius
2555 4673 2833 4735 collatio
2868 4672 2959 4734 ad
2996 4670 3246 4732 Sedent
3281 4669 3462 4746 Apo·

459 4787 773 4849 stolicam
817 4786 1184 4861 pertineat,·
1225 4784 1367 4845 sive
1408 4800 1561 4845 oum
1601 4788 1803 4847 vacat
1846 4784 2265 4861 parochialis
2315 4782 2577 4860 aliqua,
2627 4785 2709 4843 ut
2749 4781 3034 4853 dicitur,
3077 4777 3288 4839 iuxta
3331 4778 3459 4839 De·

458 4899 743 4969 cretum5
782 4896 924 4957 sive
971 4895 1268 4969 demum,
1307 4909 1488 4964 oum,
1527 4898 1814 4955 vacante
1852 4894 1928 4954 in
1977 4892 2388 4970 oolleyiatis,
2424 4893 2551 4952 aut
2591 4886 3105 4952 cathedralibus
3149 4885 3463 4949 ecclesiis

459 5003 801 5080 dignitate
855 5003 1088 5080 aliqua
1134 5000 1408 5076 maiori,
1464 5017 1801 5063 anneoeam
1847 5001 2140 5062 habente
2196 5016 2430 5061 curam
2475 4999 2890 5070 animarum,
2932 4994 3309 5071 faciendus
3354 4993 3458 5053 est

458 5131 857 5190 concursus,
905 5117 1113 5191 atque
1159 5114 1250 5176 ad
1295 5111 1767 5189 Apostolicam
1825 5109 2189 5172 Datariam
2239 5103 2842 5181 transmittendus,
2890 5105 2973 5164 ut
3017 5104 3270 5164 not-um
3326 5101 3458 5171 est,

363 5594 3619 5702 Ἃ
