3753 5871
520 292 632 353 574
1660 295 1857 345 000oe
1895 294 2056 346 lm
2106 294 2385 346 oeno-m

1795 520 1971 587 CAN.
2019 516 2216 587 2112.

702 660 1196 747 congregatio
1229 660 1595 746 generalis
1629 662 1945 731 habetur
1983 678 2233 729 coram
2271 661 2780 744 sanctissimo,
2816 660 3347 728 assistentibus
3382 659 3500 725 Pa·

525 767 774 836 tribus
804 768 1329 836 cardinalibus
1367 769 1638 838 Sacrae
1672 768 2312 854 congregationis,
2353 769 2710 854 praelatis
2754 768 3188 837 officialibus
3232 772 3314 835 et
3348 784 3498 834 con·

526 874 956 943 sultoribus.

1791 985 1967 1053 CAN.
2025 985 2221 1053 2113.

699 1117 849 1186 Pro
894 1120 1463 1204 congregatione
1507 1119 1834 1203 generali
1886 1124 2201 1205 paratur
2252 1120 2649 1187 novissima
2701 1118 2973 1204 positio
3030 1118 3127 1185 ad
3180 1132 3504 1185 normam

511 1242 692 1292 can.
745 1224 943 1309 2109,
994 1226 1117 1293 cui
1166 1226 1586 1295 adiicienda
1633 1232 1746 1296 est
1808 1227 2052 1296 brevis
2116 1227 2381 1295 relatio
2431 1246 2519 1294 ex
2584 1225 2821 1294 officio
2865 1226 3209 1294 contecta
3256 1240 3505 1292 eorum

526 1331 853 1400 omnium
897 1350 1085 1417 quae
1120 1335 1199 1402 in
1233 1352 1459 1402 causa
1496 1352 1815 1419 eousque
1847 1338 2017 1402 acta
2056 1339 2258 1417 sunt,
2297 1352 2555 1420 nempe
2586 1335 2870 1402 factum
2913 1332 3469 1401 concordatum.

1808 1513 1986 1580 ΟΑΝ.
2034 1512 2230 1580 2114.

700 1645 792 1710 In
839 1645 1407 1730 congregatione
1443 1645 1773 1731 generali
1810 1644 2166 1713 iudicium
2205 1663 2304 1713 an
2340 1649 2632 1714 constet
2673 1644 2765 1714 de
2805 1644 3246 1713 heroicitate
3289 1645 3509 1711 virtut

527 1754 688 1819 tum
736 1752 946 1821 Servi
984 1753 1123 1821 Dei
1158 1753 1276 1821 vel
1309 1753 1401 1821 de
1437 1753 1798 1840 martyrio
1842 1753 2146 1839 eiusque
2187 1770 2441 1835 causa,
2482 1753 2630 1838 ipsi
2672 1752 2973 1820 Summo
3012 1750 3377 1820 Pontifici
3418 1769 3509 1819 re
3658 1724 3659 1729 Ἰ

526 1862 887 1944 servatur3
919 1859 1383 1929 consultores
1408 1879 1607 1945 vero,
1643 1861 1962 1945 praelati
1997 1861 2343 1930 officiales
2370 1867 2450 1930 et
2482 1860 2749 1929 Patres
2787 1859 3229 1928 cardina-les
3263 1863 3512 1927 votum
3658 1876 3659 1893 ἒ

525 1968 820 2033 tantum
861 1967 1357 2035 consultivum
1405 1968 1685 2037 ferunt.

1795 2092 1974 2160 ΟΔΝ.
2023 2090 2220 2159 2115.

705 2224 740 2305 ξ
788 2225 853 2290 1.
906 2225 1309 2294 Mandante
1356 2224 1866 2309 Sanctissimo‚
1925 2229 2274 2293 exaretur
2318 2243 2366 2291 a
2415 2224 2831 2292 secretario
2878 2223 3149 2291 Sacrae
3196 2222 3514 2308 Congre-

526 2330 852 2416 gationis
883 2332 1286 2415 decretum
1324 2350 1494 2417 quo,
1538 2332 1831 2401 nomine
1866 2332 2148 2402 Summi
2192 2331 2601 2414 Pontificis,
2638 2331 3063 2400 authentice
3094 2330 3520 2399 declaretur

531 2437 740 2506 Servi
774 2439 915 2507 Dei
948 2439 1267 2508 virtutes
1301 2457 1551 2508 omnes
1591 2441 1671 2508 in
1708 2441 1945 2527 gradu
1981 2441 2276 2510 heroico
2305 2441 2422 2509 vel
2456 2439 2897 2527 martyrium
2942 2439 3122 2508 bene
3156 2455 3331 2507 esse
3368 2456 3516 2523 pro·

527 2546 748 2614 bata:
802 2546 995 2631 quod
1045 2548 1418 2616 decretum
1463 2546 1884 2633 publicetur
1933 2552 2263 2633 tempore
2304 2552 2380 2616 et
2422 2549 2641 2617 modo
2679 2566 2728 2616 a
2772 2546 3269 2616 sanctissimo
3323 2564 3517 2631 prae-

528 2652 958 2721 scribendis.
2224 2692 2232 2703 ·

703 2760 736 2844 §
784 2761 850 2828 2.
900 2761 1295 2832 Publicato
1321 2763 1456 2831 hoc
1489 2762 1810 2846 decreto,
1853 2763 2124 2832 Servus
2153 2757 2294 2832 Dei
2326 2762 2741 2848 nuncupari
2772 2765 3020 2848 potest
3045 2759 3516 2835 vener-abilis·

523 2872 650 2957 qui
677 2876 924 2940 tamen
952 2871 1224 2941 titulus
1255 2872 1536 2941 nullam
1563 2873 1841 2959 publici
1866 2873 2117 2942 cultus
2144 2872 2696 2959 permissionem
2724 2872 3083 2958 immrtat
3112 2868 3165 2938 ¹.

869 3118 3170 3202 Anr.1V.—Deuodioionopor8ervilkim6mcuusinepoeie.

1804 3287 1983 3358 ΟΑΝ.
2031 3288 2228 3357 2116.

705 3431 740 3515 5
787 3433 854 3498 1.
904 3429 1213 3498 Praeter
1257 3428 1624 3497 virtutum
1660 3428 2169 3497 heroicitatem
2207 3432 2343 3497 aut
2382 3429 2850 3516 martyrium,
2892 3427 2989 3495 ad
3037 3425 3516 3495 beatifieatio

529 3556 693 3607 nem
729 3525 942 3607 Servi
969 3537 1111 3606 Dei
1143 3537 1629 3622 requiruntur
1657 3537 2022 3605 miracula
2049 3537 2213 3605 eius
2242 3536 2767 3604 intercessione
2796 3537 3099 3621 patrata
3126 3531 3181 3598 ⁸.
3288 3597 3293 3602 .

698 3646 733 3730 5
778 3645 847 3713 2.
896 3647 1199 3718 Verum.
1238 3645 1306 3714 si
1350 3644 1443 3714 de
1479 3647 1807 3731 martyre
1851 3648 2124 3731 agatur
2170 3648 2249 3713 et
2280 3644 2660 3713 evidenter
2696 3647 2985 3712 constet
3021 3643 3113 3713 de
3150 3645 3517 3733 martyrio

525 3758 605 3822 et
628 3771 858 3822 causa
885 3753 1233 3839 martyrii
1260 3757 1424 3822 tum
1458 3752 1951 3821 materialiter
1977 3757 2139 3822 tum
2167 3751 2587 3820 formaliter
2618 3752 2959 3837 spectati,
3000 3751 3126 3821 sed
3165 3751 3520 3822 deficiant

524 3859 913 3944 miracula,
959 3860 1230 3929 Sacrae
1259 3859 1873 3946 Congregationis
1904 3864 2020 3929 est
2057 3860 2393 3929 decidere
2432 3878 2532 3928 an
2568 3861 2784 3944 signa
2813 3861 2896 3927 in
2924 3878 3103 3929 casu
3144 3859 3519 3929 sufficiant

526 3974 628 4053 et,
665 3965 764 4036 iis
805 3967 1339 4045 deficientibus,
1375 3987 1473 4036 an
1510 3967 2077 4053 supplicandum
2118 3969 2220 4038 sit
2258 3966 2749 4037 sanctissimo
2791 3984 2927 4052 pro
2966 3955 3520 4052 dispensatione

529 4095 578 4145 a
613 4074 848 4162 signis
883 4075 966 4141 in
1000 4092 1203 4143 casu.

1803 4183 1982 4251 ΟΔΝ.
2030 4182 2229 4250 2117.
3143 4266 3147 4270 .

699 4318 820 4387 Ad
849 4315 1465 4385 beatificationem
1496 4316 1889 4384 Servorum
1927 4315 2069 4384 Dei
2096 4315 2582 4400 requiruntur
2609 4315 2759 4384 duo
2792 4318 3088 4383 tantum
3125 4314 3515 4390 miracula,

526 4426 593 4493 si
622 4429 852 4495 testes
880 4425 1159 4493 oculati
1185 4425 1265 4492 in
1294 4428 1609 4510 utroque
1636 4441 1983 4509 processu
2011 4428 2171 4493 tum
2202 4423 2682 4491 informativo
2707 4427 2867 4491 tum
2905 4421 3325 4507 apostolico
3361 4438 3512 4507 pro-

525 4533 897 4602 bationem
936 4532 1302 4601 virtutum
1340 4531 1818 4607 confecerint,
1858 4531 1977 4600 vel
2014 4531 2081 4598 si
2129 4534 2380 4613 testes,
2422 4531 2503 4598 in
2552 4548 2897 4615 processu
2941 4528 3364 4614 apostolico
3411 4544 3515 4595 ex·

524 4640 751 4724 cussi,
780 4639 1067 4709 fuerint
1094 4639 1355 4708 saltem
1383 4658 1472 4707 ex
1501 4639 1767 4708 auditu
1794 4658 1843 4707 a
1870 4639 2313 4723 videntibus3
2345 4638 2523 4722 tria,
2555 4639 2623 4706 si
2656 4641 2885 4706 testes
2918 4635 3207 4705 fuerint
3235 4634 3514 4705 oculati

525 4747 607 4815 in
633 4764 981 4831 processu
1015 4745 1495 4815 informativo
1518 4750 1595 4815 et
1621 4746 1713 4816 de
1748 4747 2015 4816 auditu
2044 4746 2349 4816 auditus
2385 4746 2466 4814 in
2502 4763 2847 4831 processu
2877 4743 3313 4829 apostolic03
3348 4761 3511 4829 qua·

527 4859 726 4938 tuor,
762 4855 935 4923 siin
968 4858 1281 4939 utroque
1311 4871 1654 4939 processu
1684 4854 1776 4923 de
1805 4855 2214 4924 virtutibus
2245 4853 2672 4923 constiterit
2700 4871 2833 4938 per
2870 4852 3067 4920 solos
3104 4855 3341 4921 testes
3375 4857 3511 4919 tra·

524 4961 837 5032 ditionis
883 4970 960 5035 et
998 4984 1131 5051 per
1166 4969 1606 5039 documenta
1646 4966 1698 5031 ³·

713 5200 735 5237 ¹
774 5199 833 5253 S.
866 5199 937 5252 B.
968 5200 1058 5262 0.,
1094 5199 1250 5253 decr.
1289 5199 1355 5254 20
1388 5213 1522 5264 aug.
1569 5201 1718 5255 1918.

702 5298 727 5332 ²
780 5292 837 5345 Β.
871 5290 940 5342 R.
974 5291 1063 5352 O..
1089 5290 1251 5343 decr.
1289 5291 1354 5344 23
1388 5303 1515 5353 apr.
1549 5291 1698 5344 1741.

704 5388 731 5424 ³
777 5381 1132 5435 Benedictus
1161 5382 1313 5442 XIV,
1346 5381 1501 5434 decr.
1544 5397 1575 5433 ι
1608 5382 1754 5433 oum
1786 5394 1860 5434 eo
1890 5382 2177 5436 relcuom
2207 5397 2258 5444 ι,
2293 5383 2360 5436 17
2399 5383 2503 5435 lul.
2538 5382 2686 5443 1744,
2732 5382 2760 5444 1
2792 5382 2847 5442 2,
2875 5383 2927 5445 ὃς
2955 5394 3048 5445 ep.
3084 5397 3118 5434 α
3149 5379 3378 5433 Beatus
3410 5380 3506 5430 A·-

532 5473 707 5523 areas
735 5487 784 5533 ι,
816 5471 883 5525 22
913 5472 1062 5524 febr.
1093 5472 1241 5533 1755,
1275 5473 1302 5534 fi
1331 5472 1382 5535 7;
1420 5471 1479 5526 S.
1512 5471 1583 5524 Β.
1625 5472 1713 5534 0.,
1746 5472 1903 5525 decr.
1936 5472 2001 5527 28
2028 5485 2156 5535 apr.
2189 5473 2337 5526 1741.
