3753 5871
446 313 558 373 234
1594 314 1790 366 Oodeoe
1836 313 1998 366 luris
2039 315 2320 367 canonici

1746 521 1925 589 CAN.
1970 520 2122 587 812.

632 642 846 709 Nulli
880 643 1248 711 sacerdoti
1279 642 1711 726 celebranti,
1749 648 2046 727 praeter
2079 643 2487 727 Episcopos
2527 642 2859 727 aliosque
2893 641 3268 726 praelatos
3312 660 3450 707 usu

460 749 997 833 pontificalium
1030 751 1389 834 fruentes,
1420 751 1620 834 licet,
1659 751 1817 819 sola
1854 752 2155 819 honoris
2185 757 2320 820 aut
2351 751 2875 819 sollemnitatis
2900 768 3153 832 causa,
3186 750 3453 817 habere

461 857 970 943 presbyterum
1013 859 1479 927 assistentem
1513 858 1562 926 ².

1747 967 1926 1035 ΟΑΝ.
1975 966 2128 1034 813.

636 1090 670 1172 5
718 1092 784 1156 1.
837 1090 1196 1160 Sacerdos
1236 1092 1542 1158 Missam
1581 1111 1672 1160 ne
1708 1091 2027 1160 celebret
2066 1092 2225 1159 sine
2262 1092 2607 1158 ministro
2646 1088 2773 1176 qui
2820 1089 3053 1157 eidem
3092 1086 3450 1155 inserviat

455 1202 536 1265 et
579 1198 1022 1282 respondeat
1046 1198 1098 1265 ².
3426 1246 3433 1261 ,

636 1304 669 1386 5
717 1305 783 1371 2.
835 1306 1182 1375 Minister
1225 1307 1498 1375 Missae
1539 1308 1949 1375 inserviens
1993 1326 2083 1375 ne
2124 1307 2227 1375 sit
2269 1306 2561 1389 mulier,
2608 1305 2780 1387 nisi,
2836 1302 3219 1372 deficiente
3260 1301 3447 1381 viro,

462 1412 665 1481 iusta
701 1413 792 1481 de
831 1433 1082 1498 causa,
1128 1433 1358 1500 eaque
1407 1417 1565 1501 lege
1614 1422 1700 1484 ut
1739 1415 2007 1483 mulier
2055 1434 2143 1483 ex
2184 1415 2587 1499 longinquo
2637 1411 3079 1496 respondeat
3121 1427 3252 1477 nec
3297 1408 3452 1476 ullo

460 1525 681 1601 pacto
708 1521 803 1588 ad
836 1521 1076 1590 altare
1107 1522 1408 1591 accedat
1435 1523 1489 1590 ³.

1089 1768 1252 1832 Am.
1297 1768 1373 1831 II.
1418 1804 1497 1814 -
1539 1771 1636 1832 De
1675 1770 1931 1833 Missae
1971 1770 2218 1833 ritibus
2257 1772 2321 1833 et
2359 1774 2824 1835 caeremoniis.

1766 1922 1943 1990 CAN·
1985 1922 2139 1989 814.

638 2043 1205 2112 sacrosanctum
1249 2046 1522 2113 Missae
1572 2046 2015 2112 sacrificium
2058 2046 2313 2114 offerri
2353 2047 2569 2114 debet
2607 2066 2695 2115 ex
2738 2066 2928 2132 pane
2967 2052 3045 2117 et
3081 2048 3277 2133 vino,
3329 2050 3451 2116 cui

460 2151 958 2220 modicissima
986 2170 1179 2236 aqua
1210 2153 1583 2222 miscenda
1615 2161 1729 2222 est
1762 2154 1815 2219 ⁴.

1755 2297 1933 2364 CAN.
1977 2297 2130 2364 815.

638 2417 672 2499 ξ
721 2419 786 2483 1.
837 2418 1068 2485 Panis
1097 2418 1310 2486 debet
1348 2437 1505 2486 esse
1543 2436 1737 2487 mere
1777 2419 2118 2487 triticeus
2151 2423 2228 2487 et
2260 2423 2590 2487 recenter
2619 2419 3001 2486 confectus
3030 2420 3142 2487 ita
3174 2424 3259 2487 ut
3290 2419 3449 2485 nul·

460 2524 614 2591 lum
657 2526 758 2593 sit
790 2524 1200 2609 periculum
1233 2527 1736 2611 corruptionis
1766 2529 1815 2591 ⁵.

463 2739 591 2788 sale
622 2736 809 2797 Rom„
843 2737 937 2789 tit.
971 2736 1059 2788 De
1094 2736 1422 2795 defectibus
1452 2739 1514 2785 in
1555 2736 1944 2788 celebratione
1976 2739 2291 2789 missarum
2331 2743 2791 2801 occurrentibus,
2823 2754 2872 2794 c.
2911 2744 2977 2803 X,
3022 2746 3093 2796 de
3125 2743 3455 2802 defectibus

466 2826 530 2873 in
567 2825 897 2876 ministerio
937 2826 1064 2885 ipso
1100 2826 1562 2882 occurrentibus.
1599 2838 1658 2877 ιι.
1708 2828 1758 2887 1;
1795 2827 2140 2880 pontificale
2187 2828 2376 2889 Rom„
2419 2830 2514 2882 tit.
2557 2830 2645 2881 De
2694 2831 3130 2885 consecratione
3168 2831 3342 2883 electi
3391 2832 3453 2880 in

462 2916 815 2974 episcopum.

643 3006 663 3041 ¹
704 3007 846 3057 Pius
867 3007 933 3064 Χ,
961 3008 1128 3057 motu
1152 3017 1346 3066 propr.
1371 3021 1404 3056 a
1427 3005 1596 3057 Inter
1620 3004 1975 3066 multiplices
2006 3021 2056 3067 s,
2084 3006 2148 3058 21
2174 3007 2322 3059 febr.
2357 3008 2503 3068 1905,
2532 3021 2589 3059 ιι.
2623 3009 2706 3068 29,
2743 3010 2824 3071 47;
2851 3009 2908 3061 S.
2947 3010 3017 3062 R.
3054 3010 3142 3071 0.,
3175 3010 3452 3071 Ονίοῑεη.,

462 3094 496 3145 7
527 3106 660 3155 ειυς.
699 3094 846 3155 1028;
876 3094 1029 3146 decr.
1067 3094 1131 3145 27
1163 3097 1311 3156 sept.
1355 3095 1504 3155 1059,
1539 3107 1597 3145 ιι.
1641 3095 1691 3156 7;
1728 3094 2135 3154 Volaterrana,
2172 3097 2238 3148 10
2277 3108 2405 3157 apr.
2442 3097 2589 3157 1060,
2628 3098 2704 3150 ad
2739 3101 2788 3160 43
2822 3099 3155 3158 Cortonen„
3199 3101 3266 3154 10
3300 3105 3449 3161 sept.

465 3183 613 3244 1701,
644 3179 721 3235 n'd
755 3185 840 3244 24:
867 3183 1180 3233 Pistorien.
1212 3187 1271 3234 et
1303 3182 1564 3242 Proten„
1595 3184 1661 3235 15
1697 3187 1871 3237 mart.
1909 3184 2056 3246 1721;
2087 3184 2324 3244 Bar-en„
2363 3186 2396 3238 3
2427 3199 2559 3248 aug.
2602 3186 2749 3246 1839,
2782 3187 2860 3239 ad
2893 3191 2942 3250 1;
2973 3187 3230 3246 Lucana,
3266 3189 3299 3239 7
3327 3189 3450 3240 dec.

465 3273 611 3333 1844,
645 3273 723 3325 ad
762 3272 810 3334 2:
844 3271 1272 3332 Drepanitano,
1309 3273 1374 3323 27
1409 3273 1557 3324 febr.
1605 3256 1751 3334 184·st
1792 3273 2128 3326 Vicariatus
2173 3274 2494 3333 Apostolici
2532 3274 3191 3336 constantinopolitani,
3232 3278 3296 3328 21
3347 3279 3448 3329 iul.

462 3362 609 3422 18553
636 3361 857 3412 Montis
885 3361 1216 3420 Pessulani,
1244 3363 1309 3413 11
1337 3362 1439 3413 iul.
1476 3362 1625 3423 1857;
1652 3361 1893 3421 lacten„
1931 3363 1996 3414 28
2027 3364 2130 3415 iul.
2163 3363 2311 3423 1876,
2350 3365 2428 3416 nd
2460 3365 2540 3426 11;
2577 3364 2794 3424 laceri„
2826 3366 2892 3417 30
2922 3366 3040 3417 ian.
3073 3366 3220 3426 1878,
3257 3366 3334 3417 ad
3371 3368 3453 3429 II;

469 3450 795 3509 vicentina,
824 3452 856 3502 1
886 3451 1009 3503 dec.
1039 3450 1186 3511 1882:
1215 3449 1488 3509 Dianen„
1518 3452 1584 3503 19
1618 3455 1765 3512 sept.
1798 3452 1946 3514 188&
1984 3451 2268 3512 Oremen„
2298 3453 2363 3504 21
2393 3465 2524 3505 nov.
2564 3454 2711 3516 1902;
2739 3455 3178 3507 caeremoniale
3218 3455 3453 3515 Episco-

465 3550 610 3600 μοι..
643 3540 680 3590 1.
713 3541 762 3600 1,
793 3551 844 3590 c.
877 3540 1010 3601 vl1;
1045 3541 1085 3594 1.
1118 3539 1201 3601 11,
1237 3551 1288 3591 c.
1323 3541 1491 3591 VIII.

639 3629 666 3664 ²
702 3629 766 3681 C.
795 3630 846 3688 6,
877 3631 942 3690 Χ,
977 3632 1048 3680 de
1071 3629 1215 3691 filiis
1239 3630 1710 3691 presbyterorum
1737 3632 2083 3682 ordinandis
2108 3633 2201 3682 vel
2225 3644 2361 3690 non,
2397 3632 2446 3691 1,
2475 3632 2556 3693 17;
2580 3632 2753 3684 Cone.
2786 3632 3101 3693 Basileen„
3131 3645 3274 3685 sess.
3304 3632 3452 3693 XXI,

461 3728 512 3768 c.
553 3717 601 3778 8;
631 3718 873 3770 Missale
903 3718 1090 3780 Rom„
1121 3720 1215 3771 tit.
1246 3718 1425 3770 Ritus
1451 3721 1779 3771 servandus
1814 3722 1878 3770 in
1911 3719 2300 3770 celebratione
2331 3722 2564 3777 missae:
2600 3722 2695 3773 tit.
2733 3720 2818 3772 De
2857 3721 3185 3780 defectibus
3216 3722 3280 3772 in
3311 3722 3452 3771 cele·

467 3808 733 3858 bratione
757 3808 1071 3858 missarum
1099 3810 1558 3868 occurrentibus,
1582 3822 1632 3861 c.
1661 3811 1726 3864 X.
1756 3812 1827 3860 de
1859 3809 2188 3870 defectibus
2216 3810 2277 3860 in
2312 3810 2637 3861 ministerio
2663 3811 2791 3870 ipso
2820 3811 3281 3870 occurrentibus,
3315 3824 3371 3861 n.
3401 3814 3451 3862 1.

638 3899 664 3934 ³
702 3897 767 3948 C.
805 3899 854 3956 1,
891 3898 956 3957 X,
988 3899 1058 3947 de
1086 3897 1520 3948 cohabitatione
1547 3897 1890 3949 cleiicorum
1921 3902 1979 3949 et
2008 3897 2338 3957 mulierum,
2377 3899 2491 3959 111,
2523 3900 2570 3959 2;
2606 3900 2985 3951 Innocentius
3013 3898 3114 3960 1v,
3145 3911 3235 3958 ep.
3274 3915 3307 3950 a
3337 3898 3456 3950 Sub

461 3986 789 4036 catholicae
828 3999 880 4046 ιι,
913 3986 947 4037 6
977 3990 1151 4039 mart.
1185 3987 1332 4046 1254,
1368 3987 1394 4048 5
1425 3989 1476 4046 3,
1519 4000 1576 4038 ιι.
1614 3988 1695 4048 14;
1729 3987 2085 4040 Benedictus
2124 3988 2274 4047 XIV,
2310 3990 2494 4039 const.
2540 4003 2571 4038 a
2603 3987 2737 4038 Etsi
2772 3988 3092 4047 pastoralis
3124 4003 3174 4048 ι,
3211 3988 3276 4040 20
3309 3988 3452 4039 maii

463 4076 611 4136 1742,
640 4077 666 4138 5
692 4076 794 4136 VI,
817 4088 876 4127 ιι.
904 4077 1159 4136 XX13ep.
1191 4078 1408 4138 encycl.
1437 4093 1468 4128 a
1498 4076 1732 4127 dilatae
1757 4082 1894 4128 sunt
1923 4092 1971 4136 s,
2005 4077 2069 4129 20
2092 4079 2194 4129 iul.
2221 4078 2368 4136 1755,
2397 4078 2427 4138 5
2451 4078 2532 4137 29;
2559 4076 2616 4129 S.
2650 4078 2719 4128 B.
2756 4077 2844 4137 C„
2882 4078 3187 4134 Ver-ouen„
3219 4078 3282 4127 27
3317 4089 3449 4138 aug.

463 4164 611 4224 1836,
644 4165 725 4216 ad
752 4164 801 4226 8;
827 4164 1122 4222 Alatr-ina,
1150 4165 1215 4217 18
1238 4168 1412 4217 mart.
1442 4165 1589 4224 1890,
1627 4166 1704 4217 ad
1736 4166 1835 4226 VI;
1864 4167 2106 4218 Missale
2141 4166 2329 4226 Rom„
2362 4167 2457 4218 tit.
2496 4166 2583 4215 De
2612 4165 2940 4226 defectibus
2972 4167 3035 4216 in
3064 4166 3454 4215 celebratione

466 4255 780 4304 missarum
814 4254 1273 4334 occurrentibus,
1304 4266 1354 4305 c.
1388 4255 1452 4314 X,
1490 4257 1560 4305 de
1591 4254 1920 4314 defectibus
1958 4257 2021 4304 in
2055 4253 2381 4305 ministerio
2422 4253 2548 4314 ipso
2580 4254 3039 4314 occurrentibus,
3075 4267 3133 4306 n.
3176 4257 3227 4306 1.

645 4348 672 4382 ⁴
703 4343 767 4396 C.
799 4345 848 4403 1,
885 4344 934 4403 2,
971 4345 1021 4403 4,
1058 4344 1107 4402 5,
1145 4343 1195 4402 7,
1230 4343 1313 4403 55,
1350 4343 1432 4403 83,
1464 4344 1535 4394 D.
1568 4344 1650 4402 11,
1683 4345 1754 4394 de
1784 4355 1962 4398 conss
1992 4355 2045 4395 c.
2084 4344 2135 4405 0,
2169 4344 2219 4403 8,
2251 4345 2334 4403 13,
2373 4345 2455 4403 14,
2489 4345 2554 4403 Χ,
2595 4346 2665 4394 de
2696 4343 3085 4395 celebratione
3118 4344 3453 4400 missarum,

465 4439 522 4486 et
549 4437 917 4485 sacramento
943 4433 1378 4491 Eucharistiae,
1406 4436 1464 4483 et
1495 4431 1712 4484 divinis
1737 4434 1962 4492 officiis,
1997 4434 2114 4494 111,
2143 4436 2225 4495 41;
2256 4434 2430 4485 Cone.
2459 4433 2746 4492 Trident„
2780 4445 2921 4485 sess.
2959 4433 3139 4494 XXII,
3177 4436 3249 4484 de
3277 4434 3454 4482 sacri-

460 4523 596 4581 ficio
625 4505 866 4576 'missae
899 4534 947 4573 e.
987 4524 1036 4582 1,
1072 4522 1123 4582 7,
1156 4533 1285 4573 can.
1320 4523 1370 4582 9;
1404 4522 1702 4582 Eugenius
1741 4522 1825 4573 lv
1876 4523 1964 4582 (in
1998 4523 2171 4574 Cone.
2212 4522 2582 4581 Florentin.),
2626 4526 2811 4573 const.
2853 4538 2881 4572 α
2924 4521 3207 4573 Eoeaeaeltate
3244 4522 3365 4573 Deo
3404 4538 3451 4580 a,

465 4613 530 4663 22
556 4625 687 4664 nov.
720 4613 866 4672 1439.
898 4612 925 4678 5
956 4613 1037 4673 12;
1066 4611 1420 4663 Benedictus
1454 4611 1604 4670 XIV.
1634 4623 1724 4671 ep.
1763 4613 1981 4673 enci-cl.
2015 4627 2045 4662 α
2076 4612 2311 4663 Allatae
2349 4615 2486 4662 sunt
2526 4628 2573 4669 ιι,
2606 4612 2671 4663 26
2699 4613 2802 4662 iul.
2834 4612 2981 4667 1755,
3015 4611 3041 4672 5
3074 4610 3125 4670 6,
3160 4610 3243 4670 22:
3279 4609 3338 4660 S.
3379 4610 3446 4661 C.

469 4703 525 4753 s.
550 4702 699 4760 off„
730 4702 764 4752 τ
791 4681 924 4762 αιεὲ.
956 4702 1102 4761 1704,
1137 4701 1212 4753 ad
1251 4700 1300 4762 2;
1331 4713 1426 4761 ep.
1462 4702 1523 4751 11
1556 4713 1685 4762 aug.
1729 4701 1874 4760 1904;
1910 4700 1966 4751 s.
2005 4700 2069 4752 c.
2106 4701 2180 4752 de
2219 4701 2389 4760 prop.
2426 4700 2571 4751 Fide
2615 4701 2702 4752 (c.
2739 4701 2854 4760 G.)‚
2889 4701 2954 4751 30
2987 4701 3104 4750 ian.
3139 4699 3285 4757 1⁶35:
3318 4699 3454 4749 Mis-

465 4793 589 4842 snle
627 4790 814 4850 Rom„
848 4792 940 4844 tit.
976 4791 1149 4842 Ritus
1177 4793 1503 4840 servandus
1533 4792 1592 4840 in
1624 4791 2014 4842 celebratione
2043 4790 2277 4844 missae.
2308 4801 2355 4840 c.
2398 4790 2532 4843 vn.
2575 4788 2644 4839 d’e
2676 4789 2977 4847 offertorio
3011 4794 3069 4840 et
3101 4789 3238 4837 aliis
3276 4799 3453 4846 usque

465 4883 540 4929 ad
578 4883 888 4938 (janonem,
927 4893 984 4932 ιι.
1025 4883 1071 4938 4;
1106 4882 1200 4932 tit.
1240 4880 1326 4929 De
1372 4877 1699 4939 defectibus
1736 4880 1795 4929 in
1841 4879 2230 4929 mlebratione
2270 4880 2579 4928 missarum
2621 4878 3079 4936 occurrentibus,
3125 4889 3174 4929 c.
3227 4878 3343 4933 111.
3384 4878 3454 4926 de

465 4971 697 5025 defectu
729 4971 918 5027 panis:
945 4981 993 5020 c.
1028 4970 1128 5026 lv.
1162 4971 1231 5019 de
1264 4970 1497 5028 defectu
1533 4968 1678 5027 vini·
1714 4981 1763 5020 c.
1800 4971 1866 5028 Χ,
1904 4971 1973 5019 de
2006 4968 2333 5026 defectibus
2375 4969 2433 5017 in
2466 4967 2794 5016 ministerio
2834 4971 2960 5028 ipso
2993 4966 3451 5020 occurrentibus,

467 5070 523 5107 n.
555 5060 603 5114 5,
635 5060 684 5115 6,
720 5058 798 5117 13;
825 5059 917 5110 tit.
952 5060 1107 5109 Ordo
1143 5059 1375 5108 missae.

644 5151 667 5184 ³
713 5149 1008 5205 Eumenius
1039 5150 1117 5199 IV
1159 5149 1243 5204 (in
1273 5149 1445 5200 Cone.
1481 5149 1849 5208 Florentino,
1883 5151 2067 5199 const.
2114 5163 2141 5197 ει
2180 5147 2460 5198 Eruliaic
2494 5147 2616 5197 Deo
2649 5162 2696 5206 n,
2739 5146 2803 5196 22
2832 5158 2961 5196 nov.
3004 5146 3152 5202 1439,
3188 5146 3214 5205 5
3246 5146 3327 5202 12;
3370 5144 3457 5202 (in

464 5240 639 5289 Cone.
683 5238 1049 5298 Florentia),
1087 5242 1271 5289 const.
1316 5254 1344 5288 α
1383 5236 1633 5288 cantate
1670 5237 1919 5288 Domino
1965 5253 2012 5295 ι),
2051 5239 2083 5287 4
2128 5237 2275 5288 febr.
2315 5238 2463 5296 1441,
2507 5236 2533 5296 5
2581 5236 2660 5291 ffi:
2707 5234 3025 5294 Gregorius
3062 5234 3227 5290 XIII.
3267 5236 3449 5284 const.

465 5344 495 5378 α
523 5327 945 5377 sanctissimus
974 5343 1022 5387 ι,
1051 5341 1105 5378 ει.
1134 5327 1281 5386 1575,
1312 5327 1610 5378 Protessio
1641 5325 1782 5378 fidei
1818 5326 2060 5377 Graecis
2090 5338 2366 5387 praescr.;
2395 5325 2749 5376 Benedictus
2783 5323 2934 5382 xlv,
2965 5334 3054 5383 ep.
3095 5338 3124 5372 α
3154 5319 3355 5380 Nuper
3380 5320 3455 5368 ad

465 5418 584 5467 Nos
615 5433 661 5474 ι),
691 5418 755 5468 10
781 5421 955 5468 mart.
982 5417 1129 5476 1743,
1161 5417 1457 5468 Professio
1489 5416 1623 5467 fidei
1654 5416 1968 5468 Maronitis
2002 5427 2278 5476 praeser.;
2308 5414 2363 5466 S.
2403 5414 2467 5465 G.
2508 5413 2565 5466 S.
2605 5414 2718 5465 off.
2761 5412 3193 5472 (Coimbatur.),
3233 5411 3296 5462 23
3330 5410 3452 5460 iun.

466 5509 610 5567 1852&
647 5510 679 5558 9
715 5509 816 5558 iul.
855 5506 1000 5567 1881:
1038 5506 1154 5558 litt.
1201 5507 1419 5568 encycl.
1466 5506 1533 5558 00
1568 5517 1701 5567 aug.
1750 5506 1897 5562 1901:
1936 5505 1993 5556 S.
2032 5504 2097 5556 C.
2139 5505 2213 5556 de
2252 5504 2422 5563 Prop.
2466 5503 2628 5562 Fide.
2671 5504 2838 5554 instr.
2879 5503 2943 5554 31
2983 5502 3086 5552 iul.
3126 5500 3272 5557 1902.
3313 5512 3369 5549 n.
3407 5498 3456 5559 6:
