<?xml version="1.0" encoding="UTF-8"?>
<!DOCTYPE html PUBLIC "-//W3C//DTD XHTML 1.0 Transitional//EN"
    "http://www.w3.org/TR/xhtml1/DTD/xhtml1-transitional.dtd">
<html xmlns="http://www.w3.org/1999/xhtml" xml:lang="en" lang="en">
 <head>
  <title>
</title>
<meta http-equiv="Content-Type" content="text/html;charset=utf-8" />
  <meta name='ocr-system' content='tesseract 3.04.00' />
  <meta name='ocr-capabilities' content='ocr_page ocr_carea ocr_par ocr_line ocrx_word'/>
</head>
<body>
  <div class='ocr_page' id='page_1' title='image "./codexiuriscanon00xgoog_0700.png"; bbox 0 0 3753 5871; ppageno 0'>
   <div class='ocr_carea' id='block_1_1' title="bbox 545 174 2420 235">
    <p class='ocr_par' dir='ltr' id='par_1_1' title="bbox 545 174 2420 235">
     <span class='ocr_line' id='line_1_1' title="bbox 545 174 2420 235; baseline 0.001 -2"><span class='ocrx_word' id='word_1_1' title='bbox 545 174 659 233; x_wconf 68' lang='grc'><strong>648</strong></span> <span class='ocrx_word' id='word_1_2' title='bbox 1691 182 1889 233; x_wconf 74' lang='lat' dir='ltr'><strong>(70de</strong></span> <span class='ocrx_word' id='word_1_3' title='bbox 1928 182 2090 234; x_wconf 66' lang='lat' dir='ltr'><strong>lum</strong></span> <span class='ocrx_word' id='word_1_4' title='bbox 2140 184 2420 235; x_wconf 56' lang='lat' dir='ltr'><strong>Uononi&amp;</strong></span> 
     </span>
    </p>
   </div>
   <div class='ocr_carea' id='block_1_2' title="bbox 547 364 3513 769">
    <p class='ocr_par' dir='ltr' id='par_1_2' title="bbox 547 364 3513 769">
     <span class='ocr_line' id='line_1_2' title="bbox 730 364 3511 461; baseline 0.005 -31"><span class='ocrx_word' id='word_1_5' title='bbox 730 364 765 447; x_wconf 67' lang='grc' dir='ltr'><strong>ξ</strong></span> <span class='ocrx_word' id='word_1_6' title='bbox 811 365 877 431; x_wconf 88' lang='grc'><strong>2.</strong></span> <span class='ocrx_word' id='word_1_7' title='bbox 927 367 1259 435; x_wconf 82' lang='lat' dir='ltr'><strong>Eandem</strong></span> <span class='ocrx_word' id='word_1_8' title='bbox 1301 371 2131 440; x_wconf 75' lang='lat' dir='ltr'><strong>excommunicationem</strong></span> <span class='ocrx_word' id='word_1_9' title='bbox 2183 392 2331 441; x_wconf 91' lang='lat' dir='ltr'><strong>non</strong></span> <span class='ocrx_word' id='word_1_10' title='bbox 2369 374 2634 459; x_wconf 75' lang='lat' dir='ltr'><strong>effugit</strong></span> <span class='ocrx_word' id='word_1_11' title='bbox 2671 375 3059 442; x_wconf 70' lang='lat' dir='ltr'><strong>abmlvens</strong></span> <span class='ocrx_word' id='word_1_12' title='bbox 3106 377 3226 443; x_wconf 86' lang='lat' dir='ltr'><strong>vel</strong></span> <span class='ocrx_word' id='word_1_13' title='bbox 3270 375 3511 461; x_wconf 72' lang='lat' dir='ltr'><strong>fingens</strong></span> 
     </span>
     <span class='ocr_line' id='line_1_3' title="bbox 550 475 3511 569; baseline 0.003 -29"><span class='ocrx_word' id='word_1_14' title='bbox 550 475 926 543; x_wconf 70' lang='lat' dir='ltr'><strong>abmlvere</strong></span> <span class='ocrx_word' id='word_1_15' title='bbox 961 478 1389 561; x_wconf 78' lang='lat' dir='ltr'><strong>complicem</strong></span> <span class='ocrx_word' id='word_1_16' title='bbox 1429 479 1558 563; x_wconf 92' lang='lat' dir='ltr'><strong>qui</strong></span> <span class='ocrx_word' id='word_1_17' title='bbox 1595 485 1977 564; x_wconf 85' lang='lat' dir='ltr'><strong>peccatum</strong></span> <span class='ocrx_word' id='word_1_18' title='bbox 2028 482 2320 566; x_wconf 88' lang='lat' dir='ltr'><strong>quidem</strong></span> <span class='ocrx_word' id='word_1_19' title='bbox 2358 483 2911 567; x_wconf 84' lang='lat' dir='ltr'><strong>complicitatis,</strong></span> <span class='ocrx_word' id='word_1_20' title='bbox 2952 502 3000 551; x_wconf 87' lang='lat' dir='ltr'><strong>a</strong></span> <span class='ocrx_word' id='word_1_21' title='bbox 3040 503 3187 569; x_wconf 92' lang='lat' dir='ltr'><strong>quo</strong></span> <span class='ocrx_word' id='word_1_22' title='bbox 3224 483 3511 552; x_wconf 88' lang='lat' dir='ltr'><strong>nondum</strong></span> 
     </span>
     <span class='ocr_line' id='line_1_4' title="bbox 548 584 3513 677; baseline 0.002 -25"><span class='ocrx_word' id='word_1_23' title='bbox 548 588 666 652; x_wconf 88' lang='lat' dir='ltr'><strong>est</strong></span> <span class='ocrx_word' id='word_1_24' title='bbox 700 584 1111 669; x_wconf 89' lang='lat' dir='ltr'><strong>absolutus,</strong></span> <span class='ocrx_word' id='word_1_25' title='bbox 1155 604 1299 653; x_wconf 90' lang='lat' dir='ltr'><strong>non</strong></span> <span class='ocrx_word' id='word_1_26' title='bbox 1338 586 1763 671; x_wconf 87' lang='lat' dir='ltr'><strong>confitetur,</strong></span> <span class='ocrx_word' id='word_1_27' title='bbox 1796 589 1925 657; x_wconf 88' lang='lat' dir='ltr'><strong>sed</strong></span> <span class='ocrx_word' id='word_1_28' title='bbox 1956 589 2122 658; x_wconf 88' lang='lat' dir='ltr'><strong>ideo</strong></span> <span class='ocrx_word' id='word_1_29' title='bbox 2160 590 2270 659; x_wconf 89' lang='lat' dir='ltr'><strong>ita</strong></span> <span class='ocrx_word' id='word_1_30' title='bbox 2303 610 2381 659; x_wconf 90' lang='lat' dir='ltr'><strong>se</strong></span> <span class='ocrx_word' id='word_1_31' title='bbox 2412 591 2631 675; x_wconf 82' lang='lat' dir='ltr'><strong>gerit,</strong></span> <span class='ocrx_word' id='word_1_32' title='bbox 2666 592 2845 677; x_wconf 84' lang='lat' dir='ltr'><strong>quia</strong></span> <span class='ocrx_word' id='word_1_33' title='bbox 2874 591 2970 660; x_wconf 80' lang='lat' dir='ltr'><strong>ad</strong></span> <span class='ocrx_word' id='word_1_34' title='bbox 3004 592 3084 660; x_wconf 90' lang='lat' dir='ltr'><strong>id</strong></span> <span class='ocrx_word' id='word_1_35' title='bbox 3114 611 3165 660; x_wconf 88' lang='lat' dir='ltr'><strong>a</strong></span> <span class='ocrx_word' id='word_1_36' title='bbox 3191 592 3513 677; x_wconf 80' lang='lat' dir='ltr'><strong>complice</strong></span> 
     </span>
     <span class='ocr_line' id='line_1_5' title="bbox 547 692 2706 769; baseline 0.004 -10"><span class='ocrx_word' id='word_1_37' title='bbox 547 692 1003 761; x_wconf 76' lang='lat' dir='ltr'><strong>confessario</strong></span> <span class='ocrx_word' id='word_1_38' title='bbox 1037 693 1190 763; x_wconf 87' lang='lat' dir='ltr'><strong>sive</strong></span> <span class='ocrx_word' id='word_1_39' title='bbox 1222 693 1504 763; x_wconf 77' lang='lat' dir='ltr'><strong>directe</strong></span> <span class='ocrx_word' id='word_1_40' title='bbox 1537 696 1691 765; x_wconf 82' lang='lat' dir='ltr'><strong>sive</strong></span> <span class='ocrx_word' id='word_1_41' title='bbox 1732 697 2097 767; x_wconf 83' lang='lat' dir='ltr'><strong>indirecte</strong></span> <span class='ocrx_word' id='word_1_42' title='bbox 2131 699 2483 768; x_wconf 90' lang='lat' dir='ltr'><strong>inductus</strong></span> <span class='ocrx_word' id='word_1_43' title='bbox 2519 705 2633 769; x_wconf 89' lang='lat' dir='ltr'><strong>est</strong></span> <span class='ocrx_word' id='word_1_44' title='bbox 2654 698 2706 767; x_wconf 80' lang='lat'><strong>².</strong></span> 
     </span>
    </p>
   </div>
   <div class='ocr_carea' id='block_1_3' title="bbox 1821 919 2252 987">
    <p class='ocr_par' dir='ltr' id='par_1_3' title="bbox 1821 919 2252 987">
     <span class='ocr_line' id='line_1_6' title="bbox 1821 919 2252 987; baseline -0.007 0"><span class='ocrx_word' id='word_1_45' title='bbox 1821 919 2003 987; x_wconf 77' lang='lat' dir='ltr'>CAN.</span> <span class='ocrx_word' id='word_1_46' title='bbox 2055 919 2252 986; x_wconf 83' lang='lat'><strong>2368.</strong></span> 
     </span>
    </p>
   </div>
   <div class='ocr_carea' id='block_1_4' title="bbox 545 1059 3522 2371">
    <p class='ocr_par' dir='ltr' id='par_1_4' title="bbox 545 1059 3521 1698">
     <span class='ocr_line' id='line_1_7' title="bbox 731 1059 3517 1148; baseline -0.002 -16"><span class='ocrx_word' id='word_1_47' title='bbox 731 1066 765 1148; x_wconf 65' lang='grc' dir='ltr'><strong><em>ξ</em></strong></span> <span class='ocrx_word' id='word_1_48' title='bbox 813 1068 878 1132; x_wconf 94' lang='grc'><strong>1.</strong></span> <span class='ocrx_word' id='word_1_49' title='bbox 928 1064 1076 1144; x_wconf 82' lang='lat' dir='ltr'><strong>Qui</strong></span> <span class='ocrx_word' id='word_1_50' title='bbox 1127 1064 1684 1132; x_wconf 79' lang='lat' dir='ltr'><strong>sollicitationis</strong></span> <span class='ocrx_word' id='word_1_51' title='bbox 1720 1064 2004 1131; x_wconf 83' lang='lat' dir='ltr'><strong>crimen</strong></span> <span class='ocrx_word' id='word_1_52' title='bbox 2043 1062 2137 1130; x_wconf 88' lang='lat' dir='ltr'><strong>de</strong></span> <span class='ocrx_word' id='word_1_53' title='bbox 2190 1080 2335 1146; x_wconf 92' lang='lat' dir='ltr'><strong>quo</strong></span> <span class='ocrx_word' id='word_1_54' title='bbox 2373 1062 2452 1128; x_wconf 94' lang='lat' dir='ltr'><strong>in</strong></span> <span class='ocrx_word' id='word_1_55' title='bbox 2493 1080 2659 1128; x_wconf 90' lang='lat' dir='ltr'><strong>can.</strong></span> <span class='ocrx_word' id='word_1_56' title='bbox 2706 1061 2860 1144; x_wconf 78' lang='lat'><strong>904,</strong></span> <span class='ocrx_word' id='word_1_57' title='bbox 2906 1059 3384 1142; x_wconf 88' lang='lat' dir='ltr'><strong>commiserit,</strong></span> <span class='ocrx_word' id='word_1_58' title='bbox 3427 1077 3517 1126; x_wconf 85' lang='lat' dir='ltr'><strong>su·</strong></span> 
     </span>
     <span class='ocr_line' id='line_1_8' title="bbox 549 1167 3517 1260; baseline -0.003 -18"><span class='ocrx_word' id='word_1_59' title='bbox 549 1174 959 1260; x_wconf 89' lang='lat' dir='ltr'><strong>spendatur</strong></span> <span class='ocrx_word' id='word_1_60' title='bbox 987 1193 1035 1242; x_wconf 86' lang='lat' dir='ltr'><strong>a</strong></span> <span class='ocrx_word' id='word_1_61' title='bbox 1070 1173 1566 1242; x_wconf 81' lang='lat' dir='ltr'><strong>celebratione</strong></span> <span class='ocrx_word' id='word_1_62' title='bbox 1597 1172 1871 1240; x_wconf 81' lang='lat' dir='ltr'><strong>Missae</strong></span> <span class='ocrx_word' id='word_1_63' title='bbox 1904 1176 1982 1240; x_wconf 91' lang='lat' dir='ltr'><strong>et</strong></span> <span class='ocrx_word' id='word_1_64' title='bbox 2012 1172 2109 1239; x_wconf 87' lang='lat' dir='ltr'><strong>ab</strong></span> <span class='ocrx_word' id='word_1_65' title='bbox 2147 1170 2538 1238; x_wconf 81' lang='lat' dir='ltr'><strong>audiendis</strong></span> <span class='ocrx_word' id='word_1_66' title='bbox 2573 1168 3241 1237; x_wconf 78' lang='lat' dir='ltr'><strong>sacramentalibus</strong></span> <span class='ocrx_word' id='word_1_67' title='bbox 3271 1167 3517 1234; x_wconf 72' lang='lat' dir='ltr'><strong>confes</strong></span> 
     </span>
     <span class='ocr_line' id='line_1_9' title="bbox 550 1275 3521 1366; baseline -0.003 -14"><span class='ocrx_word' id='word_1_68' title='bbox 550 1284 883 1352; x_wconf 90' lang='lat' dir='ltr'><strong>sionibus</strong></span> <span class='ocrx_word' id='word_1_69' title='bbox 926 1285 1043 1351; x_wconf 85' lang='lat' dir='ltr'><strong>vel</strong></span> <span class='ocrx_word' id='word_1_70' title='bbox 1088 1283 1313 1352; x_wconf 89' lang='lat' dir='ltr'><strong>etiam</strong></span> <span class='ocrx_word' id='word_1_71' title='bbox 1360 1301 1498 1366; x_wconf 88' lang='lat' dir='ltr'><strong>pro</strong></span> <span class='ocrx_word' id='word_1_72' title='bbox 1552 1281 1808 1349; x_wconf 82' lang='lat' dir='ltr'><strong>delicti</strong></span> <span class='ocrx_word' id='word_1_73' title='bbox 1855 1281 2228 1366; x_wconf 84' lang='lat' dir='ltr'><strong>gravitate</strong></span> <span class='ocrx_word' id='word_1_74' title='bbox 2271 1279 2624 1345; x_wconf 89' lang='lat' dir='ltr'><strong>inhabilis</strong></span> <span class='ocrx_word' id='word_1_75' title='bbox 2679 1279 2776 1346; x_wconf 90' lang='lat' dir='ltr'><strong>ad</strong></span> <span class='ocrx_word' id='word_1_76' title='bbox 2824 1278 3029 1362; x_wconf 89' lang='lat' dir='ltr'><strong>ipsas</strong></span> <span class='ocrx_word' id='word_1_77' title='bbox 3074 1275 3521 1361; x_wconf 80' lang='lat' dir='ltr'><strong>excipiendas</strong></span> 
     </span>
     <span class='ocr_line' id='line_1_10' title="bbox 546 1386 3519 1479; baseline -0.004 -15"><span class='ocrx_word' id='word_1_78' title='bbox 546 1394 992 1479; x_wconf 85' lang='lat' dir='ltr'><strong>declaretur,</strong></span> <span class='ocrx_word' id='word_1_79' title='bbox 1037 1393 1375 1478; x_wconf 71' lang='lat' dir='ltr'><strong>privetur</strong></span> <span class='ocrx_word' id='word_1_80' title='bbox 1408 1391 1749 1459; x_wconf 90' lang='lat' dir='ltr'><strong>omnibus</strong></span> <span class='ocrx_word' id='word_1_81' title='bbox 1784 1389 2183 1474; x_wconf 83' lang='lat' dir='ltr'><strong>beneficiis,</strong></span> <span class='ocrx_word' id='word_1_82' title='bbox 2218 1387 2739 1473; x_wconf 87' lang='lat' dir='ltr'><strong>dignitatibus,</strong></span> <span class='ocrx_word' id='word_1_83' title='bbox 2784 1405 2959 1454; x_wconf 85' lang='lat' dir='ltr'><strong>voce</strong></span> <span class='ocrx_word' id='word_1_84' title='bbox 2989 1386 3243 1453; x_wconf 83' lang='lat' dir='ltr'><strong>activa</strong></span> <span class='ocrx_word' id='word_1_85' title='bbox 3279 1390 3357 1453; x_wconf 89' lang='lat' dir='ltr'><strong>et</strong></span> <span class='ocrx_word' id='word_1_86' title='bbox 3388 1402 3519 1468; x_wconf 77' lang='lat' dir='ltr'><strong>pas·</strong></span> 
     </span>
     <span class='ocr_line' id='line_1_11' title="bbox 548 1494 3517 1588; baseline -0.004 -18"><span class='ocrx_word' id='word_1_87' title='bbox 548 1504 733 1588; x_wconf 80' lang='lat' dir='ltr'><strong>siva,</strong></span> <span class='ocrx_word' id='word_1_88' title='bbox 764 1508 841 1573; x_wconf 88' lang='lat' dir='ltr'><strong>et</strong></span> <span class='ocrx_word' id='word_1_89' title='bbox 869 1502 1224 1569; x_wconf 86' lang='lat' dir='ltr'><strong>inhabilis</strong></span> <span class='ocrx_word' id='word_1_90' title='bbox 1258 1500 1354 1569; x_wconf 89' lang='lat' dir='ltr'><strong>ad</strong></span> <span class='ocrx_word' id='word_1_91' title='bbox 1385 1519 1469 1568; x_wconf 84' lang='lat' dir='ltr'><strong>ea</strong></span> <span class='ocrx_word' id='word_1_92' title='bbox 1501 1500 1752 1567; x_wconf 85' lang='lat' dir='ltr'><strong>omnia</strong></span> <span class='ocrx_word' id='word_1_93' title='bbox 1784 1499 2233 1581; x_wconf 85' lang='lat' dir='ltr'><strong>declaretur,</strong></span> <span class='ocrx_word' id='word_1_94' title='bbox 2267 1503 2341 1566; x_wconf 89' lang='lat' dir='ltr'><strong>et</strong></span> <span class='ocrx_word' id='word_1_95' title='bbox 2367 1497 2448 1564; x_wconf 90' lang='lat' dir='ltr'><strong>in</strong></span> <span class='ocrx_word' id='word_1_96' title='bbox 2474 1496 2770 1563; x_wconf 88' lang='lat' dir='ltr'><strong>casibus</strong></span> <span class='ocrx_word' id='word_1_97' title='bbox 2797 1494 3273 1580; x_wconf 82' lang='lat' dir='ltr'><strong>gravioribus</strong></span> <span class='ocrx_word' id='word_1_98' title='bbox 3299 1494 3517 1578; x_wconf 63' lang='lat' dir='ltr'><strong>degn</strong></span> 
     </span>
     <span class='ocr_line' id='line_1_12' title="bbox 545 1609 1721 1698; baseline -0.002 -17"><span class='ocrx_word' id='word_1_99' title='bbox 545 1614 834 1681; x_wconf 88' lang='lat' dir='ltr'><strong>dationi</strong></span> <span class='ocrx_word' id='word_1_100' title='bbox 869 1632 1155 1698; x_wconf 92' lang='lat' dir='ltr'><strong>quoque</strong></span> <span class='ocrx_word' id='word_1_101' title='bbox 1191 1614 1636 1680; x_wconf 86' lang='lat' dir='ltr'><strong>subiiciatur</strong></span> <span class='ocrx_word' id='word_1_102' title='bbox 1667 1609 1721 1679; x_wconf 86' lang='lat'><strong>².</strong></span> 
     </span>
    </p>

    <p class='ocr_par' dir='ltr' id='par_1_5' title="bbox 547 1713 3522 2228">
     <span class='ocr_line' id='line_1_13' title="bbox 724 1713 3520 1806; baseline -0.003 -17"><span class='ocrx_word' id='word_1_103' title='bbox 724 1722 758 1806; x_wconf 70' lang='grc' dir='ltr'><strong>ξ</strong></span> <span class='ocrx_word' id='word_1_104' title='bbox 805 1722 872 1789; x_wconf 90' lang='grc'><strong>2.</strong></span> <span class='ocrx_word' id='word_1_105' title='bbox 920 1722 1206 1792; x_wconf 78' lang='lat' dir='ltr'><strong>Fidelis</strong></span> <span class='ocrx_word' id='word_1_106' title='bbox 1235 1741 1433 1805; x_wconf 80' lang='lat' dir='ltr'><strong>vero,</strong></span> <span class='ocrx_word' id='word_1_107' title='bbox 1468 1722 1594 1806; x_wconf 93' lang='lat' dir='ltr'><strong>qui</strong></span> <span class='ocrx_word' id='word_1_108' title='bbox 1628 1722 1949 1789; x_wconf 85' lang='lat' dir='ltr'><strong>scienter</strong></span> <span class='ocrx_word' id='word_1_109' title='bbox 1973 1720 2307 1788; x_wconf 91' lang='lat' dir='ltr'><strong>omiserit</strong></span> <span class='ocrx_word' id='word_1_110' title='bbox 2331 1736 2525 1801; x_wconf 93' lang='lat' dir='ltr'><strong>eum,</strong></span> <span class='ocrx_word' id='word_1_111' title='bbox 2554 1737 2601 1785; x_wconf 88' lang='lat' dir='ltr'><strong>a</strong></span> <span class='ocrx_word' id='word_1_112' title='bbox 2633 1736 2779 1802; x_wconf 91' lang='lat' dir='ltr'><strong>quo</strong></span> <span class='ocrx_word' id='word_1_113' title='bbox 2810 1716 3271 1785; x_wconf 83' lang='lat' dir='ltr'><strong>sollicitatus</strong></span> <span class='ocrx_word' id='word_1_114' title='bbox 3296 1713 3520 1791; x_wconf 74' lang='lat' dir='ltr'><strong>ruerit,</strong></span> 
     </span>
     <span class='ocr_line' id='line_1_14' title="bbox 547 1822 3517 1925; baseline -0.003 -27"><span class='ocrx_word' id='word_1_115' title='bbox 547 1832 756 1900; x_wconf 85' lang='lat' dir='ltr'><strong>intra</strong></span> <span class='ocrx_word' id='word_1_116' title='bbox 790 1850 1108 1900; x_wconf 89' lang='lat' dir='ltr'><strong>mensem</strong></span> <span class='ocrx_word' id='word_1_117' title='bbox 1146 1830 1593 1925; x_wconf 70' lang='lat' dir='ltr'><strong>denuntiare</strong></span> <span class='ocrx_word' id='word_1_118' title='bbox 1637 1832 1905 1897; x_wconf 86' lang='lat' dir='ltr'><strong>contra</strong></span> <span class='ocrx_word' id='word_1_119' title='bbox 1944 1829 2484 1913; x_wconf 83' lang='lat' dir='ltr'><strong>praescriptum</strong></span> <span class='ocrx_word' id='word_1_120' title='bbox 2534 1845 2700 1893; x_wconf 89' lang='lat' dir='ltr'><strong>can.</strong></span> <span class='ocrx_word' id='word_1_121' title='bbox 2744 1825 2899 1905; x_wconf 82' lang='grc'><strong>904,</strong></span> <span class='ocrx_word' id='word_1_122' title='bbox 2943 1824 3275 1892; x_wconf 84' lang='lat' dir='ltr'><strong>incurrit</strong></span> <span class='ocrx_word' id='word_1_123' title='bbox 3315 1822 3394 1889; x_wconf 91' lang='lat' dir='ltr'><strong>in</strong></span> <span class='ocrx_word' id='word_1_124' title='bbox 3429 1838 3517 1888; x_wconf 82' lang='lat' dir='ltr'><strong>ex·</strong></span> 
     </span>
     <span class='ocr_line' id='line_1_15' title="bbox 547 1930 3522 2018; baseline -0.005 -9"><span class='ocrx_word' id='word_1_125' title='bbox 547 1942 1284 2009; x_wconf 88' lang='lat' dir='ltr'><strong>communicationem</strong></span> <span class='ocrx_word' id='word_1_126' title='bbox 1332 1941 1534 2007; x_wconf 87' lang='lat' dir='ltr'><strong>latae</strong></span> <span class='ocrx_word' id='word_1_127' title='bbox 1575 1939 1988 2008; x_wconf 88' lang='lat' dir='ltr'><strong>sententiae</strong></span> <span class='ocrx_word' id='word_1_128' title='bbox 2027 1938 2304 2007; x_wconf 88' lang='lat' dir='ltr'><strong>nemini</strong></span> <span class='ocrx_word' id='word_1_129' title='bbox 2353 1939 2828 2018; x_wconf 82' lang='lat' dir='ltr'><strong>reservatam,</strong></span> <span class='ocrx_word' id='word_1_130' title='bbox 2873 1952 3020 2001; x_wconf 92' lang='lat' dir='ltr'><strong>non</strong></span> <span class='ocrx_word' id='word_1_131' title='bbox 3057 1930 3522 1999; x_wconf 70' lang='lat' dir='ltr'><strong>abmlvendus</strong></span> 
     </span>
     <span class='ocr_line' id='line_1_16' title="bbox 550 2040 3517 2137; baseline -0.005 -18"><span class='ocrx_word' id='word_1_132' title='bbox 550 2053 697 2119; x_wconf 91' lang='lat' dir='ltr'><strong>nisi</strong></span> <span class='ocrx_word' id='word_1_133' title='bbox 748 2056 1139 2137; x_wconf 87' lang='lat' dir='ltr'><strong>postquam</strong></span> <span class='ocrx_word' id='word_1_134' title='bbox 1189 2049 1628 2135; x_wconf 87' lang='lat' dir='ltr'><strong>obligationi</strong></span> <span class='ocrx_word' id='word_1_135' title='bbox 1682 2047 2134 2117; x_wconf 81' lang='lat' dir='ltr'><strong>satisfecerit</strong></span> <span class='ocrx_word' id='word_1_136' title='bbox 2185 2051 2320 2113; x_wconf 87' lang='lat' dir='ltr'><strong>aut</strong></span> <span class='ocrx_word' id='word_1_137' title='bbox 2381 2064 2459 2113; x_wconf 90' lang='lat' dir='ltr'><strong>se</strong></span> <span class='ocrx_word' id='word_1_138' title='bbox 2509 2044 3075 2112; x_wconf 73' lang='lat' dir='ltr'><strong>satisfacturum</strong></span> <span class='ocrx_word' id='word_1_139' title='bbox 3139 2040 3345 2107; x_wconf 90' lang='lat' dir='ltr'><strong>serio</strong></span> <span class='ocrx_word' id='word_1_140' title='bbox 3390 2055 3517 2122; x_wconf 73' lang='lat' dir='ltr'><strong>pro</strong></span> 
     </span>
     <span class='ocr_line' id='line_1_17' title="bbox 550 2158 938 2228; baseline 0.01 -4"><span class='ocrx_word' id='word_1_141' title='bbox 550 2158 852 2228; x_wconf 85' lang='lat' dir='ltr'><strong>miserit.</strong></span> <span class='ocrx_word' id='word_1_142' title='bbox 883 2159 938 2228; x_wconf 87' lang='lat'><strong>⁸.</strong></span> 
     </span>
    </p>

    <p class='ocr_par' dir='ltr' id='par_1_6' title="bbox 1813 2301 2238 2371">
     <span class='ocr_line' id='line_1_18' title="bbox 1813 2301 2238 2371; baseline -0.009 0"><span class='ocrx_word' id='word_1_143' title='bbox 1813 2303 1992 2371; x_wconf 77' lang='lat' dir='ltr'><strong>OAN.</strong></span> <span class='ocrx_word' id='word_1_144' title='bbox 2040 2301 2238 2368; x_wconf 85' lang='grc'><strong>2369.</strong></span> 
     </span>
    </p>
   </div>
   <div class='ocr_carea' id='block_1_5' title="bbox 543 2431 3595 3166">
    <p class='ocr_par' dir='ltr' id='par_1_7' title="bbox 543 2431 3595 2850">
     <span class='ocr_line' id='line_1_19' title="bbox 726 2431 3516 2526; baseline 0 -21"><span class='ocrx_word' id='word_1_145' title='bbox 726 2439 760 2521; x_wconf 65' lang='grc' dir='ltr'><strong><em>ξ</em></strong></span> <span class='ocrx_word' id='word_1_146' title='bbox 807 2442 874 2506; x_wconf 93' lang='grc'><strong>1.</strong></span> <span class='ocrx_word' id='word_1_147' title='bbox 923 2431 1506 2518; x_wconf 79' lang='lat' dir='ltr'><strong>Confessarium,</strong></span> <span class='ocrx_word' id='word_1_148' title='bbox 1565 2439 1691 2523; x_wconf 92' lang='lat' dir='ltr'><strong>qui</strong></span> <span class='ocrx_word' id='word_1_149' title='bbox 1736 2440 2066 2525; x_wconf 84' lang='lat' dir='ltr'><strong>sigillum</strong></span> <span class='ocrx_word' id='word_1_150' title='bbox 2109 2442 2645 2509; x_wconf 89' lang='lat' dir='ltr'><strong>sacramentale</strong></span> <span class='ocrx_word' id='word_1_151' title='bbox 2695 2441 2978 2509; x_wconf 90' lang='lat' dir='ltr'><strong>directe</strong></span> <span class='ocrx_word' id='word_1_152' title='bbox 3016 2441 3309 2509; x_wconf 75' lang='lat' dir='ltr'><strong>violare</strong></span> <span class='ocrx_word' id='word_1_153' title='bbox 3349 2458 3516 2526; x_wconf 74' lang='lat' dir='ltr'><strong>prae</strong></span> 
     </span>
     <span class='ocr_line' id='line_1_20' title="bbox 545 2537 3518 2634; baseline 0.001 -20"><span class='ocrx_word' id='word_1_154' title='bbox 545 2548 971 2632; x_wconf 89' lang='lat' dir='ltr'><strong>sumpserit,</strong></span> <span class='ocrx_word' id='word_1_155' title='bbox 1014 2550 1267 2615; x_wconf 86' lang='lat' dir='ltr'><strong>manet</strong></span> <span class='ocrx_word' id='word_1_156' title='bbox 1304 2548 1967 2616; x_wconf 83' lang='lat' dir='ltr'><strong>excommunicatio</strong></span> <span class='ocrx_word' id='word_1_157' title='bbox 2008 2548 2542 2633; x_wconf 90' lang='lat' dir='ltr'><strong>specialissimo</strong></span> <span class='ocrx_word' id='word_1_158' title='bbox 2584 2549 2800 2616; x_wconf 88' lang='lat' dir='ltr'><strong>modo</strong></span> <span class='ocrx_word' id='word_1_159' title='bbox 2854 2537 3029 2617; x_wconf 82' lang='lat' dir='ltr'><strong>Sedi</strong></span> <span class='ocrx_word' id='word_1_160' title='bbox 3070 2550 3518 2634; x_wconf 62' lang='lat' dir='ltr'><strong>Apostolica</strong></span> 
     </span>
     <span class='ocr_line' id='line_1_21' title="bbox 549 2655 3595 2744; baseline -0.002 -17"><span class='ocrx_word' id='word_1_161' title='bbox 549 2663 944 2741; x_wconf 86' lang='lat' dir='ltr'><strong>reservata;</strong></span> <span class='ocrx_word' id='word_1_162' title='bbox 985 2658 1113 2742; x_wconf 89' lang='lat' dir='ltr'><strong>qui</strong></span> <span class='ocrx_word' id='word_1_163' title='bbox 1158 2675 1334 2726; x_wconf 82' lang='lat' dir='ltr'><strong>vero</strong></span> <span class='ocrx_word' id='word_1_164' title='bbox 1373 2657 1734 2725; x_wconf 89' lang='lat' dir='ltr'><strong>indirecte</strong></span> <span class='ocrx_word' id='word_1_165' title='bbox 1774 2661 2095 2739; x_wconf 89' lang='lat' dir='ltr'><strong>tantum,</strong></span> <span class='ocrx_word' id='word_1_166' title='bbox 2137 2658 2496 2725; x_wconf 88' lang='lat' dir='ltr'><strong>obnoxius</strong></span> <span class='ocrx_word' id='word_1_167' title='bbox 2533 2660 2650 2725; x_wconf 90' lang='lat' dir='ltr'><strong>est</strong></span> <span class='ocrx_word' id='word_1_168' title='bbox 2695 2659 2976 2741; x_wconf 89' lang='lat' dir='ltr'><strong>poenis,</strong></span> <span class='ocrx_word' id='word_1_169' title='bbox 3015 2657 3108 2726; x_wconf 90' lang='lat' dir='ltr'><strong>de</strong></span> <span class='ocrx_word' id='word_1_170' title='bbox 3149 2659 3421 2742; x_wconf 89' lang='lat' dir='ltr'><strong>quibus</strong></span> <span class='ocrx_word' id='word_1_171' title='bbox 3456 2655 3514 2721; x_wconf 89' lang='lat' dir='ltr'><strong>in</strong></span> <span class='ocrx_word' id='word_1_172' title='bbox 3594 2705 3595 2744; x_wconf 40' lang='grc'>;</span> 
     </span>
     <span class='ocr_line' id='line_1_22' title="bbox 543 2766 1168 2850; baseline -0.005 -13"><span class='ocrx_word' id='word_1_173' title='bbox 543 2789 708 2837; x_wconf 90' lang='lat' dir='ltr'><strong>can.</strong></span> <span class='ocrx_word' id='word_1_174' title='bbox 737 2771 935 2848; x_wconf 87' lang='grc'><strong>2368,</strong></span> <span class='ocrx_word' id='word_1_175' title='bbox 968 2769 1002 2850; x_wconf 65' lang='grc' dir='ltr'><strong>ξ</strong></span> <span class='ocrx_word' id='word_1_176' title='bbox 1037 2772 1078 2834; x_wconf 95' lang='grc'><strong>1</strong></span> <span class='ocrx_word' id='word_1_177' title='bbox 1116 2766 1168 2834; x_wconf 82' lang='lat'><strong>⁴.</strong></span> 
     </span>
    </p>

    <p class='ocr_par' dir='ltr' id='par_1_8' title="bbox 546 2877 3515 3166">
     <span class='ocr_line' id='line_1_23' title="bbox 723 2877 3515 2964; baseline -0.002 -19"><span class='ocrx_word' id='word_1_178' title='bbox 723 2879 757 2963; x_wconf 63' lang='lat' dir='ltr'>g</span> <span class='ocrx_word' id='word_1_179' title='bbox 804 2879 870 2945; x_wconf 86' lang='lat'><strong>2.</strong></span> <span class='ocrx_word' id='word_1_180' title='bbox 920 2878 1357 2964; x_wconf 82' lang='lat' dir='ltr'><strong>Quicunque</strong></span> <span class='ocrx_word' id='word_1_181' title='bbox 1409 2879 1953 2964; x_wconf 87' lang='lat' dir='ltr'><strong>praescriptum</strong></span> <span class='ocrx_word' id='word_1_182' title='bbox 2002 2897 2168 2947; x_wconf 89' lang='lat' dir='ltr'><strong>can.</strong></span> <span class='ocrx_word' id='word_1_183' title='bbox 2222 2879 2377 2962; x_wconf 88' lang='grc'><strong>889,</strong></span> <span class='ocrx_word' id='word_1_184' title='bbox 2432 2878 2467 2962; x_wconf 67' lang='grc' dir='ltr'><strong>ξ</strong></span> <span class='ocrx_word' id='word_1_185' title='bbox 2518 2878 2563 2945; x_wconf 89' lang='grc'><strong>2</strong></span> <span class='ocrx_word' id='word_1_186' title='bbox 2611 2883 2887 2948; x_wconf 89' lang='lat' dir='ltr'><strong>temere</strong></span> <span class='ocrx_word' id='word_1_187' title='bbox 2938 2877 3365 2961; x_wconf 78' lang='lat' dir='ltr'><strong>violaverit,</strong></span> <span class='ocrx_word' id='word_1_188' title='bbox 3408 2891 3515 2961; x_wconf 84' lang='lat' dir='ltr'><strong>pro</strong></span> 
     </span>
     <span class='ocr_line' id='line_1_24' title="bbox 548 2989 3514 3075; baseline -0.001 -19"><span class='ocrx_word' id='word_1_189' title='bbox 548 2994 800 3056; x_wconf 88' lang='lat' dir='ltr'><strong>reatus</strong></span> <span class='ocrx_word' id='word_1_190' title='bbox 831 2990 1201 3072; x_wconf 84' lang='lat' dir='ltr'><strong>gravitate</strong></span> <span class='ocrx_word' id='word_1_191' title='bbox 1242 2990 1617 3073; x_wconf 86' lang='lat' dir='ltr'><strong>plectatur</strong></span> <span class='ocrx_word' id='word_1_192' title='bbox 1652 2990 1974 3058; x_wconf 82' lang='lat' dir='ltr'><strong>salutari</strong></span> <span class='ocrx_word' id='word_1_193' title='bbox 2008 3008 2268 3075; x_wconf 89' lang='lat' dir='ltr'><strong>poena,</strong></span> <span class='ocrx_word' id='word_1_194' title='bbox 2304 3008 2490 3075; x_wconf 87' lang='lat' dir='ltr'><strong>quae</strong></span> <span class='ocrx_word' id='word_1_195' title='bbox 2521 2994 2767 3074; x_wconf 88' lang='lat' dir='ltr'><strong>potest</strong></span> <span class='ocrx_word' id='word_1_196' title='bbox 2808 3007 2968 3057; x_wconf 87' lang='lat' dir='ltr'><strong>esse</strong></span> <span class='ocrx_word' id='word_1_197' title='bbox 2999 2989 3234 3057; x_wconf 81' lang='lat' dir='ltr'><strong>etiam</strong></span> <span class='ocrx_word' id='word_1_198' title='bbox 3279 3003 3514 3056; x_wconf 85' lang='lat' dir='ltr'><strong>excom·</strong></span> 
     </span>
     <span class='ocr_line' id='line_1_25' title="bbox 546 3098 974 3166; baseline 0.007 -3"><span class='ocrx_word' id='word_1_199' title='bbox 546 3098 974 3166; x_wconf 91' lang='lat' dir='ltr'><strong>municatio.</strong></span> 
     </span>
    </p>
   </div>
   <div class='ocr_carea' id='block_1_6' title="bbox 3586 581 3604 2696">
    <p class='ocr_par' dir='ltr' id='par_1_9' title="bbox 3586 581 3604 2696">
     <span class='ocr_line' id='line_1_26' title="bbox 3586 581 3604 2696; baseline 0 0"><span class='ocrx_word' id='word_1_200' title='bbox 3586 581 3604 2696; x_wconf 95' lang='lat' dir='ltr'><strong> </strong></span> 
     </span>
    </p>
   </div>
   <div class='ocr_carea' id='block_1_7' title="bbox 1827 3243 2252 3311">
    <p class='ocr_par' dir='ltr' id='par_1_10' title="bbox 1827 3243 2252 3311">
     <span class='ocr_line' id='line_1_27' title="bbox 1827 3243 2252 3311; baseline -0.007 0"><span class='ocrx_word' id='word_1_201' title='bbox 1827 3244 2006 3311; x_wconf 73' lang='lat' dir='ltr'>CAN.</span> <span class='ocrx_word' id='word_1_202' title='bbox 2055 3243 2252 3311; x_wconf 78' lang='lat'><strong>2370.</strong></span> 
     </span>
    </p>
   </div>
   <div class='ocr_carea' id='block_1_8' title="bbox 543 3378 3595 3802">
    <p class='ocr_par' dir='ltr' id='par_1_11' title="bbox 543 3378 3595 3802">
     <span class='ocr_line' id='line_1_28' title="bbox 718 3378 3513 3473; baseline -0.001 -20"><span class='ocrx_word' id='word_1_203' title='bbox 718 3387 1133 3472; x_wconf 89' lang='lat' dir='ltr'><strong>Episcopus</strong></span> <span class='ocrx_word' id='word_1_204' title='bbox 1163 3388 1481 3473; x_wconf 84' lang='lat' dir='ltr'><strong>aliquem</strong></span> <span class='ocrx_word' id='word_1_205' title='bbox 1515 3406 1957 3455; x_wconf 82' lang='lat' dir='ltr'><strong>consecrans</strong></span> <span class='ocrx_word' id='word_1_206' title='bbox 1993 3388 2072 3453; x_wconf 92' lang='lat' dir='ltr'><strong>in</strong></span> <span class='ocrx_word' id='word_1_207' title='bbox 2106 3386 2581 3470; x_wconf 82' lang='lat' dir='ltr'><strong>Episcopum,</strong></span> <span class='ocrx_word' id='word_1_208' title='bbox 2622 3384 2977 3469; x_wconf 87' lang='lat' dir='ltr'><strong>Episcopi</strong></span> <span class='ocrx_word' id='word_1_209' title='bbox 3003 3383 3144 3465; x_wconf 82' lang='lat' dir='ltr'><strong>vel,</strong></span> <span class='ocrx_word' id='word_1_210' title='bbox 3181 3384 3353 3451; x_wconf 92' lang='lat' dir='ltr'><strong>loco</strong></span> <span class='ocrx_word' id='word_1_211' title='bbox 3379 3378 3513 3464; x_wconf 83' lang='lat' dir='ltr'><strong>Epi·</strong></span> 
     </span>
     <span class='ocr_line' id='line_1_29' title="bbox 546 3492 3595 3582; baseline -0.004 -16"><span class='ocrx_word' id='word_1_212' title='bbox 546 3516 958 3581; x_wconf 88' lang='lat' dir='ltr'><strong>scoporum,</strong></span> <span class='ocrx_word' id='word_1_213' title='bbox 1000 3498 1414 3582; x_wconf 81' lang='lat' dir='ltr'><strong>presbyteri</strong></span> <span class='ocrx_word' id='word_1_214' title='bbox 1455 3497 1915 3580; x_wconf 88' lang='lat' dir='ltr'><strong>assistentes,</strong></span> <span class='ocrx_word' id='word_1_215' title='bbox 1957 3502 2034 3564; x_wconf 88' lang='lat' dir='ltr'><strong>et</strong></span> <span class='ocrx_word' id='word_1_216' title='bbox 2067 3497 2195 3581; x_wconf 89' lang='lat' dir='ltr'><strong>qui</strong></span> <span class='ocrx_word' id='word_1_217' title='bbox 2224 3494 2848 3563; x_wconf 87' lang='lat' dir='ltr'><strong>consecrationem</strong></span> <span class='ocrx_word' id='word_1_218' title='bbox 2886 3492 3149 3577; x_wconf 89' lang='lat' dir='ltr'><strong>recipit</strong></span> <span class='ocrx_word' id='word_1_219' title='bbox 3187 3493 3353 3560; x_wconf 85' lang='lat' dir='ltr'><strong>sine</strong></span> <span class='ocrx_word' id='word_1_220' title='bbox 3381 3506 3513 3573; x_wconf 76' lang='lat' dir='ltr'><strong>apo</strong></span> <span class='ocrx_word' id='word_1_221' title='bbox 3594 3574 3595 3577; x_wconf 8' lang='grc' dir='ltr'><strong>Ἴ</strong></span> 
     </span>
     <span class='ocr_line' id='line_1_30' title="bbox 545 3600 3513 3725; baseline -0.004 -50"><span class='ocrx_word' id='word_1_222' title='bbox 545 3607 809 3675; x_wconf 87' lang='lat' dir='ltr'><strong>stolico</strong></span> <span class='ocrx_word' id='word_1_223' title='bbox 855 3609 1208 3675; x_wconf 85' lang='lat' dir='ltr'><strong>mandato</strong></span> <span class='ocrx_word' id='word_1_224' title='bbox 1244 3612 1509 3675; x_wconf 88' lang='lat' dir='ltr'><strong>contra</strong></span> <span class='ocrx_word' id='word_1_225' title='bbox 1549 3607 2092 3692; x_wconf 86' lang='lat' dir='ltr'><strong>praescriptum</strong></span> <span class='ocrx_word' id='word_1_226' title='bbox 2130 3624 2296 3673; x_wconf 89' lang='lat' dir='ltr'><strong>can.</strong></span> <span class='ocrx_word' id='word_1_227' title='bbox 2348 3604 2503 3687; x_wconf 83' lang='lat'><strong>953,</strong></span> <span class='ocrx_word' id='word_1_228' title='bbox 2546 3604 2712 3688; x_wconf 83' lang='lat' dir='ltr'><strong>ipso</strong></span> <span class='ocrx_word' id='word_1_229' title='bbox 2757 3602 2923 3670; x_wconf 89' lang='lat' dir='ltr'><strong>iure</strong></span> <span class='ocrx_word' id='word_1_230' title='bbox 2961 3602 3311 3725; x_wconf 86' lang='lat' dir='ltr'><strong>suspensi</strong></span> <span class='ocrx_word' id='word_1_231' title='bbox 3350 3600 3513 3667; x_wconf 85' lang='lat' dir='ltr'><strong>sunt</strong></span> 
     </span>
     <span class='ocr_line' id='line_1_31' title="bbox 543 3711 2315 3802; baseline -0.001 -17"><span class='ocrx_word' id='word_1_232' title='bbox 543 3719 774 3785; x_wconf 91' lang='lat' dir='ltr'><strong>donec</strong></span> <span class='ocrx_word' id='word_1_233' title='bbox 810 3717 1034 3785; x_wconf 83' lang='lat' dir='ltr'><strong>Sedes</strong></span> <span class='ocrx_word' id='word_1_234' title='bbox 1067 3718 1499 3802; x_wconf 88' lang='lat' dir='ltr'><strong>Apostolica</strong></span> <span class='ocrx_word' id='word_1_235' title='bbox 1539 3736 1663 3785; x_wconf 91' lang='lat' dir='ltr'><strong>eos</strong></span> <span class='ocrx_word' id='word_1_236' title='bbox 1695 3716 2315 3801; x_wconf 87' lang='lat' dir='ltr'><strong>dispensaverit</strong></span> <span class='ocrx_word' id='word_1_237' title='bbox 2262 3711 2289 3747; x_wconf 83' lang='lat'>¹</span> 
     </span>
    </p>
   </div>
   <div class='ocr_carea' id='block_1_9' title="bbox 542 4057 3595 5426">
    <p class='ocr_par' dir='ltr' id='par_1_12' title="bbox 729 4057 1619 4119">
     <span class='ocr_line' id='line_1_32' title="bbox 729 4057 1619 4119; baseline -0.006 -6"><span class='ocrx_word' id='word_1_238' title='bbox 729 4061 752 4097; x_wconf 85' lang='lat'><strong>¹</strong></span> <span class='ocrx_word' id='word_1_239' title='bbox 792 4060 850 4113; x_wconf 79' lang='lat'><strong>8.</strong></span> <span class='ocrx_word' id='word_1_240' title='bbox 897 4059 1146 4119; x_wconf 85' lang='lat' dir='ltr'><strong>Poenlt.‚</strong></span> <span class='ocrx_word' id='word_1_241' title='bbox 1186 4059 1254 4110; x_wconf 83' lang='grc'><strong>19</strong></span> <span class='ocrx_word' id='word_1_242' title='bbox 1284 4059 1435 4110; x_wconf 72' lang='lat' dir='ltr'><strong>febr.</strong></span> <span class='ocrx_word' id='word_1_243' title='bbox 1471 4057 1619 4109; x_wconf 83' lang='grc'><strong>1896.</strong></span> 
     </span>
    </p>

    <p class='ocr_par' dir='ltr' id='par_1_13' title="bbox 542 4149 3506 4774">
     <span class='ocr_line' id='line_1_33' title="bbox 718 4149 3506 4215; baseline -0.002 -10"><span class='ocrx_word' id='word_1_244' title='bbox 718 4161 744 4193; x_wconf 81' lang='lat'>²</span> <span class='ocrx_word' id='word_1_245' title='bbox 787 4154 932 4204; x_wconf 74' lang='lat' dir='ltr'><strong>Pius</strong></span> <span class='ocrx_word' id='word_1_246' title='bbox 966 4152 1068 4212; x_wconf 85' lang='lat' dir='ltr'><strong>IV,</strong></span> <span class='ocrx_word' id='word_1_247' title='bbox 1103 4163 1194 4212; x_wconf 89' lang='lat' dir='ltr'><strong>ep.</strong></span> <span class='ocrx_word' id='word_1_248' title='bbox 1235 4167 1265 4202; x_wconf 73' lang='grc' dir='ltr'><strong>α</strong></span> <span class='ocrx_word' id='word_1_249' title='bbox 1301 4151 1448 4202; x_wconf 74' lang='lat' dir='ltr'><strong>oum</strong></span> <span class='ocrx_word' id='word_1_250' title='bbox 1481 4151 1636 4201; x_wconf 67' lang='lat' dir='ltr'><strong>sicut</strong></span> <span class='ocrx_word' id='word_1_251' title='bbox 1669 4161 1859 4211; x_wconf 72' lang='lat' dir='ltr'><strong>nuper</strong></span> <span class='ocrx_word' id='word_1_252' title='bbox 1891 4167 1942 4213; x_wconf 68' lang='grc' dir='ltr'><strong>ι,</strong></span> <span class='ocrx_word' id='word_1_253' title='bbox 1978 4151 2043 4204; x_wconf 98' lang='grc'><strong>16</strong></span> <span class='ocrx_word' id='word_1_254' title='bbox 2075 4164 2203 4212; x_wconf 83' lang='lat' dir='ltr'><strong>apr.</strong></span> <span class='ocrx_word' id='word_1_255' title='bbox 2249 4151 2398 4213; x_wconf 78' lang='grc'><strong>1561,</strong></span> <span class='ocrx_word' id='word_1_256' title='bbox 2445 4152 2473 4212; x_wconf 66' lang='lat'>2</span> <span class='ocrx_word' id='word_1_257' title='bbox 2510 4154 2560 4214; x_wconf 69' lang='lat' dir='ltr'><strong>L·</strong></span> <span class='ocrx_word' id='word_1_258' title='bbox 2594 4151 2915 4214; x_wconf 69' lang='lat' dir='ltr'><strong>Gregorius</strong></span> <span class='ocrx_word' id='word_1_259' title='bbox 2944 4153 3064 4215; x_wconf 77' lang='lat' dir='ltr'><strong>XV,</strong></span> <span class='ocrx_word' id='word_1_260' title='bbox 3098 4157 3294 4207; x_wconf 80' lang='lat' dir='ltr'><strong>const.</strong></span> <span class='ocrx_word' id='word_1_261' title='bbox 3335 4169 3368 4204; x_wconf 73' lang='grc' dir='ltr'><strong>ι</strong></span> <span class='ocrx_word' id='word_1_262' title='bbox 3406 4149 3506 4201; x_wconf 60' lang='lat' dir='ltr'><strong>Usi</strong></span> 
     </span>
     <span class='ocr_line' id='line_1_34' title="bbox 550 4245 3500 4311; baseline -0.001 -12"><span class='ocrx_word' id='word_1_263' title='bbox 550 4249 707 4300; x_wconf 70' lang='lat' dir='ltr'><strong>versi</strong></span> <span class='ocrx_word' id='word_1_264' title='bbox 741 4262 791 4309; x_wconf 67' lang='grc' dir='ltr'><strong>τ,</strong></span> <span class='ocrx_word' id='word_1_265' title='bbox 833 4248 901 4300; x_wconf 82' lang='grc'><strong>30</strong></span> <span class='ocrx_word' id='word_1_266' title='bbox 933 4260 1068 4309; x_wconf 75' lang='lat' dir='ltr'><strong>aug.</strong></span> <span class='ocrx_word' id='word_1_267' title='bbox 1106 4246 1254 4307; x_wconf 87' lang='grc'><strong>1622,</strong></span> <span class='ocrx_word' id='word_1_268' title='bbox 1294 4246 1321 4307; x_wconf 61' lang='grc' dir='ltr'>ς</span> <span class='ocrx_word' id='word_1_269' title='bbox 1358 4247 1406 4309; x_wconf 82' lang='lat'><strong>4;</strong></span> <span class='ocrx_word' id='word_1_270' title='bbox 1442 4245 1800 4298; x_wconf 82' lang='lat' dir='ltr'><strong>Benedictus</strong></span> <span class='ocrx_word' id='word_1_271' title='bbox 1832 4246 1989 4307; x_wconf 82' lang='lat' dir='ltr'>XIV.</span> <span class='ocrx_word' id='word_1_272' title='bbox 2031 4249 2218 4299; x_wconf 84' lang='lat' dir='ltr'><strong>const.</strong></span> <span class='ocrx_word' id='word_1_273' title='bbox 2257 4260 2289 4296; x_wconf 71' lang='grc' dir='ltr'><strong>α</strong></span> <span class='ocrx_word' id='word_1_274' title='bbox 2325 4246 2773 4298; x_wconf 63' lang='lat' dir='ltr'><strong>Sacramentum</strong></span> <span class='ocrx_word' id='word_1_275' title='bbox 2806 4248 3219 4300; x_wconf 60' lang='lat' dir='ltr'><strong>Paenitentia</strong></span> <span class='ocrx_word' id='word_1_276' title='bbox 3256 4262 3308 4311; x_wconf 69' lang='lat' dir='ltr'><strong>n,</strong></span> <span class='ocrx_word' id='word_1_277' title='bbox 3343 4249 3377 4299; x_wconf 90' lang='lat'>1</span> <span class='ocrx_word' id='word_1_278' title='bbox 3406 4247 3500 4296; x_wconf 68' lang='lat' dir='ltr'><strong>lu</strong></span> 
     </span>
     <span class='ocr_line' id='line_1_35' title="bbox 542 4336 3503 4401; baseline 0 -11"><span class='ocrx_word' id='word_1_279' title='bbox 542 4339 692 4399; x_wconf 72' lang='lat'><strong>1⁷41,</strong></span> <span class='ocrx_word' id='word_1_280' title='bbox 725 4339 754 4401; x_wconf 65' lang='lat'>1</span> <span class='ocrx_word' id='word_1_281' title='bbox 784 4341 834 4401; x_wconf 70' lang='lat' dir='ltr'><strong>L·</strong></span> <span class='ocrx_word' id='word_1_282' title='bbox 864 4341 1051 4391; x_wconf 84' lang='lat' dir='ltr'><strong>const.</strong></span> <span class='ocrx_word' id='word_1_283' title='bbox 1084 4354 1114 4389; x_wconf 74' lang='grc' dir='ltr'><strong>α</strong></span> <span class='ocrx_word' id='word_1_284' title='bbox 1141 4338 1276 4390; x_wconf 69' lang='lat' dir='ltr'><strong>Em</strong></span> <span class='ocrx_word' id='word_1_285' title='bbox 1300 4336 1623 4398; x_wconf 67' lang='lat' dir='ltr'><strong>pastoralia</strong></span> <span class='ocrx_word' id='word_1_286' title='bbox 1650 4352 1699 4400; x_wconf 70' lang='grc' dir='ltr'><strong>ιο,</strong></span> <span class='ocrx_word' id='word_1_287' title='bbox 1731 4338 1797 4389; x_wconf 83' lang='grc'><strong>26</strong></span> <span class='ocrx_word' id='word_1_288' title='bbox 1829 4339 1977 4390; x_wconf 81' lang='lat' dir='ltr'><strong>mall</strong></span> <span class='ocrx_word' id='word_1_289' title='bbox 2011 4339 2160 4400; x_wconf 70' lang='lat'><strong>1742,</strong></span> <span class='ocrx_word' id='word_1_290' title='bbox 2194 4339 2222 4399; x_wconf 62' lang='grc' dir='ltr'><strong>ς</strong></span> <span class='ocrx_word' id='word_1_291' title='bbox 2252 4338 2351 4399; x_wconf 85' lang='lat' dir='ltr'><strong>IX,</strong></span> <span class='ocrx_word' id='word_1_292' title='bbox 2379 4351 2439 4390; x_wconf 87' lang='lat' dir='ltr'><strong>n.</strong></span> <span class='ocrx_word' id='word_1_293' title='bbox 2471 4338 2540 4401; x_wconf 64' lang='grc' dir='ltr'><strong>νς</strong></span> <span class='ocrx_word' id='word_1_294' title='bbox 2565 4342 2751 4391; x_wconf 86' lang='lat' dir='ltr'><strong>const.</strong></span> <span class='ocrx_word' id='word_1_295' title='bbox 2782 4355 2815 4390; x_wconf 73' lang='grc' dir='ltr'><strong>ι</strong></span> <span class='ocrx_word' id='word_1_296' title='bbox 2845 4339 3168 4399; x_wconf 67' lang='lat' dir='ltr'><strong>Apo-tonet</strong></span> <span class='ocrx_word' id='word_1_297' title='bbox 3196 4337 3447 4389; x_wconf 60' lang='lat' dir='ltr'><strong>assuit</strong></span> <span class='ocrx_word' id='word_1_298' title='bbox 3468 4348 3503 4391; x_wconf 76' lang='grc' dir='ltr'><strong>ι.</strong></span> 
     </span>
     <span class='ocr_line' id='line_1_36' title="bbox 550 4427 3503 4497; baseline -0 -10"><span class='ocrx_word' id='word_1_299' title='bbox 550 4434 585 4487; x_wconf 85' lang='grc'><strong>8</strong></span> <span class='ocrx_word' id='word_1_300' title='bbox 609 4435 758 4487; x_wconf 74' lang='lat' dir='ltr'><strong>febr.</strong></span> <span class='ocrx_word' id='word_1_301' title='bbox 791 4435 940 4495; x_wconf 73' lang='lat'><strong>1745,</strong></span> <span class='ocrx_word' id='word_1_302' title='bbox 969 4434 997 4494; x_wconf 62' lang='grc' dir='ltr'><strong>ς</strong></span> <span class='ocrx_word' id='word_1_303' title='bbox 1023 4434 1073 4495; x_wconf 86' lang='grc'><strong>2;</strong></span> <span class='ocrx_word' id='word_1_304' title='bbox 1100 4432 1159 4485; x_wconf 83' lang='lat' dir='ltr'><strong>S.</strong></span> <span class='ocrx_word' id='word_1_305' title='bbox 1187 4433 1253 4486; x_wconf 85' lang='lat' dir='ltr'><strong>G.</strong></span> <span class='ocrx_word' id='word_1_306' title='bbox 1284 4432 1343 4485; x_wconf 83' lang='lat' dir='ltr'><strong>S.</strong></span> <span class='ocrx_word' id='word_1_307' title='bbox 1374 4433 1513 4494; x_wconf 68' lang='lat' dir='ltr'><strong>Off„</strong></span> <span class='ocrx_word' id='word_1_308' title='bbox 1547 4433 1613 4485; x_wconf 84' lang='grc'><strong>28</strong></span> <span class='ocrx_word' id='word_1_309' title='bbox 1637 4445 1765 4494; x_wconf 83' lang='lat' dir='ltr'><strong>apr.</strong></span> <span class='ocrx_word' id='word_1_310' title='bbox 1794 4434 1943 4497; x_wconf 74' lang='lat'><strong>1700:</strong></span> <span class='ocrx_word' id='word_1_311' title='bbox 1965 4433 2031 4485; x_wconf 92' lang='grc'><strong>13</strong></span> <span class='ocrx_word' id='word_1_312' title='bbox 2058 4436 2181 4486; x_wconf 85' lang='lat' dir='ltr'><strong>lun.</strong></span> <span class='ocrx_word' id='word_1_313' title='bbox 2209 4435 2357 4495; x_wconf 76' lang='grc' dir='ltr'><strong>171ος</strong></span> <span class='ocrx_word' id='word_1_314' title='bbox 2380 4433 2537 4485; x_wconf 87' lang='lat' dir='ltr'><strong>decr.</strong></span> <span class='ocrx_word' id='word_1_315' title='bbox 2569 4434 2604 4486; x_wconf 78' lang='lat'><strong>5</strong></span> <span class='ocrx_word' id='word_1_316' title='bbox 2633 4445 2769 4495; x_wconf 73' lang='lat' dir='ltr'><strong>aug.</strong></span> <span class='ocrx_word' id='word_1_317' title='bbox 2798 4433 2947 4496; x_wconf 60' lang='grc' dir='ltr'><strong>Πῶς</strong></span> <span class='ocrx_word' id='word_1_318' title='bbox 2971 4434 3090 4487; x_wconf 73' lang='lat' dir='ltr'><strong>litt.</strong></span> <span class='ocrx_word' id='word_1_319' title='bbox 3118 4433 3186 4486; x_wconf 63' lang='lat' dir='ltr'><strong>m</strong></span> <span class='ocrx_word' id='word_1_320' title='bbox 3220 4435 3365 4487; x_wconf 72' lang='lat' dir='ltr'><strong>mall</strong></span> <span class='ocrx_word' id='word_1_321' title='bbox 3387 4427 3503 4486; x_wconf 63' lang='lat'><strong>1⁸2</strong></span> 
     </span>
     <span class='ocr_line' id='line_1_37' title="bbox 555 4518 3505 4588; baseline 0.001 -11"><span class='ocrx_word' id='word_1_322' title='bbox 555 4524 960 4587; x_wconf 63' lang='lat' dir='ltr'><strong>(officiunt),</strong></span> <span class='ocrx_word' id='word_1_323' title='bbox 987 4525 1053 4577; x_wconf 91' lang='grc'><strong>13</strong></span> <span class='ocrx_word' id='word_1_324' title='bbox 1076 4529 1225 4585; x_wconf 86' lang='lat' dir='ltr'><strong>sept.</strong></span> <span class='ocrx_word' id='word_1_325' title='bbox 1255 4525 1403 4585; x_wconf 80' lang='grc'><strong>1859,</strong></span> <span class='ocrx_word' id='word_1_326' title='bbox 1431 4525 1510 4577; x_wconf 87' lang='lat' dir='ltr'><strong>ad</strong></span> <span class='ocrx_word' id='word_1_327' title='bbox 1534 4525 1584 4587; x_wconf 77' lang='lat'><strong>83</strong></span> <span class='ocrx_word' id='word_1_328' title='bbox 1610 4525 1676 4578; x_wconf 89' lang='grc'><strong>18</strong></span> <span class='ocrx_word' id='word_1_329' title='bbox 1702 4529 1879 4577; x_wconf 86' lang='lat' dir='ltr'><strong>mart.</strong></span> <span class='ocrx_word' id='word_1_330' title='bbox 1915 4525 2062 4587; x_wconf 71' lang='lat'>18⁰3:</span> <span class='ocrx_word' id='word_1_331' title='bbox 2096 4526 2267 4579; x_wconf 81' lang='lat' dir='ltr'><strong>lustr.</strong></span> <span class='ocrx_word' id='word_1_332' title='bbox 2298 4525 2364 4578; x_wconf 80' lang='lat'><strong>20</strong></span> <span class='ocrx_word' id='word_1_333' title='bbox 2388 4526 2539 4578; x_wconf 68' lang='lat' dir='ltr'><strong>febr.</strong></span> <span class='ocrx_word' id='word_1_334' title='bbox 2567 4525 2715 4585; x_wconf 84' lang='grc'><strong>1866,</strong></span> <span class='ocrx_word' id='word_1_335' title='bbox 2746 4538 2806 4577; x_wconf 87' lang='lat' dir='ltr'><strong>n.</strong></span> <span class='ocrx_word' id='word_1_336' title='bbox 2836 4526 2920 4588; x_wconf 85' lang='lat'><strong>12;</strong></span> <span class='ocrx_word' id='word_1_337' title='bbox 2950 4525 3108 4578; x_wconf 80' lang='lat' dir='ltr'><strong>decr.</strong></span> <span class='ocrx_word' id='word_1_338' title='bbox 3137 4525 3207 4578; x_wconf 78' lang='grc'><strong>27</strong></span> <span class='ocrx_word' id='word_1_339' title='bbox 3234 4528 3359 4579; x_wconf 77' lang='lat' dir='ltr'><strong>iun.</strong></span> <span class='ocrx_word' id='word_1_340' title='bbox 3392 4518 3505 4579; x_wconf 60' lang='lat' dir='ltr'><strong>m</strong></span> 
     </span>
     <span class='ocr_line' id='line_1_38' title="bbox 550 4618 3501 4681; baseline 0.001 -11"><span class='ocrx_word' id='word_1_341' title='bbox 550 4620 608 4670; x_wconf 75' lang='lat' dir='ltr'><strong>s.</strong></span> <span class='ocrx_word' id='word_1_342' title='bbox 650 4621 715 4670; x_wconf 85' lang='lat' dir='ltr'><strong>G.</strong></span> <span class='ocrx_word' id='word_1_343' title='bbox 756 4621 830 4672; x_wconf 90' lang='lat' dir='ltr'><strong>de</strong></span> <span class='ocrx_word' id='word_1_344' title='bbox 875 4621 1046 4679; x_wconf 86' lang='lat' dir='ltr'><strong>Prop.</strong></span> <span class='ocrx_word' id='word_1_345' title='bbox 1089 4618 1252 4679; x_wconf 74' lang='lat' dir='ltr'><strong>Fide,</strong></span> <span class='ocrx_word' id='word_1_346' title='bbox 1293 4619 1466 4671; x_wconf 84' lang='lat' dir='ltr'><strong>lnstr.</strong></span> <span class='ocrx_word' id='word_1_347' title='bbox 1508 4619 1618 4680; x_wconf 79' lang='lat' dir='ltr'><strong>(ad</strong></span> <span class='ocrx_word' id='word_1_348' title='bbox 1654 4619 1780 4671; x_wconf 81' lang='lat' dir='ltr'><strong>Vlc.</strong></span> <span class='ocrx_word' id='word_1_349' title='bbox 1821 4619 1932 4679; x_wconf 81' lang='lat' dir='ltr'><strong>Ap.</strong></span> <span class='ocrx_word' id='word_1_350' title='bbox 1981 4618 2407 4680; x_wconf 49' lang='lat' dir='ltr'><strong>Oocblnchan</strong></span> <span class='ocrx_word' id='word_1_351' title='bbox 2456 4619 2522 4671; x_wconf 66' lang='lat' dir='ltr'><strong>m</strong></span> <span class='ocrx_word' id='word_1_352' title='bbox 2557 4631 2692 4681; x_wconf 71' lang='lat' dir='ltr'><strong>aug.</strong></span> <span class='ocrx_word' id='word_1_353' title='bbox 2731 4619 2880 4680; x_wconf 74' lang='grc' dir='ltr'><strong>1π5ς</strong></span> <span class='ocrx_word' id='word_1_354' title='bbox 2917 4620 3036 4671; x_wconf 80' lang='lat' dir='ltr'><strong>ntt.</strong></span> <span class='ocrx_word' id='word_1_355' title='bbox 3072 4622 3299 4680; x_wconf 73' lang='lat' dir='ltr'><strong>encycl.</strong></span> <span class='ocrx_word' id='word_1_356' title='bbox 3336 4619 3371 4670; x_wconf 85' lang='grc'><strong>6</strong></span> <span class='ocrx_word' id='word_1_357' title='bbox 3396 4624 3501 4673; x_wconf 61' lang='grc' dir='ltr'><strong>επ</strong></span> 
     </span>
     <span class='ocr_line' id='line_1_39' title="bbox 548 4713 877 4774; baseline 0.003 -10"><span class='ocrx_word' id='word_1_358' title='bbox 548 4713 696 4774; x_wconf 78' lang='lat'><strong>1885,</strong></span> <span class='ocrx_word' id='word_1_359' title='bbox 736 4727 793 4765; x_wconf 92' lang='lat' dir='ltr'><strong>n.</strong></span> <span class='ocrx_word' id='word_1_360' title='bbox 829 4714 877 4765; x_wconf 85' lang='lat'><strong>2.</strong></span> 
     </span>
    </p>

    <p class='ocr_par' dir='ltr' id='par_1_14' title="bbox 551 4784 3495 5055">
     <span class='ocr_line' id='line_1_40' title="bbox 719 4784 3495 4869; baseline -0.001 -13"><span class='ocrx_word' id='word_1_361' title='bbox 719 4807 744 4842; x_wconf 85' lang='lat'><strong>³</strong></span> <span class='ocrx_word' id='word_1_362' title='bbox 801 4808 944 4858; x_wconf 78' lang='lat' dir='ltr'><strong>mus</strong></span> <span class='ocrx_word' id='word_1_363' title='bbox 972 4808 1071 4866; x_wconf 88' lang='lat' dir='ltr'><strong>1x,</strong></span> <span class='ocrx_word' id='word_1_364' title='bbox 1101 4784 1286 4858; x_wconf 56' lang='lat' dir='ltr'><strong>chnut.</strong></span> <span class='ocrx_word' id='word_1_365' title='bbox 1327 4820 1357 4855; x_wconf 81' lang='grc'><strong>«</strong></span> <span class='ocrx_word' id='word_1_366' title='bbox 1386 4806 1758 4865; x_wconf 55' lang='lat' dir='ltr'><strong>spontaneae</strong></span> <span class='ocrx_word' id='word_1_367' title='bbox 1788 4806 1962 4858; x_wconf 68' lang='lat' dir='ltr'><strong>scaea</strong></span> <span class='ocrx_word' id='word_1_368' title='bbox 1990 4820 2039 4867; x_wconf 64' lang='grc' dir='ltr'><strong>ι,</strong></span> <span class='ocrx_word' id='word_1_369' title='bbox 2071 4806 2137 4858; x_wconf 84' lang='lat'><strong>12</strong></span> <span class='ocrx_word' id='word_1_370' title='bbox 2162 4810 2276 4860; x_wconf 66' lang='lat' dir='ltr'><strong>oet„</strong></span> <span class='ocrx_word' id='word_1_371' title='bbox 2314 4806 2461 4867; x_wconf 72' lang='lat'><strong>1889,</strong></span> <span class='ocrx_word' id='word_1_372' title='bbox 2494 4807 2522 4867; x_wconf 71' lang='grc' dir='ltr'><strong>ι</strong></span> <span class='ocrx_word' id='word_1_373' title='bbox 2552 4807 2654 4866; x_wconf 84' lang='lat' dir='ltr'><strong>1v,</strong></span> <span class='ocrx_word' id='word_1_374' title='bbox 2683 4819 2742 4857; x_wconf 81' lang='lat' dir='ltr'><strong>n.</strong></span> <span class='ocrx_word' id='word_1_375' title='bbox 2773 4808 2825 4869; x_wconf 69' lang='grc' dir='ltr'><strong>«ις</strong></span> <span class='ocrx_word' id='word_1_376' title='bbox 2854 4805 2914 4858; x_wconf 90' lang='lat' dir='ltr'><strong>s.</strong></span> <span class='ocrx_word' id='word_1_377' title='bbox 2943 4806 3010 4859; x_wconf 85' lang='lat' dir='ltr'><strong>o.</strong></span> <span class='ocrx_word' id='word_1_378' title='bbox 3049 4804 3109 4858; x_wconf 91' lang='lat' dir='ltr'><strong>s.</strong></span> <span class='ocrx_word' id='word_1_379' title='bbox 3140 4806 3285 4867; x_wconf 75' lang='lat' dir='ltr'><strong>ott..</strong></span> <span class='ocrx_word' id='word_1_380' title='bbox 3317 4806 3381 4858; x_wconf 65' lang='grc' dir='ltr'><strong>ιι</strong></span> <span class='ocrx_word' id='word_1_381' title='bbox 3403 4804 3495 4854; x_wconf 71' lang='lat' dir='ltr'><strong>m</strong></span> 
     </span>
     <span class='ocr_line' id='line_1_41' title="bbox 551 4894 3493 4961; baseline 0.001 -10"><span class='ocrx_word' id='word_1_382' title='bbox 551 4899 697 4960; x_wconf 75' lang='lat'>17103</span> <span class='ocrx_word' id='word_1_383' title='bbox 722 4899 787 4949; x_wconf 87' lang='lat'><strong>22</strong></span> <span class='ocrx_word' id='word_1_384' title='bbox 815 4901 932 4950; x_wconf 85' lang='lat' dir='ltr'><strong>lan.</strong></span> <span class='ocrx_word' id='word_1_385' title='bbox 967 4899 1113 4960; x_wconf 70' lang='lat'><strong>1⁷27:</strong></span> <span class='ocrx_word' id='word_1_386' title='bbox 1138 4898 1173 4950; x_wconf 90' lang='grc'><strong>6</strong></span> <span class='ocrx_word' id='word_1_387' title='bbox 1203 4902 1378 4950; x_wconf 87' lang='lat' dir='ltr'><strong>mart.</strong></span> <span class='ocrx_word' id='word_1_388' title='bbox 1408 4898 1556 4958; x_wconf 75' lang='lat'><strong>18393</strong></span> <span class='ocrx_word' id='word_1_389' title='bbox 1590 4899 1708 4951; x_wconf 84' lang='lat' dir='ltr'><strong>utt.</strong></span> <span class='ocrx_word' id='word_1_390' title='bbox 1737 4900 1803 4950; x_wconf 77' lang='lat'><strong>20</strong></span> <span class='ocrx_word' id='word_1_391' title='bbox 1830 4900 1974 4950; x_wconf 83' lang='lat' dir='ltr'><strong>mall</strong></span> <span class='ocrx_word' id='word_1_392' title='bbox 2004 4898 2152 4961; x_wconf 75' lang='lat'>18423</span> <span class='ocrx_word' id='word_1_393' title='bbox 2179 4902 2347 4952; x_wconf 81' lang='lat' dir='ltr'><strong>instr.</strong></span> <span class='ocrx_word' id='word_1_394' title='bbox 2379 4901 2446 4952; x_wconf 67' lang='lat' dir='ltr'><em>w</em></span> <span class='ocrx_word' id='word_1_395' title='bbox 2471 4900 2621 4951; x_wconf 74' lang='lat' dir='ltr'><strong>febr.</strong></span> <span class='ocrx_word' id='word_1_396' title='bbox 2658 4898 2808 4960; x_wconf 83' lang='grc'><strong>1866,</strong></span> <span class='ocrx_word' id='word_1_397' title='bbox 2839 4912 2898 4951; x_wconf 85' lang='grc' dir='ltr'><strong>ιι.</strong></span> <span class='ocrx_word' id='word_1_398' title='bbox 2929 4899 3033 4961; x_wconf 79' lang='grc' dir='ltr'><strong>1·ἰ”;</strong></span> <span class='ocrx_word' id='word_1_399' title='bbox 3061 4898 3122 4951; x_wconf 81' lang='grc'><strong>8.</strong></span> <span class='ocrx_word' id='word_1_400' title='bbox 3151 4899 3221 4952; x_wconf 80' lang='lat' dir='ltr'><strong>O.</strong></span> <span class='ocrx_word' id='word_1_401' title='bbox 3252 4894 3326 4952; x_wconf 68' lang='lat' dir='ltr'><strong>de</strong></span> <span class='ocrx_word' id='word_1_402' title='bbox 3356 4898 3493 4954; x_wconf 71' lang='lat' dir='ltr'><strong>Prov-</strong></span> 
     </span>
     <span class='ocr_line' id='line_1_42' title="bbox 554 4991 3062 5055; baseline 0 -13"><span class='ocrx_word' id='word_1_403' title='bbox 554 4991 717 5051; x_wconf 75' lang='lat' dir='ltr'><strong>Flde,</strong></span> <span class='ocrx_word' id='word_1_404' title='bbox 748 4993 918 5045; x_wconf 86' lang='lat' dir='ltr'><strong>lustr.</strong></span> <span class='ocrx_word' id='word_1_405' title='bbox 958 4992 1060 5052; x_wconf 83' lang='lat' dir='ltr'><strong>(ad</strong></span> <span class='ocrx_word' id='word_1_406' title='bbox 1096 4992 1220 5043; x_wconf 81' lang='lat' dir='ltr'><strong>vic.</strong></span> <span class='ocrx_word' id='word_1_407' title='bbox 1250 4992 1359 5051; x_wconf 82' lang='lat' dir='ltr'><strong>Ap.</strong></span> <span class='ocrx_word' id='word_1_408' title='bbox 1390 4991 1818 5053; x_wconf 79' lang='lat' dir='ltr'><strong>Ooclunchln.),</strong></span> <span class='ocrx_word' id='word_1_409' title='bbox 1847 4992 1916 5043; x_wconf 82' lang='grc'><strong>26</strong></span> <span class='ocrx_word' id='word_1_410' title='bbox 1941 5005 2076 5054; x_wconf 79' lang='lat' dir='ltr'><strong>aug.</strong></span> <span class='ocrx_word' id='word_1_411' title='bbox 2108 4993 2255 5055; x_wconf 58' lang='lat'><strong>177&amp;</strong></span> <span class='ocrx_word' id='word_1_412' title='bbox 2290 4995 2405 5046; x_wconf 83' lang='lat' dir='ltr'><strong>utt.</strong></span> <span class='ocrx_word' id='word_1_413' title='bbox 2435 4993 2655 5055; x_wconf 80' lang='lat' dir='ltr'><strong>encycl.</strong></span> <span class='ocrx_word' id='word_1_414' title='bbox 2685 4992 2751 5044; x_wconf 77' lang='lat'><strong>25</strong></span> <span class='ocrx_word' id='word_1_415' title='bbox 2778 4993 2882 5044; x_wconf 77' lang='lat' dir='ltr'><strong>iul.</strong></span> <span class='ocrx_word' id='word_1_416' title='bbox 2912 4991 3062 5044; x_wconf 82' lang='lat'>1883.</span> 
     </span>
    </p>

    <p class='ocr_par' dir='ltr' id='par_1_15' title="bbox 547 5080 3595 5241">
     <span class='ocr_line' id='line_1_43' title="bbox 718 5080 3595 5148; baseline -0 -12"><span class='ocrx_word' id='word_1_417' title='bbox 718 5089 746 5123; x_wconf 74' lang='lat'><strong>⁴</strong></span> <span class='ocrx_word' id='word_1_418' title='bbox 791 5084 856 5137; x_wconf 85' lang='lat' dir='ltr'><strong>G.</strong></span> <span class='ocrx_word' id='word_1_419' title='bbox 886 5086 937 5146; x_wconf 87' lang='lat'><strong>2,</strong></span> <span class='ocrx_word' id='word_1_420' title='bbox 977 5085 1049 5135; x_wconf 89' lang='lat' dir='ltr'><strong>D.</strong></span> <span class='ocrx_word' id='word_1_421' title='bbox 1084 5085 1186 5145; x_wconf 81' lang='lat' dir='ltr'><strong>VI,</strong></span> <span class='ocrx_word' id='word_1_422' title='bbox 1224 5088 1296 5135; x_wconf 73' lang='lat' dir='ltr'><strong>ae</strong></span> <span class='ocrx_word' id='word_1_423' title='bbox 1326 5085 1568 5144; x_wconf 71' lang='lat' dir='ltr'><strong>poenit„-</strong></span> <span class='ocrx_word' id='word_1_424' title='bbox 1594 5096 1644 5135; x_wconf 80' lang='grc' dir='ltr'><strong>ο.</strong></span> <span class='ocrx_word' id='word_1_425' title='bbox 1682 5085 1767 5145; x_wconf 84' lang='grc'><strong>12,</strong></span> <span class='ocrx_word' id='word_1_426' title='bbox 1798 5086 1868 5145; x_wconf 78' lang='grc' dir='ltr'><strong>Χ..</strong></span> <span class='ocrx_word' id='word_1_427' title='bbox 1903 5088 1975 5138; x_wconf 75' lang='lat' dir='ltr'><strong>de</strong></span> <span class='ocrx_word' id='word_1_428' title='bbox 2006 5087 2385 5148; x_wconf 69' lang='lat' dir='ltr'><strong>poenitentiis</strong></span> <span class='ocrx_word' id='word_1_429' title='bbox 2414 5090 2473 5137; x_wconf 74' lang='lat' dir='ltr'><strong>et</strong></span> <span class='ocrx_word' id='word_1_430' title='bbox 2503 5086 2972 5145; x_wconf 66' lang='lat' dir='ltr'><strong>remissionibus,</strong></span> <span class='ocrx_word' id='word_1_431' title='bbox 3001 5086 3073 5146; x_wconf 79' lang='lat' dir='ltr'><strong>V,</strong></span> <span class='ocrx_word' id='word_1_432' title='bbox 3110 5086 3196 5147; x_wconf 72' lang='lat'><strong>88:</strong></span> <span class='ocrx_word' id='word_1_433' title='bbox 3228 5086 3290 5139; x_wconf 84' lang='lat' dir='ltr'><strong>S.</strong></span> <span class='ocrx_word' id='word_1_434' title='bbox 3320 5084 3380 5137; x_wconf 85' lang='lat' dir='ltr'><strong>O.</strong></span> <span class='ocrx_word' id='word_1_435' title='bbox 3409 5080 3490 5141; x_wconf 60' lang='lat' dir='ltr'>m</span> <span class='ocrx_word' id='word_1_436' title='bbox 3594 5104 3595 5109; x_wconf 42' lang='lat'>¹</span> 
     </span>
     <span class='ocr_line' id='line_1_44' title="bbox 547 5176 3323 5241; baseline 0.001 -12"><span class='ocrx_word' id='word_1_437' title='bbox 547 5180 610 5229; x_wconf 88' lang='lat' dir='ltr'><strong>et</strong></span> <span class='ocrx_word' id='word_1_438' title='bbox 638 5178 802 5237; x_wconf 68' lang='lat' dir='ltr'><strong>Reg„</strong></span> <span class='ocrx_word' id='word_1_439' title='bbox 834 5176 1261 5237; x_wconf 69' lang='lat' dir='ltr'><strong>Oaputaquen„</strong></span> <span class='ocrx_word' id='word_1_440' title='bbox 1297 5176 1363 5228; x_wconf 64' lang='lat' dir='ltr'><strong>m</strong></span> <span class='ocrx_word' id='word_1_441' title='bbox 1392 5178 1513 5228; x_wconf 77' lang='lat' dir='ltr'><strong>lun.</strong></span> <span class='ocrx_word' id='word_1_442' title='bbox 1545 5176 1694 5237; x_wconf 57' lang='lat'><strong>1582</strong></span> <span class='ocrx_word' id='word_1_443' title='bbox 1722 5177 1782 5230; x_wconf 79' lang='grc'><strong>8.</strong></span> <span class='ocrx_word' id='word_1_444' title='bbox 1814 5177 1880 5230; x_wconf 85' lang='grc' dir='ltr'><strong>Ο.</strong></span> <span class='ocrx_word' id='word_1_445' title='bbox 1913 5178 1987 5230; x_wconf 90' lang='lat' dir='ltr'><strong>de</strong></span> <span class='ocrx_word' id='word_1_446' title='bbox 2022 5180 2195 5241; x_wconf 80' lang='lat' dir='ltr'><strong>Prop.</strong></span> <span class='ocrx_word' id='word_1_447' title='bbox 2229 5179 2392 5238; x_wconf 77' lang='lat' dir='ltr'><strong>Fide,</strong></span> <span class='ocrx_word' id='word_1_448' title='bbox 2423 5178 2579 5230; x_wconf 85' lang='lat' dir='ltr'><strong>decr.</strong></span> <span class='ocrx_word' id='word_1_449' title='bbox 2608 5179 2674 5231; x_wconf 88' lang='grc'><strong>13</strong></span> <span class='ocrx_word' id='word_1_450' title='bbox 2702 5190 2831 5240; x_wconf 77' lang='lat' dir='ltr'><strong>apr.</strong></span> <span class='ocrx_word' id='word_1_451' title='bbox 2862 5178 3011 5240; x_wconf 74' lang='lat' dir='ltr'><strong>lam,</strong></span> <span class='ocrx_word' id='word_1_452' title='bbox 3040 5191 3102 5231; x_wconf 86' lang='lat' dir='ltr'><strong>n.</strong></span> <span class='ocrx_word' id='word_1_453' title='bbox 3139 5179 3323 5232; x_wconf 81' lang='lat' dir='ltr'><strong>xvn.</strong></span> 
     </span>
    </p>

    <p class='ocr_par' dir='ltr' id='par_1_16' title="bbox 550 5266 3489 5426">
     <span class='ocr_line' id='line_1_45' title="bbox 720 5266 3489 5333; baseline -0 -14"><span class='ocrx_word' id='word_1_454' title='bbox 720 5269 746 5303; x_wconf 80' lang='lat'>⁵</span> <span class='ocrx_word' id='word_1_455' title='bbox 782 5266 848 5319; x_wconf 85' lang='grc' dir='ltr'><strong>Ο.</strong></span> <span class='ocrx_word' id='word_1_456' title='bbox 874 5269 957 5327; x_wconf 75' lang='lat'><strong>44,</strong></span> <span class='ocrx_word' id='word_1_457' title='bbox 986 5268 1058 5317; x_wconf 77' lang='lat' dir='ltr'><strong>de</strong></span> <span class='ocrx_word' id='word_1_458' title='bbox 1081 5267 1364 5319; x_wconf 72' lang='lat' dir='ltr'><strong>electione</strong></span> <span class='ocrx_word' id='word_1_459' title='bbox 1395 5273 1455 5320; x_wconf 74' lang='lat' dir='ltr'><strong>et</strong></span> <span class='ocrx_word' id='word_1_460' title='bbox 1480 5268 1654 5319; x_wconf 71' lang='lat' dir='ltr'><strong>electi</strong></span> <span class='ocrx_word' id='word_1_461' title='bbox 1678 5271 1996 5330; x_wconf 71' lang='lat' dir='ltr'><strong>potestate,</strong></span> <span class='ocrx_word' id='word_1_462' title='bbox 2022 5270 2072 5330; x_wconf 81' lang='grc' dir='ltr'><strong>Ι,</strong></span> <span class='ocrx_word' id='word_1_463' title='bbox 2104 5269 2157 5331; x_wconf 88' lang='grc'><strong>6,</strong></span> <span class='ocrx_word' id='word_1_464' title='bbox 2191 5270 2256 5322; x_wconf 86' lang='lat' dir='ltr'><strong>ln</strong></span> <span class='ocrx_word' id='word_1_465' title='bbox 2280 5269 2406 5333; x_wconf 78' lang='lat' dir='ltr'>V103</span> <span class='ocrx_word' id='word_1_466' title='bbox 2433 5269 2767 5321; x_wconf 82' lang='lat' dir='ltr'><strong>Alexander</strong></span> <span class='ocrx_word' id='word_1_467' title='bbox 2796 5270 2932 5330; x_wconf 82' lang='lat' dir='ltr'><strong>vn,</strong></span> <span class='ocrx_word' id='word_1_468' title='bbox 2961 5270 3080 5324; x_wconf 76' lang='lat' dir='ltr'><strong>litt.</strong></span> <span class='ocrx_word' id='word_1_469' title='bbox 3107 5282 3207 5332; x_wconf 82' lang='lat' dir='ltr'><strong>sp.</strong></span> <span class='ocrx_word' id='word_1_470' title='bbox 3231 5286 3263 5321; x_wconf 73' lang='grc' dir='ltr'><strong>ι</strong></span> <span class='ocrx_word' id='word_1_471' title='bbox 3289 5267 3435 5321; x_wconf 65' lang='grc' dir='ltr'><strong>Δία</strong></span> <span class='ocrx_word' id='word_1_472' title='bbox 3454 5277 3489 5319; x_wconf 75' lang='lat'><strong>1.-</strong></span> 
     </span>
     <span class='ocr_line' id='line_1_46' title="bbox 550 5351 2727 5426; baseline -0 -8"><span class='ocrx_word' id='word_1_473' title='bbox 550 5365 615 5417; x_wconf 70' lang='lat'><strong>27</strong></span> <span class='ocrx_word' id='word_1_474' title='bbox 643 5365 792 5417; x_wconf 76' lang='lat' dir='ltr'><strong>febr.</strong></span> <span class='ocrx_word' id='word_1_475' title='bbox 825 5363 972 5425; x_wconf 85' lang='grc'><strong>1660;</strong></span> <span class='ocrx_word' id='word_1_476' title='bbox 1009 5362 1151 5413; x_wconf 87' lang='lat' dir='ltr'><strong>Plus</strong></span> <span class='ocrx_word' id='word_1_477' title='bbox 1181 5362 1282 5423; x_wconf 86' lang='lat' dir='ltr'><strong>VI,</strong></span> <span class='ocrx_word' id='word_1_478' title='bbox 1313 5374 1403 5424; x_wconf 86' lang='lat' dir='ltr'><strong>ep.</strong></span> <span class='ocrx_word' id='word_1_479' title='bbox 1435 5365 1656 5426; x_wconf 80' lang='lat' dir='ltr'><strong>encycl.</strong></span> <span class='ocrx_word' id='word_1_480' title='bbox 1689 5376 1721 5412; x_wconf 71' lang='grc' dir='ltr'><strong>α</strong></span> <span class='ocrx_word' id='word_1_481' title='bbox 1753 5363 2035 5416; x_wconf 68' lang='lat' dir='ltr'><strong>Charitas</strong></span> <span class='ocrx_word' id='word_1_482' title='bbox 2071 5379 2121 5425; x_wconf 70' lang='grc' dir='ltr'><strong>ιο,</strong></span> <span class='ocrx_word' id='word_1_483' title='bbox 2151 5364 2218 5417; x_wconf 86' lang='grc'><strong>13</strong></span> <span class='ocrx_word' id='word_1_484' title='bbox 2246 5351 2373 5426; x_wconf 68' lang='lat' dir='ltr'><strong>apr.</strong></span> <span class='ocrx_word' id='word_1_485' title='bbox 2402 5364 2551 5423; x_wconf 83' lang='grc'><strong>1791.</strong></span> <span class='ocrx_word' id='word_1_486' title='bbox 2585 5364 2614 5426; x_wconf 67' lang='grc'><strong>1</strong></span> <span class='ocrx_word' id='word_1_487' title='bbox 2643 5363 2727 5417; x_wconf 85' lang='grc'><strong>23.</strong></span> 
     </span>
    </p>
   </div>
   <div class='ocr_carea' id='block_1_10' title="bbox 3592 4420 3597 4929">
    <p class='ocr_par' dir='ltr' id='par_1_17' title="bbox 3592 4420 3597 4929">
     <span class='ocr_line' id='line_1_47' title="bbox 3592 4420 3597 4929; baseline 0 0"><span class='ocrx_word' id='word_1_488' title='bbox 3592 4420 3597 4929; x_wconf 95' lang='lat' dir='ltr'><strong> </strong></span> 
     </span>
    </p>
   </div>
  </div>
 </body>
</html>
