3753 5871
584 108 904 186 ctionem,
951 126 1040 172 ne
1078 108 1252 172 Sede
1286 112 1574 171 vacante
1610 106 1875 186 aliquid
1913 109 2299 185 innovetur;
2348 109 2489 172 sive
2525 112 2861 188 quantum
2897 110 2989 172 ad
3029 108 3366 188 speciales
3402 110 3570 173 Gon-

581 215 985 278 stitutioues
1028 215 1277 293 quibus
1314 218 1596 279 cautum
1634 220 1767 292 est,
1810 232 1899 278 ue
1937 216 2012 277 in
2063 213 2444 295 collegium
2486 214 2963 279 cnrdiualium
3006 234 3088 281 ea
3139 221 3458 296 potestas
3507 226 3574 281 et

579 321 971 385 iurisdictio
999 325 1337 388 transeat.
1370 339 1545 400 quae
1571 323 1663 386 ad
1699 321 2103 387 Pontificem
2134 323 2298 386 dum
2336 323 2597 388 viveret
2633 324 3044 403 pertinebat;
3074 342 3162 388 ne
3190 324 3570 404 collegium

492 471 502 482 ·
580 430 666 494 de
715 430 986 493 iuribus
1028 429 1226 494 Sedis
1267 428 1711 509 Apostolicae
1750 430 2229 510 Romanaeque
2269 430 2619 495 Ecclesiae
2662 431 3170 509 quomodolibet
3209 432 3572 512 disponere

579 538 834 612 valeat,
864 554 1081 616 neque
1114 537 1189 600 in
1226 538 1548 617 quopiam
1575 538 1847 608 iuribus
1882 538 2186 603 eiusdem
2216 539 2360 603 sive
2388 539 2650 604 directe
2675 539 3038 604 detrahere
3066 543 3402 621 attentet,
3437 543 3572 604 sive

578 644 915 709 indirecte
943 663 1068 724 per
1094 645 1570 709 conniventiae
1601 645 1920 726 speciem,
1953 662 2072 710 seu
2113 663 2235 725 per
2268 646 2888 711 dissimulationem
2920 648 3308 711 facinorum
3341 648 3571 728 adver·

580 768 700 816 sus
730 769 813 816 ea
844 753 1003 815 iura
1043 756 1619 833 perpetratorum,
1656 757 2009 818 attentare
2048 754 2391 833 videatur,
2435 755 2643 818 immo
2674 756 2979 818 omnium
3015 756 3264 818 virium
3298 760 3569 820 eonten-

579 859 770 922 tioue
806 859 1040 923 eadem
1085 860 1437 923 custodire
1468 865 1543 925 et
1578 860 1942 924 defendere
1975 861 2242 925 debeat.

763 967 944 1030 Dum
996 971 1229 1032 autem
1272 969 1362 1032 ad
1416 968 1845 1048 propositum
1891 970 2093 1032 finem
2134 969 2525 1048 expeditius
2577 970 3096 1050 assequendum,
3145 970 3568 1035 materialem

579 1073 941 1138 Conclavis
966 1092 1086 1139 seu
1112 1074 1246 1138 loci
1270 1074 1663 1139 clausuram
1690 1074 1992 1140 relaxari
2020 1076 2511 1156 permittimus,
2538 1076 3028 1157 obligationem
3060 1081 3299 1142 tamen
3325 1080 3568 1142 secreti

580 1182 899 1245 servandi
934 1182 1009 1244 in
1052 1182 1144 1246 iis
1178 1183 1517 1261 omnibus,
1556 1200 1730 1263 quae
1772 1185 1864 1248 ad
1900 1184 2300 1249 electionem
2347 1184 2639 1248 Romani
2678 1185 3041 1249 Pontificis
3086 1185 3475 1265 pertinent,
3509 1195 3571 1250 et

577 1291 652 1351 in
688 1289 780 1352 iis
811 1306 985 1368 quae
1015 1290 1090 1352 in
1125 1289 1475 1369 conclavi,
1511 1308 1629 1355 seu
1664 1291 1739 1354 in
1784 1292 1934 1356 loco
1966 1291 2325 1357 electionis
2368 1295 2699 1372 aguntur,
2738 1294 3265 1372 haudquaquam
3312 1294 3568 1357 relaxa·

583 1415 758 1461 mus.
791 1399 1037 1477 Itaque
1062 1416 1143 1462 eo
1168 1400 1370 1463 modo
1393 1403 1468 1463 et
1496 1400 1746 1479 forma,
1777 1416 1861 1463 ac
1891 1401 2017 1463 sub
2045 1401 2287 1480 poenis
2308 1417 2353 1465 a
2380 1401 2829 1465 Decessorum
2856 1401 3270 1464 Nostrorum
3305 1400 3568 1465 consti·

576 1505 968 1568 tutionibus
1002 1505 1311 1586 indictis,
1350 1506 1810 1586 praecipimus
1848 1507 2102 1571 iterum
2139 1510 2214 1571 et
2245 1507 2679 1587 mandamus,
2718 1511 2800 1571 ut
2847 1511 3181 1571 secretum
3223 1508 3430 1571 istud
3475 1525 3569 1570 ac·

577 1612 1016 1677 curatimme
1052 1617 1365 1678 servetur
1407 1617 1614 1693 atque
1651 1615 1741 1677 ab
1785 1615 1950 1678 aliis
1986 1615 2245 1680 servari
2283 1618 2590 1694 curetur,
2640 1619 2714 1679 et
2752 1614 3023 1693 quidem
3068 1632 3151 1680 eo
3187 1615 3480 1679 cautius
3509 1622 3569 1678 et

576 1719 868 1800 arctius,
902 1737 1040 1800 quo
1070 1720 1347 1801 gravior
1378 1738 1452 1785 se
1481 1721 1715 1801 prodit
1746 1725 2131 1802 temporum
2164 1722 2558 1787 difficultas.
2615 1732 2617 1734 ’

763 1827 1087 1904 Quolibet
1125 1828 1291 1893 item
1334 1830 1484 1892 loco
1522 1832 1594 1892 et
1636 1829 1990 1908 quibusvis
2028 1829 2103 1892 in
2145 1830 2498 1894 adiunctis
2537 1829 2938 1894 electionem
2980 1827 3322 1893 celebrari
3363 1831 3566 1893 eonti-

577 1935 783 2014 gerit,
813 1951 950 1998 nou
977 1936 1188 2000 aliter
1213 1935 1521 2017 leffltima
1547 1940 1621 2001 et
1649 1936 1881 2000 valida
1908 1954 1992 2001 ea
2026 1938 2187 2011 erit.
2222 1954 2425 2017 quam
2463 1937 2525 2000 si
2554 1954 2882 2000 uumerus
2917 1935 3434 2015 cardinalium,
3463 1938 3567 2015 qui

577 2042 668 2105 ad
703 2059 853 2107 eam
882 2043 1347 2122 convenerint,
1380 2043 1740 2107 dimidium
1772 2043 2250 2108 cardinalium
2287 2045 2566 2109 omnino
2597 2061 2723 2124 pro
2760 2049 3069 2123 tempore
3097 2044 3567 2109 existentium.

578 2149 739 2228 plus
786 2166 929 2214 uno
966 2150 1237 2230 saltem,
1280 2150 1585 2229 excedat3
1625 2168 1822 2231 quem
1860 2156 2094 2217 tamen
2133 2169 2492 2216 numerum
2534 2152 2595 2215 si
2639 2151 2960 2231 deinceps
3009 2150 3234 2214 minui
3277 2152 3568 2218 aecidat.

578 2256 721 2322 sive
761 2259 940 2336 quod
974 2257 1270 2338 aliquem
1303 2277 1387 2324 ex
1418 2257 1933 2339 cardinalibus,
1976 2260 2095 2338 qui
2128 2261 2220 2324 ad
2261 2259 2544 2324 comitia
2578 2259 3045 2338 convenerint,
3079 2275 3274 2322 mors
3308 2276 3568 2338 praeve

576 2365 756 2444 niat,
780 2370 907 2430 aut
926 2367 1206 2430 morbus
1229 2366 1600 2446 opprimat,
1630 2366 1775 2431 sive
1801 2367 1944 2430 alia
1967 2365 2276 2446 qualibet
2296 2385 2381 2431 ex
2407 2385 2643 2446 causa,
2675 2367 3167 2447 impedimento
3189 2366 3270 2430 id
3301 2366 3572 2429 minime

577 2489 727 2537 esse
760 2472 1054 2549 debebit,
1091 2473 1455 2553 quominus
1488 2472 1900 2538 cardinales
1941 2472 2188 2553 reliqui
2231 2475 2581 2554 inceptum
2619 2492 2795 2553 opus
2836 2473 3157 2554 prosequi
3194 2478 3277 2538 et
3310 2474 3570 2537 electio-

576 2597 731 2643 nem
764 2579 1066 2660 legitime
1108 2584 1180 2645 et
1210 2578 1436 2644 valide
1469 2580 1819 2645 absolvere
1850 2585 2128 2659 queant.
2167 2582 2481 2645 Electum
2516 2597 2675 2645 vero
2713 2580 3095 2661 legitimum
3139 2582 3355 2644 Beati
3391 2581 3569 2644 Petri

580 2687 1050 2752 successorem
1099 2690 1175 2753 et
1222 2688 1551 2751 Nostrum
1594 2704 1962 2767 verumque
2001 2689 2385 2752 Romanum
2425 2689 2829 2753 Pontificem
2871 2688 3153 2768 agnosci
3205 2686 3572 2765 haberique

575 2794 1006 2859 decernimus
1036 2798 1111 2859 in
1141 2812 1340 2874 quem
1369 2796 1653 2859 secretis
1681 2812 1806 2875 per
1836 2795 2200 2859 schedulas
2229 2794 2583 2875 suffragiis
2622 2797 2798 2859 duae
2827 2813 2910 2859 ex
2948 2795 3178 2859 tribus
3208 2809 3568 2875 cougrega-

575 2907 807 2967 torum
839 2902 1317 2968 Cardinalium
1353 2909 1590 2984 partes
1623 2904 1699 2967 in
1743 2902 2105 2982 scrutinio,
2153 2903 2295 2968 sive
2330 2904 2404 2967 iu
2450 2903 2789 2994 scrutinio
2820 2907 2895 2968 et
2936 2919 3214 2967 accessu
3254 2919 3568 2967 convene·

577 3011 744 3089 riut;
786 3011 894 3075 siu
932 3016 1162 3075 autem
1202 3027 1325 3091 per
1361 3007 1888 3092 inspirationem
1931 3013 2034 3076 vel
2076 3030 2201 3092 per
2247 3012 2807 3091 compromissum
2846 3010 3093 3075 electio
3143 3011 3302 3088 fiat,
3345 3010 3568 3074 eadem

578 3135 701 3197 per
736 3117 1166 3197 Cardiuales‚
1206 3123 1289 3183 ut
1319 3135 1556 3199 supra,
1589 3123 2064 3199 congregatos,
2097 3123 2370 3184 servata
2402 3122 2726 3182 consueta
2769 3120 2992 3181 forma
3023 3118 3395 3195 canoniea,
3437 3133 3567 3196 per-

578 3226 689 3288 fici
728 3226 1020 3291 debebit.

760 3333 899 3397 His
940 3334 1313 3398 universim
1355 3335 1796 3414 praestitutis
1833 3352 2010 3413 quae
2047 3336 2122 3397 in
2164 3335 2405 3397 Nostri
2458 3334 2887 3398 successoris
2931 3332 3299 3409 electione,
3341 3333 3568 3412 quovis

575 3442 728 3505 loco
766 3445 838 3505 et
869 3441 1224 3520 quibusvis
1253 3442 1328 3504 in
1360 3441 1711 3506 adiunctis
1742 3442 1977 3506 eadem
2014 3441 2398 3506 celebretur
2429 3440 2688 3504 servari
2724 3443 3065 3519 oporteat,
3109 3439 3567 3503 necessarlum

575 3548 900 3612 duximus
931 3548 1263 3628 quaeda-m
1293 3548 1651 3628 speciatim
1680 3548 1979 3614 adiicere
2005 3566 2179 3628 quae
2208 3565 2336 3627 pro
2370 3564 2653 3611 casuum
2689 3548 2805 3626 qui
2836 3550 3207 3610 occurrant
3235 3548 3568 3610 varietate

578 3656 838 3719 servari
878 3657 1192 3720 debeant.
1233 3656 1646 3720 Maudamus
1677 3656 1914 3735 itaque
1948 3660 2021 3721 et
2057 3656 2508 3732 decernimus,
2559 3655 2619 3718 si
2658 3654 2800 3717 Nos
2833 3654 2908 3716 in
2955 3654 3082 3717 hac
3129 3654 3330 3717 Urbe
3366 3654 3564 3716 Rom»

575 3763 721 3826 vita
749 3763 947 3843 fungi
975 3763 1271 3842 accidat,
1302 3768 1387 3827 ut
1418 3761 1849 3845 Cardinales‚
1882 3765 1999 3843 qui
2034 3767 2185 3826 tum
2222 3767 2618 3843 praesentes
2645 3763 2719 3824 in
2748 3761 2965 3825 curia
2998 3766 3231 3838 erunt,
3268 3761 3392 3823 vix
3421 3760 3562 3823 dum

576 3869 722 3934 Nos
749 3871 928 3934 diem
959 3871 1329 3951 contigerit
1363 3869 1694 3935 clausisse
1726 3887 2142 3951 supremum,
2178 3874 2545 3949 autequam
2588 3871 2691 3935 vel
2725 3870 2918 3948 ipsae
2948 3868 3283 3945 exequiae
3323 3868 3402 3930 in
3441 3866 3564 3929 suf·

575 3976 877 4056 fragium
911 3978 1184 4042 animae
1220 3978 1519 4041 Nostrae
1553 3978 2038 4057 persolvantur
2077 3977 2267 4056 (aliis
2297 3976 2787 4041 Oardiualibus
2828 3976 3039 4039 etiam
3081 3974 3168 4038 de
3201 3974 3435 4039 latere
3462 3973 3562 4035 ΙΛ-

576 4085 763 4164 gatis
802 4089 930 4149 aut
959 4102 1043 4147 ex
1074 4085 1218 4148 alia
1253 4085 1558 4163 qualibet
1591 4102 1826 4164 causa,
1859 4086 2070 4150 etiam
2105 4103 2259 4149 cum
2292 4086 2493 4149 venia
2532 4084 2638 4147 vel
2679 4084 3010 4146 mandato
3042 4082 3312 4145 Nostro
3337 4083 3559 4169 ‘absen-

576 4192 790 4270 tibus,
815 4210 938 4272 per
964 4194 1464 4272 praescriptum
1494 4189 1721 4257 decem
1745 4193 2010 4257 dierum
2039 4193 2343 4271 spatium
2371 4191 2650 4254 minime
2670 4189 3074 4268 expectatis)
3101 4188 3328 4253 huius
3342 4189 3560 4253 Urbis.

577 4316 807 4364 rerum
849 4317 931 4363 ac
972 4303 1354 4378 temporum
1400 4300 1946 4364 circumstantiis
1989 4300 2170 4363 serio
2214 4298 2593 4379 perpensis,
2650 4297 3028 4361 deliberent
3070 4313 3162 4358 au
3205 4296 3287 4358 iu
3344 4295 3558 4360 eadm

577 4408 786 4486 Urbe,
833 4405 939 4471 vel
974 4409 1171 4470 extra
1208 4423 1357 4471 eam
1394 4407 1675 4470 comitia
1720 4424 1848 4486 pro
1884 4425 2061 4472 novo
2103 4407 2440 4471 Pontiflce
2472 4406 2785 4485 eligendo
2821 4404 3054 4468 haberi
3102 4403 3430 4466 debe-ut
3471 4403 3555 4463 E·

575 4519 809 4580 autem
837 4514 1244 4579 deliberatio
1274 4515 1550 4595 plenum
1578 4515 1895 4579 effectum
1924 4514 2266 4578 sortiatur
2293 4514 2368 4576 in
2406 4530 2609 4593 quam
2638 4512 2861 4576 maior
2886 4509 3377 4575 cardinalium
3410 4516 3559 4573 tune

578 4620 1041 4701 praesentium
1071 4639 1235 4701 pars
1265 4622 1710 4686 consenserit.
1741 4622 1940 4697 Quod
1968 4622 2026 4685 si
2053 4619 2542 4685 cardinalibus
2574 4619 3008 4699 cougregatis
3039 4619 3337 4696 insuper
3357 4618 3557 4680 visun

579 4729 818 4809 fuerit,
867 4729 1059 4792 nulla
1114 4729 1477 4793 interiecta
1523 4746 1741 4807 mora,
1786 4728 1946 4791 novi
1991 4728 2355 4791 Pontificis
2397 4725 2795 4792 electionem
2840 4726 2930 4789 ad
2973 4726 3233 4789 exitum
3294 4724 3556 4791 adduci.

580 4841 963 4916 praesente.
1024 4841 1108 4901 ut
1153 4837 1378 4915 aiunt,
1428 4837 1781 4912 cadavere,
1833 4836 2124 4901 liberum
2183 4835 2343 4913 erit,
2398 4835 2693 4900 servatis
2749 4850 2922 4914 quae
2970 4831 3315 4897 servanda
3363 4846 3558 4909 supra

581 4944 1063 5023 praecipimus,
1103 4944 1501 5009 electionem
1537 4944 1696 5008 novi
1731 4944 2096 5009 Pontificis
2130 4943 2236 5009 vel
2279 4945 2355 5006 in
2392 4943 2619 5022 primo
2650 4942 2804 5021 ipso
2835 4944 3172 5005 conventu
3218 4939 3554 5018 perficere-

584 5051 901 5132 Insuper,
938 5056 1020 5116 ut
1063 5052 1287 5116 omnis
1320 5054 1719 5116 amoveatur
1751 5052 2223 5116 cunctationis
2255 5054 2330 5115 et
2373 5048 2969 5132 perturbationum
3014 5047 3310 5124 occasio,
3349 5044 3555 5127 quoad
