3753 5871
1168 305 1346 357 Liber
1388 306 1649 369 Quartus
1682 331 1703 343 -
1738 306 1826 358 Dc
1869 307 2247 359 Procssstbus
3104 309 3210 367 541

1499 549 1676 618 om.
1710 548 1907 617 1940.

383 677 590 744 Haec
612 675 1026 760 inquisitio,
1051 674 1384 759 quamvis
1405 676 1500 742 ab
1521 675 1689 760 ipso
1707 676 1854 744 loci
1878 676 2279 744 ordinario
2302 676 2559 761 peragi
2582 675 2845 761 possit,
2872 696 2960 745 ex
2989 695 3196 763 gene·

210 799 364 867 rali
405 801 654 867 tamen
696 800 955 884 regula
991 801 1520 869 committenda
1552 806 1667 870 est
1706 800 1937 868 alicui
1978 820 2067 870 ex
2103 801 2475 870 iudicibus
2508 803 3012 888 synodalibus,
3053 804 3201 871 nisi

207 907 453 976 eidem
492 907 894 977 Ordinario
932 927 1021 976 ex
1061 908 1422 993 peculiari
1465 909 1752 977 ratione
1788 909 1925 977 alii
1962 910 2490 978 committenda
2530 910 2875 979 videatur
2916 909 2966 975 ¹.

1502 1087 1679 1155 CAN.
1709 1086 1905 1154 1941.

396 1227 430 1311 5
479 1230 543 1295 1.
595 1228 1007 1315 Inquisitor
1038 1229 1419 1314 delegetur
1454 1248 1601 1298 non
1635 1230 1732 1298 ad
1766 1230 2326 1303 universitatem
2359 1250 2781 1317 causarum,
2819 1234 2947 1302 sed
2982 1234 3207 1304 toties

217 1337 514 1421 quoties
550 1341 624 1407 et
666 1338 762 1405 ad
806 1356 1030 1405 unam
1073 1356 1374 1406 causam
1407 1337 1458 1403 ³.

396 1443 430 1527 5
476 1443 544 1511 2.
595 1445 1008 1531 Inquisitor
1045 1449 1345 1513 tenetur
1407 1445 1670 1514 iisdem
1725 1446 2302 1531 obligationibus
2361 1448 2628 1534 quibus
2693 1449 2975 1518 iudices
3021 1450 3209 1517 ordi-

213 1551 444 1636 narii,
493 1570 583 1620 ac
628 1552 1065 1637 praesertim
1114 1557 1497 1639 praestare
1543 1553 1760 1623 debet
1804 1555 2323 1623 iusiurandum
2372 1556 2464 1624 de
2523 1561 2807 1625 secreto
2854 1559 3213 1626 servando
3326 1603 3344 1623 .

208 1659 454 1744 deque
486 1660 724 1728 officio
752 1659 1069 1729 fideliter
1101 1661 1476 1745 implendo
1513 1666 1591 1730 et
1628 1663 2000 1731 abstinere
2033 1664 2128 1730 ab
2160 1663 2612 1749 accipiendis
2651 1665 3081 1734 muneribus
3117 1666 3212 1733 ad

213 1784 552 1834 normam
587 1785 751 1835 can.
795 1767 1171 1836 16214624
1212 1765 1265 1831 ³.
1821 1794 1826 1799 ·

400 1876 435 1960 5
480 1877 548 1944 3.
599 1876 1012 1962 Inquisitor
1049 1877 1308 1963 nequit
1341 1879 1421 1944 in
1459 1878 1710 1946 eadem
1748 1897 1979 1946 causa
2013 1879 2328 1947 iudicem
2369 1897 2587 1964 agere
2628 1873 2683 1942 ⁴.

1504 2055 1681 2123 OAN.
1712 2054 1908 2123 1942.

398 2194 432 2276 5
480 2197 545 2262 1.
596 2195 963 2264 Prudenti
991 2193 1374 2271 ordinarii
1403 2196 1684 2264 iudicio
1713 2195 2209 2265 committitur
2236 2200 2567 2265 statuere
2598 2196 3062 2282 quandonam
3100 2215 3211 2279 ea,

207 2322 405 2388 quae
437 2307 736 2387 praesto
763 2309 944 2372 sunt
968 2308 1432 2389 argumenta,
1463 2303 1833 2373 sufficiant
1862 2305 1958 2372 ad
1989 2304 2544 2388 inquisitionem
2575 2304 3110 2372 instituendam
3151 2303 3202 2371 ⁵.

400 2410 435 2494 5
480 2409 547 2477 2.
598 2411 838 2480 Nihili
863 2412 1248 2481 faciendae
1276 2417 1455 2481 sunt
1480 2413 2084 2481 denuntiationes
2118 2432 2303 2499 quae
2332 2415 2427 2481 ab
2456 2413 2757 2482 inimico
2789 2413 3211 2496 manifesto,

212 2523 356 2586 aut
410 2520 504 2586 ab
548 2519 840 2588 homine
880 2519 1015 2588 vili
1060 2525 1135 2589 et
1190 2520 1500 2606 indigno
1541 2520 2013 2605 proveniunt,
2070 2521 2188 2588 vel
2233 2539 2642 2607 anonymae
2698 2522 2794 2589 iis
2838 2522 3214 2589 adiunctis

212 2626 459 2711 iisque
525 2625 698 2695 aliis
762 2626 1144 2695 elementis
1205 2632 1569 2712 carentes,
1641 2646 1826 2714 quae
1889 2628 2434 2698 accusationem
2501 2629 2697 2697 forte
2761 2629 3212 2715 probabilem

214 2733 539 2801 reddant
579 2733 631 2800 ⁶.

1501 2844 1679 2913 OAN.
1712 2843 1909 2912 1943.

396 2982 799 3070 Inquisitio
819 2988 1101 3053 secreta
1135 3003 1421 3070 semper
1447 3004 1605 3055 esse
1629 2986 1869 3068 debet,
1901 2992 1976 3056 et
2000 2986 2428 3055 cautissime
2452 2987 2814 3070 ducenda,
2845 3006 2937 3055 ne
2964 3004 3216 3055 rumor

206 3092 470 3161 delicti
494 3092 989 3177 diffundatur,
1025 3113 1203 3162 neve
1225 3095 1498 3162 bonum
1525 3095 1964 3180 cuiusquam
1993 3114 2256 3163 nomen
2283 3097 2363 3162 in
2394 3095 2791 3164 discrimen
2817 3099 3122 3163 vocetur
3151 3093 3203 3160 ⁷.

1508 3271 1685 3339 om.
1718 3240 1919 3339 1944ss

401 3406 435 3490 5
481 3410 549 3475 1.
597 3410 715 3478 Ad
749 3408 967 3479 finem
1021 3430 1236 3479 suum
1292 3412 1827 3497 assequendum
1884 3416 2134 3499 potest
2192 3413 2592 3499 inquisitor
2650 3414 2965 3500 aliquos,
3029 3434 3211 3501 quos

214 3517 313 3586 de
358 3537 437 3586 re
475 3519 770 3588 edoctos
802 3525 1125 3604 censeat,
1165 3522 1262 3590 ad
1301 3541 1380 3590 se
1415 3521 1656 3590 accire
1694 3526 1770 3590 et
1807 3522 2270 3608 interrogare
2315 3522 2453 3590 sub
2497 3522 2981 3591 iureiurando
3018 3524 3200 3591 veri-

210 3627 402 3696 tatis
448 3627 802 3697 dicendae
849 3633 925 3697 et
965 3625 1231 3698 secreti
1271 3630 1616 3700 servandi
1652 3626 1704 3694 ⁸.

401 3843 423 3878 ¹
463 3842 522 3895 8.
554 3843 619 3895 C.
655 3842 714 3896 S.
747 3842 894 3904 om,
918 3843 1089 3896 instr.
1119 3843 1186 3895 20
1212 3842 1361 3895 febr.
1392 3841 1541 3903 1866,
1570 3855 1629 3894 ιι.
1659 3841 1710 3904 8ς
1741 3842 1911 3894 instr.
1950 3840 1985 3894 6
2011 3854 2145 3904 aug.
2176 3842 2324 3902 1897,
2358 3855 2417 3893 ιι.
2449 3843 2501 3904 5,
2532 3843 2582 3904 6;
2611 3842 2669 3895 S.
2701 3843 2768 3896 O.
2802 3844 2909 3905 Ep.
2943 3847 3007 3897 et
3042 3844 3207 3907 Reg„

216 3934 390 3985 instr.
429 3934 496 3985 11
523 3934 646 3985 iun.
683 3933 838 3995 1880,
864 3946 923 3985 ιι.
954 3933 1036 3995 12;
1066 3932 1125 3985 Β.
1158 3932 1223 3986 O.
1259 3932 1333 3985 de
1361 3933 1532 3993 Prop.
1567 3932 1731 3993 Fide,
1772 3933 1944 3985 lustr.
1980 3945 2035 3984 a.
2068 3931 2217 3993 1883,
2248 3945 2307 3983 ιι.
2340 3933 2472 3984 XII.

395 4028 419 4062 ³
466 4023 522 4075 S.
558 4023 625 4076 Ο.
661 4023 720 4077 S.
755 4023 894 4083 Otr„
927 4024 1097 4076 lustr.
1131 4023 1166 4075 6
1194 4035 1328 4085 aug.
1365 4021 1514 4084 1897,
1553 4035 1613 4074 ιι.
1646 4022 1696 4076 6.

393 4120 419 4156 ³
462 4113 521 4167 S.
555 4114 621 4166 0.
665 4114 722 4168 S.
755 4113 894 4175 Off„
935 4114 1107 4166 instr.
1141 4114 1206 4166 20
1233 4114 1383 4165 tebr.
1420 4113 1568 4173 1866,
1600 4126 1658 4164 ιι.
1690 4113 1741 4175 6,
1783 4115 1951 4165 instr.
1988 4114 2022 4166 6
2050 4125 2185 4176 aug.
2218 4113 2367 4174 1897,
2399 4127 2457 4165 ιι.
2489 4114 2542 4175 5,
2572 4114 2624 4174 6,
2655 4114 2705 4178 8;
2739 4114 2797 4168 S.
2830 4116 2895 4168 Ο.
2931 4116 3004 4167 de
3038 4116 3207 4175 Prop.

217 4205 384 4256 Fide.
418 4205 589 4257 lustr.
622 4216 679 4256 a.
721 4204 869 4264 1883,
901 4216 959 4254 ιι.
1001 4203 1219 4255 XVIII.

392 4299 420 4335 ⁴
461 4296 721 4357 Regulae
750 4294 1075 4346 servandae
1104 4294 1167 4345 in
1194 4293 1433 4345 iudiciis
1464 4293 1620 4354 apud
1652 4293 1710 4346 S.
1742 4293 1813 4344 R.
1854 4294 2045 4345 Rotae
2073 4294 2377 4355 Tribunal,
2409 4297 2442 4346 4
2477 4307 2612 4357 aug.
2645 4295 2793 4356 1910,
2831 4296 2858 4356 5
2888 4294 3001 4346 102.
3095 4269 3111 4293 “

400 4391 426 4426 ⁸
464 4386 521 4439 S.
557 4385 622 4438 0.
658 4385 717 4438 S.
750 4384 889 4445 Off..
922 4383 1093 4436 lustr.
1125 4384 1160 4437 6
1189 4396 1321 4446 aug.
1356 4383 1504 4444 1897,
1543 4396 1602 4434 ιι.
1634 4385 1686 4444 1,
1717 4384 1768 4445 3,
1799 4384 1850 4435 5.

398 4484 425 4520 ⁶
459 4477 525 4529 C.
563 4477 646 4536 15,
694 4476 777 4536 17,
817 4477 881 4529 Ο.
916 4475 1000 4537 11,
1038 4488 1092 4537 q.
1124 4475 1174 4537 7,
1212 4486 1262 4526 c.
1297 4475 1379 4535 13,
1410 4475 1579 4535 19-21,
1611 4474 1694 4536 24,
1726 4475 1792 4534 X,
1844 4476 1916 4525 dc
1955 4474 2450 4535 accusationibus,
2489 4473 2970 4535 inquisitionibus
3008 4477 3067 4524 et
3117 4473 3208 4522 de·

215 4568 718 4625 nunciationibus,
747 4568 817 4629 V,
846 4568 896 4629 1;
922 4578 971 4618 c.
1000 4567 1084 4627 31,
1116 4566 1182 4627 X,
1214 4568 1285 4617 dc
1312 4565 1584 4623 simonio,
1616 4568 1676 4616 ct
1710 4576 1784 4615 nc
1812 4564 2039 4625 aliquid
2066 4576 2172 4625 pro
2203 4565 2615 4625 spiritualibus
2651 4563 2927 4624 ominatur
2957 4565 3051 4615 vet
3080 4574 3207 4622 pro-

216 4661 518 4718 mittatur,
546 4659 616 4719 V,
651 4658 700 4719 3:
728 4657 786 4710 S.
819 4657 883 4710 Ο.
919 4656 978 4709 S.
1012 4656 1150 4718 Otr„
1179 4657 1350 4709 instr.
1385 4655 1449 4709 20
1484 4656 1632 4708 febr.
1663 4655 1812 4716 1866,
1841 4669 1900 4707 ιι.
1931 4656 1983 4715 6,
2015 4656 2098 4717 10;
2126 4657 2297 4708 instr.
2334 4656 2367 4708 6
2395 4667 2530 4717 aug.
2559 4654 2709 4715 1897,
2739 4666 2798 4704 ιι.
2829 4655 2879 4716 1;
2908 4653 2967 4706 S.
2999 4653 3065 4706 Ο.
3100 4654 3204 4714 Ep.

214 4753 282 4803 et
321 4751 484 4812 Res„
525 4747 870 4806 Ariminen..
912 4750 946 4798 1
982 4748 1104 4799 dec.
1147 4746 1294 4808 15793
1334 4746 1391 4800 S.
1424 4747 1490 4798 C.
1536 4746 1609 4799 de
1659 4747 1828 4806 Prop.
1874 4745 2037 4806 Fide,
2080 4746 2252 4798 lustr.
2306 4745 2408 4805 (ad
2456 4744 2581 4796 Vic.
2628 4746 2737 4804 Ap.
2779 4743 3205 4805 Cochlnchin.).

215 4841 284 4892 m
314 4852 447 4902 aug.
492 4839 639 4891 1775.

398 4935 425 4973 ⁷
460 4931 525 4984 G.
557 4930 641 4990 24,
672 4930 740 4991 X,
774 4930 845 4980 dc
876 4926 1370 4987 accusationibus,
1404 4877 1887 4986 inquisilionibus
1921 4931 1980 4978 et
2014 4923 2582 4983 denunciationibus,
2619 4924 2689 4985 V,
2731 4925 2782 4986 13
2815 4923 2872 4976 S.
2906 4924 2971 4976 O.
3009 4924 3116 4984 Ep.
3150 4928 3213 4977 et

218 5022 385 5084 Reg„
426 5018 770 5079 Ariminen„
817 5023 851 5073 1
889 5018 1013 5071 dec.
1051 5018 1198 5071 1579.

402 5114 428 5151 ⁸
463 5112 528 5164 O.
569 5113 621 5172 5,
655 5112 723 5171 X,
757 5115 826 5162 ut
858 5110 963 5161 lite
994 5120 1110 5159 non
1142 5110 1474 5160 contestata
1505 5119 1621 5159 non
1653 5110 2008 5167 procedatur
2037 5109 2115 5158 aa
2149 5108 2389 5159 testium
2418 5104 2808 5165 receptionem
2850 5106 2943 5156 vet
2977 5107 3055 5156 aa
3088 5117 3212 5155 sen·

221 5203 473 5254 tentiam
504 5199 888 5260 definitivam,
925 5200 1009 5260 11,
1040 5200 1089 5261 6;
1113 5211 1163 5251 c.
1194 5200 1278 5260 19,
1309 5199 1374 5260 X,
1415 5200 1487 5250 dc
1514 5197 2009 5257 accusationibus,
2038 5195 2520 5257 inquisitionibus
2549 5200 2608 5247 et
2639 5179 3209 5253 denunciationibus,

222 5294 291 5355 V,
321 5295 372 5355 1;
397 5292 754 5343 Benedictus
779 5291 931 5351 XIV,
962 5293 1146 5342 const.
1179 5305 1210 5341 ι
1241 5288 1687 5340 Sacramentum
1722 5287 2129 5339 Poenitentiae
2159 5301 2208 5345 ιι,
2237 5287 2271 5337 1
2298 5287 2420 5337 iun.
2450 5285 2600 5346 1741,
2642 5286 2669 5346 5
2700 5287 2749 5347 13
2775 5289 2962 5339 const.
2997 5300 3029 5336 α
3065 5284 3211 5346 Δρο-

218 5382 420 5434 stolici
456 5382 716 5432 muneris
759 5397 810 5442 ιο,
847 5381 881 5432 8
912 5381 1061 5432 tebr.
1098 5380 1247 5441 1742,
1295 5380 1322 5440 5
1357 5379 1406 5441 2;
1441 5377 1499 5431 S.
1533 5378 1598 5430 Ο.
1634 5378 1692 5431 S.
1726 5378 1864 5438 Off„
1903 5378 2074 5429 instr.
2112 5377 2146 5429 6
2188 5387 2322 5438 aug.
2363 5375 2512 5437 1897,
2549 5389 2608 5427 ιι.
2640 5377 2692 5437 5,
2724 5376 2773 5438 7;
2812 5375 2872 5428 S.
2905 5376 2969 5429 C.
3004 5376 3109 5436 Ep.
3150 5379 3213 5427 et

221 5475 386 5536 Res„
419 5472 591 5524 lustr.
623 5473 689 5523 11
717 5471 838 5522 iun.
871 5471 1020 5530 1880,
1052 5483 1110 5521 ιι.
1142 5470 1225 5531 15,
1257 5469 1425 5532 17-20;
1456 5469 1514 5522 S.
1547 5469 1612 5522 Ο.
1653 5467 1727 5521 de
1757 5469 1929 5529 Prop.
1967 5467 2132 5530 Fide,
2167 5467 2338 5519 instr.
2371 5478 2426 5518 a.
2463 5466 2613 5533 1883,
2653 5479 2713 5518 ιι.
2744 5467 2863 5528 XV,
2905 5466 3208 5518 XVII-XX.
3308 5457 3309 5460 ’
