3753 5871
1198 278 1375 330 moer
1418 281 1680 342 Quartus
1713 304 1734 317 -
1766 278 1856 330 De
1899 280 2278 332 processibus
3134 281 3241 339 477

429 465 463 548 ξ
507 465 575 531 2.
625 464 838 545 Quod
881 464 972 547 si,
1011 465 1211 531 iusta
1245 482 1470 531 causa
1509 464 1891 547 suadente,
1929 465 2181 549 plures
2224 467 2317 532 ab
2353 465 2602 533 eodem
2638 465 3114 551 deputentur,
3163 466 3241 533 hi

249 573 363 642 ita
398 574 982 651 constituantur,
1025 577 1111 640 ut
1149 563 1368 640 detur
1406 573 1605 640 inter
1641 573 1844 657 ipsos
1884 573 2090 640 locus
2138 573 2648 658 praeventioni
2701 571 2724 607 ²

431 680 464 763 §
510 680 579 748 3.
627 680 992 749 Advocati
1028 685 1276 748 autem
1328 681 1579 764 plures
1618 681 1841 747 simul
1882 682 2242 749 constitui
2283 687 2564 766 queunt
2613 678 2664 745 ⁸.

432 788 465 871 ξ
512 789 579 854 4.
630 790 1045 873 Utrumque
1093 806 1388 864 munus,
1454 789 1964 878 procuratoris
2027 793 2104 858 et
2153 788 2520 871 advocati,
2575 789 2801 858 etiam
2854 789 2934 855 in
2985 789 3236 858 eadem

248 913 475 964 causa
510 900 588 965 et
622 914 758 980 pro
802 896 1052 964 eodem
1089 896 1358 965 cliente
1393 897 1642 964 eadem
1687 915 2001 981 persona
2038 914 2372 965 exercere
2418 901 2664 981 potest
2722 893 2775 962 ³.

1512 1083 1691 1150 CAN.
1750 1083 1945 1150 1657.

432 1220 466 1303 5
513 1223 578 1287 1.
631 1223 1084 1292 Procurator
1121 1230 1197 1292 et
1243 1225 1646 1293 advocatus
1683 1244 1840 1293 esse
1880 1225 2148 1294 debent
2184 1227 2561 1310 catholici,
2603 1230 2850 1296 aetate
2898 1227 3237 1309 maiores,

250 1327 484 1397 bonae
516 1330 781 1416 famae3
813 1333 1272 1401 acatholicus
1304 1352 1452 1400 non
1484 1334 1940 1416 admittitur,
1988 1334 2134 1401 nisi
2176 1353 2309 1420 per
2343 1335 2843 1428 exceptionem
2878 1341 2952 1403 et
2988 1355 3076 1404 ex
3122 1354 3238 1404 ne·

245 1437 595 1505 cessitate
632 1439 683 1509 ⁴.

426 1545 459 1628 §
506 1545 573 1611 2.
622 1546 1048 1614 Advocatus
1083 1546 1300 1615 debet
1332 1550 1716 1631 praeterea
1752 1567 1911 1616 esse
1953 1549 2212 1616 doctor
2255 1549 2372 1618 vel
2406 1550 2688 1636 alioqui
2722 1569 2891 1619 vere
2925 1551 3238 1635 peritus,

248 1652 511 1721 saltem
555 1654 635 1721 in
685 1654 847 1722 iure
887 1654 1242 1721 canonico
1278 1656 1330 1723 ⁸.

429 1761 461 1843 ξ
508 1761 574 1828 3.
625 1762 1043 1847 Religiosus
1079 1762 1380 1830 admitti
1416 1768 1686 1847 potest,
1729 1764 1874 1831 nisi
1922 1764 2128 1832 aliud
2177 1765 2255 1831 in
2293 1765 2956 1834 constitutionibus
2991 1783 3238 1833 cavea·

249 1874 400 1951 tur,
435 1870 515 1936 in
544 1869 791 1937 causis
820 1874 1116 1938 tantum
1147 1871 1228 1938 in
1260 1872 1526 1956 quibus
1563 1873 1884 1941 vertitur
1916 1873 2210 1940 utilitas
2248 1890 2424 1940 suae
2460 1873 2863 1958 religionis,
2897 1873 2988 1941 de
3020 1873 3237 1941 licen·

250 1975 361 2043 tia.
405 1981 651 2046 tamen
700 1976 1123 2061 Superioris
1170 1980 1221 2047 ⁸.
1642 2038 1644 2040 ,

1529 2087 1706 2154 CAN.
1755 2086 1950 2154 1658.

429 2223 461 2306 ξ
510 2225 575 2290 1.
625 2224 953 2303 Quilibet
990 2244 1128 2310 pro
1164 2226 1406 2293 lubitu
1442 2245 1487 2292 a
1524 2230 1737 2310 parte
1773 2230 2016 2310 potest
2052 2226 2226 2311 eligi
2261 2231 2336 2294 et
2380 2226 2727 2311 deputari
2773 2232 3238 2312 procurator,

248 2331 644 2400 dummodo
687 2333 1086 2400 secundum
1131 2333 1684 2417 praecedentem
1729 2352 2083 2401 canonem
2127 2334 2436 2401 idoneus
2490 2335 2615 2416 sit,
2665 2335 2842 2419 quin
2898 2352 3085 2419 opus
3138 2334 3239 2402 sit

250 2444 335 2508 ut
385 2439 767 2507 Ordinarii
804 2442 1246 2525 approbatio
1280 2441 1762 2509 antecesserit
1825 2441 1879 2509 ⁷.

427 2546 460 2630 ς
506 2547 572 2613 2.
622 2548 1048 2616 Advocatus
1103 2553 1377 2625 autem,
1428 2554 1515 2618 ut
1569 2550 1665 2617 ad
1711 2549 2210 2634 patrocinium
2260 2549 2732 2631 admittatur,
2784 2548 3069 2634 indiget
3117 2567 3238 2633 ap·

249 2655 686 2737 probatione
730 2655 1138 2739 Ordinarii,
1190 2675 1375 2741 quae
1419 2663 1554 2726 aut
1595 2658 1963 2743 generalis
2007 2658 2107 2725 sit
2150 2657 2245 2724 ad
2291 2675 2540 2725 omnes
2582 2674 2848 2723 causas
2902 2660 3038 2724 aut
3084 2674 3237 2741 spe·

247 2760 464 2829 cialis
498 2780 636 2845 pro
676 2768 880 2830 certa
917 2781 1143 2830 causa
1189 2763 1241 2832 ⁸.

427 2869 461 2953 ἕ
506 2870 574 2939 3.
625 2870 717 2939 In
781 2871 1057 2941 iudicio
1105 2890 1353 2940 coram
1408 2872 1726 2941 Sanctae
1790 2872 2003 2941 Sedis
2052 2871 2413 2955 delegato,
2466 2872 2705 2956 ipsius
2756 2870 3079 2955 delegati
3130 2876 3242 2940 est

248 2978 663 3062 approbare
703 2985 778 3048 et
813 2978 1206 3048 admittere
1238 2981 1703 3063 advocatum,
1751 2999 1895 3065 quo
1935 2998 2112 3065 pars
2145 2979 2261 3048 uti
2303 2998 2381 3048 se
2412 2980 2599 3047 velle
2632 2979 3062 3047 ostenderit.

429 3087 462 3170 §
509 3089 576 3153 4.
627 3087 1080 3156 Procurator
1113 3094 1189 3158 et
1232 3089 1660 3166 advocatus,
1700 3089 1779 3154 in
1814 3088 2063 3155 causis
2102 3106 2286 3171 quae
2331 3087 2426 3154 ad
2467 3105 2798 3155 normam
2835 3105 2999 3155 can.
3045 3088 3240 3170 1579,

254 3194 332 3277 ἐξ
359 3197 427 3278 1,
456 3195 501 3261 2
526 3200 854 3279 aguntur
884 3196 964 3263 in
1001 3196 1381 3281 religionis
1414 3194 1801 3277 tribunali,
1833 3194 2154 3280 eligendi
2183 3198 2362 3263 sunt
2386 3214 2474 3262 ex
2506 3195 2756 3262 eadem
2789 3194 3142 3280 religione
3169 3198 3246 3263 et

248 3308 426 3372 ante
451 3304 851 3387 patrocinii
877 3304 1413 3388 susceptionem
1439 3302 1902 3388 approbandi
1927 3302 2020 3370 ab
2043 3321 2152 3385 eo,
2185 3303 2305 3386 qui
2336 3306 2588 3386 partes
2611 3302 2881 3370 iudicis
2904 3304 2984 3369 in
3015 3321 3244 3371 causa

248 3410 430 3496 agit;
467 3411 546 3477 in
580 3412 828 3478 causis
869 3430 1042 3478 vero
1084 3430 1269 3495 quae
1303 3412 1397 3478 ad
1445 3428 1774 3478 normam
1819 3410 2144 3478 eiusdem
2178 3411 2486 3477 canonis
2524 3411 2557 3494 ξ
2594 3412 2637 3478 3
2673 3411 2869 3496 apud
2909 3410 3242 3478 tribuna-l
3339 3418 3343 3422 “

245 3520 630 3587 Ordinarii
663 3521 806 3588 loci
844 3525 1427 3603 pertractantur,
1462 3519 1761 3587 admitti
1794 3525 2041 3604 potest
2070 3522 2293 3588 etiam
2330 3520 2670 3604 religioni
2702 3523 3098 3587 extraneus
3136 3515 3190 3583 ⁰.

436 3730 456 3765 ¹
494 3729 559 3782 C.
598 3730 681 3789 14,
714 3730 779 3789 X,
821 3730 892 3779 de
926 3728 1426 3789 procuratoribus,
1465 3729 1514 3788 Ι,
1551 3729 1633 3788 38;
1667 3740 1717 3780 c.
1750 3730 1801 3790 0,
1841 3731 1913 3780 dc
1950 3730 2448 3789 procuratoribus,
2489 3731 2538 3791 1,
2579 3731 2661 3790 19,
2707 3729 2767 3779 ln
2803 3729 2931 3791 V103
2966 3728 3107 3791 Reg.
3157 3729 3239 3789 54,

254 3820 326 3870 R.
354 3820 434 3880 J..
470 3821 533 3871 in
565 3819 690 3871 V10.

427 3915 452 3948 ²
496 3909 636 3972 Reg.
672 3909 755 3969 m,
789 3909 859 3960 R.
896 3909 975 3969 J.,
1010 3910 1073 3960 in
1107 3909 1234 3961 V10.

429 4005 455 4040 ³
493 3999 559 4051 Ο.
589 4000 641 4059 4,
671 4000 744 4050 de
780 3999 1279 4059 procuratoribus,
1320 4000 1368 4061 1,
1408 4001 1491 4060 19,
1524 4001 1586 4051 ln
1620 4001 1745 4051 V10.

429 4096 458 4131 ⁴
493 4090 558 4142 Ο.
595 4092 647 4149 1,
683 4090 733 4150 2,
767 4090 832 4143 G.
872 4090 986 4150 111,
1020 4102 1074 4152 q,
1108 4090 1157 4152 ‘1;
1188 4102 1238 4142 c.
1271 4091 1322 4150 3,
1357 4090 1421 4143 O.
1455 4091 1524 4151 V,
1559 4104 1613 4152 ιι.
1646 4093 1697 4152 3;
1727 4102 1778 4142 c.
1810 4092 1860 4152 7,
1898 4092 1970 4141 D.
2012 4091 2060 4149 Ι,
2102 4092 2172 4142 de
2206 4089 2444 4150 poenit„-
2484 4102 2534 4141 c.
2566 4091 2649 4151 10,
2682 4089 2747 4150 Χ,
2795 4091 2866 4141 de
2910 4090 3244 4148 procurato-

254 4180 441 4239 ribus,
474 4179 525 4240 Ι,
556 4180 639 4241 38;
667 4190 718 4232 c.
748 4181 800 4241 5,
832 4181 898 4241 Χ,
932 4181 1004 4232 de
1035 4181 1098 4229 in
1129 4179 1423 4240 intem-um
1455 4180 1853 4239 restitutione,
1890 4181 1940 4241 Ι,
1977 4182 2058 4238 41:
2091 4192 2139 4232 c.
2174 4181 2224 4241 5,
2257 4181 2323 4238 X,
2362 4185 2429 4232 ut
2467 4181 2572 4231 lite
2613 4192 2730 4230 non
2763 4179 3096 4229 contestata
3129 4188 3245 4227 non

255 4271 612 4330 procedatur
639 4273 717 4322 aa
754 4271 991 4322 testium
1028 4271 1419 4331 receptionem
1448 4271 1541 4323 vel
1576 4274 1653 4321 ad
1687 4271 2043 4321 sententiam
2077 4270 2461 4330 definitivam,
2500 4271 2582 4330 ΙΙ,
2617 4271 2667 4330 o:
2699 4282 2751 4321 e.
2784 4270 2867 4330 10,
2898 4270 2965 4329 Χ,
3006 4270 3079 4320 dc
3113 4267 3246 4318 dolo

253 4365 314 4412 et
350 4362 737 4420 contumacia,
774 4362 857 4421 11.
894 4362 976 4418 14:
998 4374 1048 4413 e.
1077 4362 1129 4422 7,
1157 4363 1222 4423 Χ,
1259 4364 1329 4414 de
1359 4361 1821 4422 probationibus,
1853 4361 1937 4422 ΙΙ,
1967 4362 2050 4423 19;
2076 4373 2124 4412 c.
2157 4362 2240 4422 34,
2272 4361 2338 4421 Χ,
2372 4362 2444 4411 de
2476 4358 2725 4411 testibus
2754 4364 2812 4411 et
2846 4356 3244 4409 attestattoni-

259 4452 387 4510 bus,
422 4451 505 4513 ΙΙ,
533 4451 614 4514 2ος
636 4464 686 4517 e.
719 4452 802 4513 16,
833 4452 900 4512 X,
936 4454 1008 4503 de
1032 4452 1382 4512 praebendis
1396 4460 1469 4505 ,et
1498 4451 1910 4511 divnitattbus,
1940 4452 2054 4512 ΙΙΙ,
2085 4452 2135 4512 5;
2167 4462 2218 4502 c.
2247 4451 2332 4511 13,
2366 4452 2430 4511 x,
2464 4451 2536 4501 de
2567 4448 2901 4507 haereticis,
2929 4449 2999 4509 V,
3030 4448 3081 4509 ’ἲς
3106 4460 3156 4499 c.
3189 4450 3241 4511 1,

257 4544 330 4593 ae
368 4541 866 4602 procuratoribus,
907 4543 956 4603 Ι,
987 4544 1071 4602 19,
1113 4541 1382 4602 an1⁶;c.
1418 4555 1540 4603 un.,
1576 4545 1647 4594 de
1678 4542 1901 4602 poenis,
1935 4541 2030 4594 tlt.
2064 4541 2197 4600 XII,
2231 4541 2294 4591 in
2329 4542 2648 4601 Extravag.
2685 4540 2849 4591 Ioan.
2884 4539 3063 4599 XXII:
3099 4539 3246 4589 Pau·

257 4634 353 4685 lus
383 4632 483 4693 1v,
516 4636 702 4684 const.
738 4648 769 4682 ‹
798 4633 944 4683 oum
976 4644 1049 4681 eo
1080 4633 1448 4692 apostolatus
1478 4649 1528 4686 ιι.
1562 4634 1628 4685 15
1658 4634 1806 4685 febr.
1842 4633 1997 4693 1559,
2031 4632 2057 4693 1
2088 4632 2138 4693 5;
2171 4630 2229 4684 S.
2262 4631 2328 4682 C.
2363 4632 2468 4691 Ep.
2510 4634 2573 4682 et
2602 4630 2767 4691 Reg„
2810 4630 2983 4681 instr.
3026 4630 3089 4680 11
3123 4630 3242 4679 iun.

256 4723 404 4784 1880,
438 4734 495 4773 n.
528 4723 610 4785 30;
641 4722 699 4775 S.
732 4723 796 4775 C.
831 4722 904 4776 de
938 4724 1108 4784 Prop.
1143 4723 1307 4784 Fide,
1351 4724 1522 4774 instr.
1557 4736 1614 4775 a.
1648 4722 1795 4783 1883,
1830 4735 1889 4774 n.
1924 4723 2085 4774 XXX.

431 4816 457 4852 ⁸
495 4816 617 4867 Lex
646 4815 882 4876 propria
918 4813 975 4867 S.
1010 4813 1077 4864 R.
1114 4814 1302 4867 Rotae
1333 4817 1396 4865 et
1426 4813 1780 4876 Signatume
1814 4816 1941 4874 Ap„
1975 4814 2040 4866 29
2071 4815 2192 4864 iun.
2226 4812 2373 4872 1908,
2407 4824 2535 4862 ean.
2572 4813 2653 4871 44,
2694 4811 2720 4872 1
2752 4811 2802 4860 2.

437 4910 462 4944 ⁶
501 4905 565 4957 Ο.
608 4906 690 4964 35,
734 4905 798 4957 C.
840 4906 991 4965 XVI,
1036 4918 1093 4966 q.
1134 4906 1183 4959 1:
1219 4917 1268 4956 c.
1302 4905 1352 4964 2,
1385 4906 1449 4965 Χ,
1494 4907 1565 4955 de
1604 4906 1976 4965 postulando,
2021 4905 2071 4963 1,
2102 4904 2184 4965 373
2223 4915 2272 4953 c.
2305 4902 2355 4963 3,
2405 4905 2476 4953 de
2516 4899 3014 4961 procuratoribus,
3060 4900 3108 4960 Ι,
3163 4899 3245 4958 10,

254 5000 316 5047 ln
345 4996 524 5047 Glem.

442 5090 468 5125 ⁷
500 5085 564 5137 Ο.
597 5086 679 5144 14,
711 5086 777 5145 X,
809 5088 882 5138 de
912 5084 1410 5145 procuratoribus,
1447 5085 1495 5146 Ι,
1528 5085 1608 5146 38;
1637 5096 1687 5136 c.
1720 5087 1770 5145 1,
1802 5085 1852 5144 5,
1888 5087 1959 5136 de
1991 5081 2489 5143 procuratoribus,
2526 5082 2573 5140 Ι,
2608 5082 2690 5139 19,
2730 5082 2791 5130 in
2823 5079 2949 5131 V10.

441 5178 466 5215 Β
502 5174 560 5227 S.
598 5176 663 5228 Ο.
714 5177 819 5236 Dp.
867 5180 928 5228 et
966 5176 1129 5238 neg,
1180 5179 1349 5228 instr.
1389 5177 1453 5226 11
1494 5176 1616 5227 iun.
1658 5176 1805 5235 1880,
1845 5187 1904 5225 n.
1937 5176 2019 5236 30;
2059 5174 2117 5227 S.
2149 5173 2213 5226 C.
2255 5172 2329 5224 de
2369 5174 2538 5233 Prop.
2578 5171 2741 5231 Fide,
2785 5172 2954 5222 instr.
2999 5181 3055 5220 a.
3097 5168 3244 5227 1883,

258 5279 315 5317 n.
353 5265 513 5317 XXX.

441 5360 465 5395 ⁹
498 5355 562 5409 C.
612 5356 696 5417 35,
735 5356 799 5408 C.
850 5356 1001 5416 XVI,
1050 5368 1105 5417 q.
1138 5358 1187 5418 1;
1222 5368 1271 5407 c.
1306 5357 1355 5415 2,
1388 5357 1453 5417 Χ,
1495 5358 1566 5407 de
1608 5357 1979 5416 postulando,
2025 5355 2073 5414 Ι,
2109 5355 2191 5417 37;
2228 5366 2277 5404 c.
2320 5354 2370 5412 3,
2414 5354 2484 5404 de
2526 5351 3024 5411 procuratoribus,
3068 5350 3116 5409 1,
3161 5349 3243 5408 10,

259 5448 321 5497 in
355 5446 533 5498 Clem.
1436 5472 1439 5477 -
2317 5462 2336 5477 .
