3753 5871
510 318 586 377 m
1638 318 1836 371 Oodao
1878 320 2040 373 lam
2084 321 2365 373 canonici

693 509 727 592 ἓ
773 509 840 575 2.
891 508 1252 594 Proprius
1297 510 1469 594 vagi
1515 510 1884 596 parochus
1921 511 2040 580 vel
2081 512 2528 582 ordinarius
2566 518 2682 583 est
2717 515 3084 599 parochus
3122 515 3238 584 vel
3288 515 3501 585 Ordi-

515 616 773 684 narius
802 617 949 685 loci
980 617 1061 685 in
1102 636 1249 703 quo
1277 634 1510 701 vagus
1540 622 1718 687 actu
1747 624 2272 688 commoratur.

689 725 723 809 ξ
769 725 838 793 3.
889 725 1199 793 Illorum
1228 744 1513 812 quoque
1542 728 1668 811 qui
1696 746 1845 796 non
1879 728 2153 797 habent
2185 729 2332 797 nisi
2356 729 2867 798 dioecesanum
2893 731 3351 800 domicilium
3383 734 3504 802 vel

513 833 1211 919 quasi-domicilium
1247 835 1615 920 parochus
1651 836 2003 921 proprius
2039 840 2153 905 est
2189 837 2558 923 parochus
2604 839 2745 905 loci
2787 838 2868 905 in
2905 857 3052 924 quo
3096 844 3271 909 actu
3305 859 3495 910 com·

507 944 919 1009 morantur.
1819 994 1977 1062 OAN
2039 996 2126 1064 95

674 1119 1150 1188 Domicilium
1202 1123 1280 1187 et
1336 1117 2032 1206 quasidomicfflum
2084 1120 2466 1189 amittitur
2512 1120 2957 1191 discessione
3009 1142 3058 1191 a
3108 1124 3273 1192 loco
3327 1142 3497 1191 cum

506 1227 754 1296 animo
796 1244 945 1294 non
982 1226 1420 1309 revertendi,
1459 1226 1667 1296 salvo
1699 1229 2164 1313 praescripto
2196 1247 2362 1296 can.
2409 1229 2520 1297 93.

1822 1407 2000 1476 OAN.
2040 1407 2150 1476 96.

681 1528 716 1612 ξ
764 1531 830 1596 1.
879 1530 1510 1616 consanguinitas
1537 1536 2018 1617 computatur
2054 1552 2188 1619 per
2217 1534 2454 1602 lineas
2485 1537 2562 1603 et
2590 1534 2869 1619 gradus
2906 1534 2956 1602 ².

680 1636 714 1719 ξ
761 1636 827 1703 2.
878 1638 970 1705 In
1002 1638 1204 1707 linea
1232 1643 1460 1723 recta,
1493 1644 1610 1709 tot
1645 1644 1822 1708 sunt
1850 1641 2128 1725 gradus
2168 1646 2346 1727 quot
2375 1643 2911 1726 generationes,
2949 1662 3079 1712 seu
3111 1649 3291 1730 quot
3330 1662 3489 1728 per·

501 1763 748 1828 sonae,
786 1746 1046 1830 stipite
1077 1746 1376 1831 dempto
1410 1746 1465 1814 ².

677 1853 712 1936 ξ
756 1853 825 1921 3.
875 1855 968 1921 In
1003 1855 1202 1923 linea
1227 1854 1550 1941 obliqua,
1587 1855 1653 1924 si
1678 1859 1970 1926 tractus
1997 1860 2307 1942 uterque
2336 1857 2441 1925 sit
2465 1858 2823 1943 aequalis,
2858 1861 2974 1927 tot
2998 1863 3176 1927 sunt
3209 1859 3492 1944 gradus

501 1968 681 2048 quot
715 1963 1228 2047 generationes
1271 1963 1352 2031 in
1392 1981 1540 2031 uno
1578 1967 1829 2033 tractu
1868 1964 2154 2034 lineae:
2214 1965 2280 2033 si
2315 1964 2465 2034 duo
2507 1969 2797 2034 tractus
2837 1966 2993 2035 sint
3031 1966 3484 2052 inaequales,

501 2074 616 2138 tot
642 2070 920 2152 gradus
947 2076 1127 2156 quot
1160 2070 1671 2156 generationes
1697 2072 1779 2140 in
1817 2076 2069 2141 tractu
2100 2072 2432 2157 longiore
2471 2073 2525 2139 ³.

1804 2245 1983 2312 CAN.
2024 2246 2133 2313 97.

673 2365 707 2449 ξ
755 2367 822 2432 1.
871 2366 1216 2435 Affinitas
1241 2368 1486 2436 oritur
1517 2387 1610 2437 ex
1638 2370 2112 2438 matrimonio
2140 2369 2392 2438 valido
2419 2371 2572 2439 sive
2609 2373 2779 2439 rato
2803 2374 3099 2440 tantum
3135 2372 3290 2441 sive
3317 2377 3490 2441 rato

494 2480 571 2540 et
599 2479 1109 2542 consummato
1150 2476 1203 2543 ⁴.

671 2581 706 2665 ξ
752 2580 820 2648 2.
869 2583 1093 2668 Viget
1118 2583 1318 2651 inter
1346 2583 1590 2652 virum
1625 2584 2020 2653 dumtaxat
2045 2588 2122 2653 et
2149 2585 2735 2670 consanguineos
2769 2586 3130 2670 mulieris,
3160 2586 3492 2674 itemque

498 2689 880 2758 mulierem
913 2692 1112 2757 inter
1144 2694 1222 2760 et
1260 2691 1407 2759 viri
1438 2692 2025 2778 consanguineos
2067 2693 2123 2760 ⁸.

668 2798 702 2873 ξ
737 2797 805 2865 3.
851 2797 979 2865 Ita
1021 2803 1500 2880 computatur
1538 2805 1626 2867 ut
1667 2801 1795 2882 qui
1834 2805 2013 2868 sunt
2048 2801 2582 2881 consanguinei
2619 2802 2791 2883 viri,
2843 2802 3063 2870 iidem
3108 2803 3187 2868 in
3227 2804 3485 2871 eadem

492 2903 692 2974 linea
721 2908 801 2975 et
829 2906 1066 2991 gradu
1108 2906 1263 2975 siut
1293 2905 1546 2977 affines
1575 2909 1936 2993 mulieris,
1980 2914 2056 2979 et
2086 2910 2246 2979 vice
2277 2927 2487 2979 versa
2531 2909 2583 2978 ⁸.

1806 3086 1983 3155 om.
2024 3087 2135 3155 98.

665 3207 699 3291 ς
748 3209 814 3274 1.
864 3208 1076 3277 Inter
1104 3210 1350 3278 varios
1375 3210 1779 3279 catholicos
1816 3211 2011 3279 ritus
2045 3210 2142 3278 ad
2174 3210 2386 3278 iilum
2421 3212 2587 3296 quis
2614 3212 2963 3298 pertinet,
2995 3213 3210 3281 cuius
3237 3231 3481 3281 caere·

488 3318 757 3386 moniis
795 3317 1219 3403 baptizatus
1257 3319 1433 3403 tuit,
1478 3321 1625 3388 nisi
1671 3321 1868 3390 torte
1905 3320 2322 3406 baptismus
2367 3339 2416 3389 a
2455 3320 2650 3389 rItus
2696 3320 2923 3389 alieni
2972 3320 3319 3389 ministro
3355 3320 3482 3389 vel

486 3427 753 3496 fraude
790 3428 1112 3496 collatus
1153 3428 1329 3512 tuit,
1372 3430 1489 3497 vel
1538 3430 1630 3498 ob
1669 3448 1968 3515 gravem
2010 3430 2549 3512 necessitatem,
2593 3446 2761 3498 cum
2801 3429 3144 3498 sacerdos
3186 3428 3481 3516 proprii

486 3535 681 3604 ritus
715 3542 1014 3621 praesto
1047 3555 1204 3605 esse
1234 3556 1381 3606 non
1418 3539 1689 3622 potuit,
1721 3540 1838 3607 vel
1874 3557 1964 3607 ex
1991 3537 2546 3622 dispensatione
2572 3536 3009 3622 apostolica,
3040 3555 3208 3606 cum
3239 3537 3476 3606 facul-

484 3651 605 3714 tas
636 3645 819 3714 data
850 3645 1003 3713 fuit
1037 3650 1123 3714 ut
1160 3646 1326 3730 quis
1364 3650 1573 3715 certo
1607 3646 1924 3733 quodam
1964 3647 2118 3715 ritu
2156 3646 2690 3732 baptizaretur,
2733 3647 2911 3732 quin
2949 3649 3197 3715 tamen
3235 3647 3474 3716 eidem

486 3753 912 3839 adscriptus
941 3759 1273 3822 maneret
1311 3751 1363 3820 '.

656 3944 676 3979 1
714 3943 777 3996 C.
809 3944 860 4005 1,
892 3942 943 4004 2,
973 3942 1026 4004 6,
1055 3941 1121 3994 Ο.
1159 3941 1373 4002 XXXV.
1406 3952 1462 4002 q.
1491 3940 1541 4002 ῦς
1575 3950 1625 3991 c.
1656 3939 1709 4000 3,
1741 3937 1791 3999 7,
1822 3939 1873 3999 9,
1906 3938 1972 3999 Χ,
2010 3939 2083 3989 aa
2111 3937 2623 3997 manuninum&
2653 3943 2712 3992 ct
2743 3938 3053 3998 amicata,
3092 3937 3195 3999 IV.
3225 3938 3309 3989 14.

653 4037 680 4073 ²
711 4033 777 4087 Ο.
810 4035 864 4096 1,
892 4033 944 4095 6,
974 4032 1041 4085 Ο.
1076 4032 1289 4092 XXXV,
1325 4043 1380 4093 q.
1412 4030 1463 4092 ῦς
1500 4041 1551 4083 c.
1585 4030 1638 4090 8,
1668 4031 1720 4089 9.
1751 4030 1818 4090 Χ,
1853 4031 1927 4080 aa
1957 4026 2469 4089 consummitate
2509 4033 2570 4081 ct
2602 4028 2914 4088 amitam,
2957 4028 3059 4090 IV,
3092 4028 3176 4080 14.

649 4129 676 4165 ³
708 4125 774 4178 0.
807 4126 858 4186 2,
889 4125 941 4186 4,
970 4124 1023 4186 6,
1051 4122 1117 4176 Ο.
1146 4123 1360 4183 XXXV,
1390 4134 1447 4184 q.
1474 4121 1525 4184 5:
1555 4132 1606 4173 c.
1635 4123 1687 4183 9,
1721 4121 1788 4181 Χ,
1817 4121 1890 4171 aa
1917 4121 2429 4180 consanouinitata
2457 4125 2516 4174 et
2551 4121 2862 4180 affinitate,
2891 4119 2994 4181 IV,
3025 4120 3109 4181 14;
3135 4118 3199 4172 S.
3229 4120 3375 4172 Pius
3402 4121 3472 4180 V,

484 4220 669 4269 const.
700 4230 733 4267 ι
761 4214 1185 4266 sanctissimus
1214 4226 1265 4274 s,
1294 4215 1361 4264 20
1385 4224 1520 4274 aug.
1557 4212 1706 4264 1566.
1737 4212 1764 4271 ί
1801 4213 1851 4273 1;
1889 4209 1947 4263 S.
1981 4209 2047 4262 Ο.
2080 4208 2139 4263 8.
2172 4209 2288 4262 Off.
2336 4209 2798 4271 (cenomanen),
2829 4212 2896 4262 11
2922 4213 3099 4262 mart.
3131 4209 3280 4263 1896.

653 4309 681 4344 ⁴
712 4305 777 4357 O.
808 4306 893 4366 11,
923 4303 990 4357 Ο.
1025 4305 1258 4366 xxvn,
1288 4317 1344 4367 q.
1383 4306 1432 4367 23
1460 4316 1511 4356 c.
1549 4304 1602 4364 3,
1631 4302 1696 4355 Ο.
1729 4302 1944 4362 XXXV,
1978 4314 2033 4362 q.
2073 4300 2123 4364 ὃς
2150 4312 2201 4352 e.
2235 4301 2286 4362 1,
2318 4299 2384 4353 Ο.
2416 4299 2631 4360 XXXV,
2663 4311 2719 4362 q.
2750 4299 2834 4378 103
2860 4310 2912 4351 c.
2943 4299 2995 4361 5,
3024 4299 3092 4360 Χ,
3131 4299 3202 4349 aa
3232 4309 3477 4350 msam·

484 4396 776 4458 asinitate
798 4399 857 4447 et
880 4395 1191 4456 affinitate,
1217 4395 1319 4457 IV.
1345 4396 1429 4457 143
1448 4394 1807 4447 Benedictus
1837 4393 1990 4455 XIV,
2015 4403 2106 4452 ep.
2132 4393 2352 4455 encycl.
2379 4406 2410 4441 ι
2438 4392 2609 4442 Inter
2631 4390 2972 4452 omnivm:
3003 4404 3053 4451 s,
3078 4391 3114 4442 2
3139 4391 3290 4442 febr.
3318 4389 3473 4452 1744,

487 4488 514 4549 ι
549 4488 632 4550 15;
667 4486 725 4540 s.
758 4486 823 4539 o.
859 4484 919 4539 s.
951 4485 1067 4538 off.
1115 4469 1438 4546 (ramniu),
1474 4485 1539 4537 ω
1580 4488 1729 4546 sept.
1767 4483 1916 4546 18:543
1956 4483 2128 4535 ωτι.
2175 4481 2277 4543 (aa
2314 4481 2421 4542 nn.
2463 4480 2522 4534 s.
2569 4482 2841 4543 Amara).
2878 4483 2913 4534 9
2948 4481 3072 4533 dee.
3111 4481 3259 4543 1874:
3295 4481 3473 4534 matr.

494 4579 597 4636 (ad
624 4578 749 4630 vic.
782 4577 891 4637 Δρ.
925 4574 1231 4635 Nauna),
1266 4573 1333 4627 κ
1359 4586 1493 4636 aug.
1534 4574 1683 4627 1801.

648 4669 674 4704 ⁵
709 4668 774 4721 0.
808 4668 892 4728 20,
923 4666 990 4718 O.
1023 4665 1254 4726 xxxn,
1285 4678 1339 4726 q.
1380 4665 1508 4728 ⁷30·
1549 4665 1843 4726 13,22.c.
1879 4665 2093 4727 XXXV.
2133 4678 2189 4728 q.
2223 4663 3475 4727 2et8;c.8‚O.XXXV,‹1.5;c.5.x‚dc

484 4757 993 4817 consanuinitate
1031 4759 1090 4808 ct
1129 4755 1438 4817 affinitate,
1481 4757 1582 4819 Π,
1625 4758 1707 4819 14;
1747 4756 2104 4809 Benedictus
2150 4757 2301 4817 XIV,
2343 4768 2433 4816 ep.
2475 4756 2693 4817 encycl.
2736 4771 2767 4806 ι
2815 4752 2986 4806 Inter
3024 4754 3365 4814 ammonae
3413 4769 3472 4814 ι,

481 4849 518 4899 2
552 4849 701 4901 teht.
740 4848 889 4909 1744,
938 4848 967 4910 2
1006 4848 1088 4910 153
1135 4845 1194 4900 8.
1236 4847 1302 4899 Ο.
1345 4846 1402 4900 S.
1443 4846 1562 4901 om<
1611 4848 1935 4909 (Yunnan)⁹
1977 4847 2043 4900 20
2082 4849 2231 4906 sept.
2280 4846 2427 4909 18543
2464 4846 2636 4900 instr.
2696 4843 2799 4906 (ad
2835 4846 2961 4898 Vic.
3005 4847 3113 4906 Δρ.
3156 4844 3471 4906 Nauna),

482 4937 549 4989 m
577 4949 712 4998 aug.
745 4937 893 4990 1891.

655 5028 681 5063 ⁸
709 5026 775 5078 O.
812 5028 863 5088 8,
904 5028 970 5080 0.
1010 5028 1223 5087 XXXV,
1263 5040 1317 5088 q.
1366 5028 1415 5089 ῦς
1454 5026 1512 5079 S.
1545 5028 1609 5081 Ο.
1646 5027 1704 5081 S.
1738 5027 1878 5087 Off„
1928 5028 2098 5080 instr.
2146 5026 2251 5087 (ad
2285 5028 2558 5087 Archiep.
2601 5027 2971 5088 Quebecen.),
3020 5024 3087 5076 16
3123 5028 3272 5086 sept.
3315 5024 3472 5086 1824.

630 5155 644 5177 ,
682 5117 732 5169 4.

482 5119 561 5170 ad
595 5118 629 5169 ²
650 5212 675 5250 7
717 5206 1068 5258 Benedictus
1099 5204 1250 5260 XIV,
1282 5204 1465 5253 const.
1498 5221 1528 5257 ς
1551 5203 1681 5252 Etsi
1710 5202 2032 5262 pastoralis
2053 5220 2101 5259 ι.
2135 5202 2200 5253 26
2233 5203 2374 5253 maii
2408 5203 2560 5255 1742.
2594 5208 2623 5269 5
2656 5205 2732 5262 11,
2764 5218 2818 5255 n.
2852 5205 2952 5262 XI,
2989 5208 3018 5273 ξ
3051 5205 3211 5266 VIII,
3244 5217 3299 5255 n.
3333 5206 3470 5266 VII,

479 5298 635 5354 VIII,
679 5297 755 5356 X;
804 5307 890 5352 ep.
930 5293 1148 5351 encycl.
1191 5289 1669 5347 ‹Demandatam
1690 5309 1739 5347 2,
1781 5290 1844 5340 24
1885 5288 2005 5339 dec.
2049 5289 2200 5344 1743.
2243 5292 2272 5355 §
2315 5290 2405 5345 18:
2455 5293 2638 5340 const.
2682 5292 3063 5346 <Praeclara
3086 5312 3132 5352 2,
3184 5293 3244 5343 18
3287 5298 3467 5344 mart.

481 5386 641 5443 1746;
691 5384 832 5433 Pius
871 5383 940 5438 X,
982 5383 1163 5430 const.
1207 5397 1237 5433 ς
1262 5379 1502 5428 Tradita
1542 5377 1614 5428 ab
1656 5376 1917 5436 antiquis
1939 5395 1988 5435 2,
2030 5376 2093 5425 14
2135 5378 2281 5436 sept.
2325 5377 2477 5431 1912.
2518 5388 2573 5428 n.
2615 5378 2720 5435 vl:
2776 5378 2830 5429 S.
2873 5379 2932 5430 C.
2978 5379 3046 5430 de
3090 5380 3255 5439 Prop.
3301 5381 3467 5435 Fide.

478 5473 646 5522 instr.
695 5478 831 5529 (pro
867 5464 1424 5522 Graeco-melcha).
1463 5466 1527 5515 15
1563 5464 1706 5515 febr.
1743 5463 1906 5521 1746;
1954 5463 2106 5542 decr.
2145 5465 2175 5542 6
2211 5465 2321 5542 oct.
2362 5463 2514 5522 1863,
2548 5463 2613 5522 C.
2650 5477 2701 5522 a,
2737 5465 2793 5515 d.
