3753 5871
577 325 687 385 584
1715 326 1913 379 00403
1950 326 2112 381 tuo-u
2160 328 2441 381 Oeno-ld

1847 573 2025 641 CAN.
2083 572 2282 640 2164.

758 712 840 781 Si
882 713 1249 799 parochus
1289 713 1605 783 consilio
1652 732 1741 783 ac
1785 714 2257 782 suasionibus
2298 714 2683 783 ordinarii
2725 733 2872 784 non
2925 715 3398 801 obsequatur,
3438 734 3523 781 ra-

578 819 819 888 tiones
852 820 932 888 in
965 821 1267 905 scriptis
1297 824 1643 906 exponat.

1842 930 2019 999 OAN.
2066 930 2263 998 2165.

746 1068 1215 1153 Ordinarius,
1245 1070 1335 1153 si,
1363 1088 1506 1138 non
1542 1070 2013 1139 obstantibus
2038 1070 2295 1139 allatis
2324 1071 2596 1155 causis,
2625 1070 2905 1140 iudicet
2928 1089 2978 1138 a
3001 1071 3388 1156 proposito
3418 1088 3533 1136 non

575 1194 732 1245 esse
766 1176 1275 1261 recedendum,
1319 1178 1558 1261 debet,
1599 1183 1686 1247 ut
1717 1178 1961 1246 valide
1992 1181 2195 1264 agat,
2240 1196 2464 1263 super
2498 1178 2770 1247 eisdem
2803 1179 3051 1246 causis
3082 1178 3352 1247 audire
3381 1178 3535 1246 dnos

575 1284 933 1368 parochos
964 1284 1449 1368 consultores,
1494 1290 1569 1353 et
1600 1304 1766 1353 cum
1803 1286 2075 1354 eisdem
2119 1285 2571 1371 perpendere
2602 1286 2958 1354 adiuncta
2990 1286 3072 1354 in
3108 1287 3382 1371 quibus
3411 1306 3532 1353 ver-

576 1396 788 1460 satur
812 1397 971 1461 tum
1004 1392 1347 1477 paroecia-
1370 1412 1410 1459 α
1439 1410 1585 1479 qua
1613 1398 1773 1462 tum
1806 1395 2147 1479 paroecia
2175 1397 2270 1462 ad
2298 1413 2547 1480 quam,
2571 1399 2648 1464 et
2672 1395 2998 1464 rationes
3025 1414 3217 1481 quae
3250 1394 3533 1463 transla-
3642 1412 3643 1415 ’

576 1498 802 1566 tionis
837 1500 1241 1569 utilitatem
1277 1505 1410 1569 aut
1452 1500 1962 1569 necessitatem
1999 1501 2337 1570 suadent.

1842 1680 2022 1748 om.
2072 1681 2268 1748 2166.

747 1820 855 1903 Si,
893 1821 1177 1890 auditis
1209 1820 1577 1908 parochis,
1615 1820 2064 1889 Ordinarius
2100 1822 2665 1891 translationem
2711 1821 3206 1908 peragendam
3245 1823 3537 1899 censeat,

574 1932 925 2011 paternas
971 1929 1523 1998 exhortationes
1561 1928 1786 1998 iteret
1825 1934 1913 1997 ut
1961 1930 2327 2015 parochus
2365 1930 2737 1998 voluntati
2776 1931 2894 1997 sui
2941 1929 3380 2015 Superioris
3426 1945 3537 1993 mo

573 2053 726 2101 rem
760 2039 996 2119 gerat.

1839 2144 2017 2213 CAN.
2065 2145 2262 2212 2167.

749 2286 790 2369 5.
828 2288 895 2353 1.
947 2287 1089 2355 His
1137 2287 1483 2372 peractis,
1547 2287 1612 2353 si
1663 2287 2033 2372 parochus
2082 2286 2323 2354 adhuc
2372 2291 2641 2355 renuat
2685 2290 2762 2356 et
2822 2286 3281 2355 Ordinarius
3334 2286 3540 2353 adhuc

571 2398 784 2477 putet
818 2394 1384 2463 translationem
1421 2412 1580 2462 esse
1610 2394 2056 2479 faciendam,
2095 2394 2418 2480 parocho
2458 2394 2874 2479 praecipiat
2906 2399 2993 2463 ut
3027 2393 3243 2462 intra
3288 2397 3543 2461 certum

571 2506 862 2584 tempus
904 2501 1000 2569 ad
1053 2519 1313 2569 novam
1356 2500 1434 2570 se
1473 2502 1815 2570 conferat
1857 2503 2297 2586 paroeciam,
2346 2501 2579 2570 eidem
2635 2502 2715 2568 in
2757 2500 3059 2586 scriptis
3102 2499 3540 2586 significans,

571 2607 823 2693 elapso
883 2606 1274 2692 praefinito
1322 2614 1676 2693 tempore,
1728 2610 2169 2693 paroeciam,
2222 2619 2441 2693 ‘quam
2502 2608 2582 2676 in
2631 2627 2981 2693 praesens
3032 2608 3362 2692 obtinet,
3412 2609 3546 2692 ipso

570 2715 775 2783 facto
805 2719 1237 2783 ‘vacaturam
1280 2733 1459 2784 esse.

669 2813 687 2831 ⁸
749 2821 782 2904 ξ
829 2821 894 2889 2.
945 2821 1107 2890 Hoc
1137 2826 1465 2910 tempore
1495 2824 1870 2893 inutiliter
1900 2784 2307 2906 transacto,
2348 2824 2762 2908 paroeciam
2791 2827 3174 2891 vacantem
3207 2824 3541 2892 declaret.
3642 2828 3643 2897 ξ

1637 3105 1645 3113 ’
1730 3108 2154 3178 TITULUS
2195 3108 2394 3176 XXX.

1008 3253 1112 3323 De
1158 3254 1364 3322 modo
1411 3254 1834 3340 procedendi
1881 3257 2131 3324 contra
2174 3255 2468 3323 clericos
2513 3272 2654 3323 non
2699 3254 3108 3323 residentes.

1832 3448 2011 3516 CAN.
2057 3448 2256 3516 2168.

747 3589 781 3671 ξ
827 3591 892 3654 1.
943 3588 1383 3670 Parochum,
1416 3588 1850 3671 canonicum
1885 3588 2204 3656 aliumve
2234 3588 2609 3671 clericum,
2654 3589 2782 3673 qui
2814 3586 3274 3655 residentiae
3316 3588 3546 3676 legem,
3642 3565 3643 3628 ³

568 3717 715 3782 qua
760 3696 1047 3764 ratione
1096 3695 1428 3764 beneficii
1473 3700 1793 3780 tenetur,
1842 3695 2197 3782 negligat,
2245 3695 2692 3765 Ordinarius
2742 3699 3061 3777 moneat,
3108 3698 3187 3762 et
3236 3695 3546 3772 interim,

566 3807 633 3874 si
676 3809 948 3891 agatur
1000 3804 1093 3872 de
1146 3804 1492 3889 parocho,
1541 3804 1866 3872 eiusdem
1913 3804 2266 3889 impensis
2313 3804 2700 3890 provideat
2749 3821 2842 3870 ne
2887 3802 3091 3870 salus
3136 3804 3547 3870 animarum

561 3911 1085 3980 detrimentum
1117 3913 1453 3997 patiatur
1498 3913 1545 3982 ².
2486 3970 2499 3980 .
3136 3975 3137 3978 ,

740 4021 774 4103 5
820 4021 886 4088 2.
938 4021 1031 4087 In
1068 4021 1473 4090 monitione
1512 4021 1959 4089 Ordinarius
2001 4023 2282 4090 recolat
2319 4039 2593 4107 poenas
2633 4040 2818 4106 quas
2855 4017 3268 4088 incurrunt
3319 4017 3547 4088 elerici

561 4148 707 4197 non
754 4129 1158 4197 residentes
1191 4130 1512 4214 itemque
1548 4130 2092 4214 praescriptum
2131 4147 2296 4197 can.
2338 4130 2606 4212 188,-n.
2647 4130 2716 4208 8,
2762 4134 2838 4197 et
2871 4128 3144 4196 clerico
3187 4128 3545 4213 significet
3642 4199 3643 4204 ,

562 4241 648 4305 ut
679 4237 885 4304 intra
914 4253 1320 4320 congruum
1357 4241 1647 4320 tempus
1684 4237 1778 4304 ab
1812 4238 2062 4305 eodem
2099 4237 2502 4305 Ordinario
2541 4235 3036 4305 definiendum
3073 4235 3544 4306 residentiam

556 4345 951 4449 instauret.

779 4474 785 4480 ’
1827 4453 2003 4520 CAN.
2063 4452 2258 4520 2169.

732 4590 813 4658 Si
856 4591 1058 4659 intra
1100 4592 1628 4675 praestitutum
1671 4592 2070 4660 terminum
2112 4591 2426 4660 clericus
2478 4610 2611 4660 nec
2655 4590 3132 4660 residentiam
3176 4591 3543 4660 instauret

555 4716 688 4766 nec
725 4698 1103 4766 absentiae
1145 4717 1411 4767 causas
1451 4698 1741 4781 afferat,
1783 4699 2255 4781 ordinarius,
2295 4703 2589 4769 servato
2633 4698 3097 4785 praescripto
3130 4717 3314 4769 can.
3365 4699 3540 4768 2149.

551 4806 879 4874 declaret
916 4807 1331 4891 paroeciam
1374 4807 1667 4875 aliudve
1705 4807 2136 4876 beneficium
2184 4826 2449 4878 vacare
2484 4804 2535 4871 ⁸.

732 5052 753 5086 ²
790 5050 855 5103 Ο.
888 5051 971 5112 28,
1002 5052 1068 5111 X,
1101 5052 1172 5102 de
1206 5049 1718 5112 appellationibus,
1735 5051 2223 5103 ‘recusationibus
2261 5060 2320 5105 σε
2348 5053 2756 5114 relationibus,
2788 5054 2872 5114 11.
2903 5054 2986 5118 mg
3021 5066 3073 5106 c.
3106 5055 3191 5117 16,
3228 5058 3305 5120 X,
3348 5062 3420 5111 dc
3446 5057 3534 5107 ole-

554 5141 695 5192 riola
727 5151 843 5191 non
875 5141 1272 5193 residentibus
1304 5142 1364 5191 ln
1401 5140 1644 5192 ecclesio
1679 5142 1769 5194 vel
1811 5143 2164 5202 mactanda,
2200 5142 2315 5201 111.
2350 5145 2400 5205 4:
2438 5144 2611 5196 Cone.
2645 5143 2935 5206 Trident„
2970 5157 3114 5198 sess.
3151 5147 3267 5209 VI,
3316 5150 3391 5200 de
3420 5147 3535 5205 ny..

550 5243 598 5282 c.
638 5232 687 5293 2;
717 5243 858 5283 sess.
895 5231 1110 5292 XXIII,
1146 5233 1218 5283 de
1257 5232 1394 5292 res„
1425 5244 1474 5283 c.
1507 5234 1557 5283 1.

728 5324 764 5388 ²,
787 5322 851 5375 C.
891 5322 973 5383 28,
1011 5324 1077 5383 X,
1115 5323 1186 5372 de
1221 5321 1735 5383 appellationibus,
1776 5324 2247 5375 recusationibus
2280 5329 2341 5377 et
2375 5323 2783 5386 relationibus,
2820 5326 2905 5389 11,
2941 5326 3024 5390 m:
3055 5338 3108 5379 c.
3146 5328 3202 5389 4.
3254 5329 3312 5393 8,
3351 5330 3434 5388 1⁰.
3463 5328 3529 5384 11·

551 5413 634 5473 17,
667 5413 732 5470 Χ,
770 5416 839 5464 dc
872 5411 1101 5463 clericis
1143 5424 1259 5463 non
1295 5411 1686 5466 residentibus
1720 5413 1783 5464 ln
1817 5415 2063 5466 ecclesia
2105 5415 2200 5467 vel
2234 5416 2587 5476 metenda,
2623 5415 2740 5478 III,
2777 5418 2827 5478 4:
2863 5415 2923 5470 S.
2961 5417 3027 5471 O.
3065 5417 3154 5481 0.,
3198 5418 3528 5471 Ver-cena..

550 5504 615 5554 15
651 5502 772 5554 dec.
805 5501 951 5562 1696,
984 5504 1062 5555 ad
1090 5504 1140 5566 13
1171 5502 1537 5563 Tridentino,
1569 5504 1602 5556 8
1629 5508 1690 5558 et
1717 5502 1782 5556 24
1811 5508 1982 5567 sept..
2022 5507 2055 5561 3
2083 5507 2206 5559 dec.
2240 5507 2388 5570 17293
2421 5505 2763 5568 euenum,
2802 5508 2868 5560 17
2896 5521 3052 5571 nov..
3083 5512 3118 5562 1
3144 5507 3284 5563 dec.
3316 5509 3457 5563 lm
