3753 5871
801 304 1046 368 ΙΙΙ-799

363 497 524 563 {Unio
552 494 993 559 beneflciornmlt

478 575 557 627 lia
588 575 837 634 tantum,
873 570 998 625 im
1025 569 1128 638 51,
1162 569 1251 622 vel
1289 567 1458 635 pleno
1490 568 1632 631 iure,
1674 564 1799 642 iim

481 654 515 723 5
534 654 593 719 8,
626 652 907 720 quomodo
939 649 1215 715 iacienda,
1251 648 1375 702 1188
1403 647 1436 713 5
1461 648 1515 712 1,
1549 661 1622 700 99
1651 646 1798 699 19919

480 735 608 788 9199
638 746 811 786 99999
831 731 1040 796 valeat,
1066 729 1191 782 1188
1218 728 1325 795 58,
1346 741 1424 781 99
1454 728 1652 780 contra
1672 740 1798 780 eam

479 815 649 869 detur
679 825 965 877 recursus,
1002 809 1127 863 1188
1155 808 1189 877 5
1212 810 1262 863 8.

362 896 627 951 unio-ese
652 896 825 963 piae:
845 904 1149 959 quaenam,
1169 887 1264 944 707
1295 888 1401 957 51,
1424 887 1660 940 erectio:
1689 900 1801 940 mo-

480 975 606 1040 dus,
638 974 753 1037 7oe,
785 973 965 1038 locus,
998 970 1112 1036 718,
1146 968 1373 1034 1119199,
1404 967 1519 1034 710,
1561 967 1654 1019 711
1687 965 1798 1034 51,

479 1055 791 1121 gratiarum
824 1048 1273 1113 communicatio,
1305 1048 1402 1101 718
1430 1046 1540 1112 51,
1564 1045 1802 1098 1999119-

486 1147 588 1186 999
617 1144 762 1198 quas
791 1143 961 1196 agere
993 1128 1232 1194 possunt
1265 1127 1325 1178 in
1360 1125 1616 1178 ecclesiis
1655 1125 1798 1189 suis,

480 1212 594 1277 716,
629 1210 717 1263 vel
760 1208 1052 1268 non-suis,
1088 1206 1184 1258 717
1230 1204 1264 1270 5
1300 1205 1355 1266 1,
1399 1203 1644 1269 comitia,
1673 1203 1797 1267 687,

483 1289 903 1358 patrimonium,
958 1286 1054 1339 717
1105 1285 1138 1352 5
1168 1285 1235 1350 8,
1284 1283 1582 1337 translatio
1627 1281 1797 1348 sedis,

363 1480 426 1491 —
450 1449 818 1519 primariae:
846 1445 1093 1510 ΜΝ,
1133 1444 1264 1497 vide
1295 1444 1655 1509 aggregam-

367 1531 791 1586 Μήνα-9119199,
825 1526 1201 1594 appellantes.
1236 1525 1365 1585 etc..
1398 1535 1632 1590 poenae,
1653 1520 1799 1575 8888.

362 1638 425 1650 -
455 1607 805 1663 catholicae:
843 1606 973 1672 quis
1015 1617 1113 1658 eas
1147 1603 1479 1663 constituat,
1524 1600 1648 1655 1876
1684 1599 1717 1667 5
1743 1601 1798 1664 1,

483 1688 833 1742 statutorum
865 1685 1174 1739 necessitas
1204 1685 1265 1736 et
1294 1681 1642 1750 approbatio.
1677 1679 1801 1734 1876

483 1767 519 1836 5
539 1768 596 1831 8,
622 1780 814 1819 99ι·9ι9
845 1766 1054 1818 erectio
1086 1763 1314 1830 quando
1350 1761 1677 1828 praesertim
1707 1773 1802 1813 cu-

487 1846 684 1908 randa,
728 1844 852 1900 1878
891 1843 957 1912 55
988 1842 1040 1907 8,
1073 1845 1132 1907 8,
1183 1842 1494 1910 optandum
1540 1842 1606 1893 ut
1646 1838 1801 1892 Ordi-

486 1927 631 1980 narii
652 1926 728 1979 ad
758 1939 856 1978 eas
886 1924 1122 1977 mittant
1142 1922 1376 1977 clericos
1395 1921 1607 1989 pietate
1637 1919 1801 1973 9119-

483 2006 651 2074 genio
697 2006 1068 2072 praestantes.
1128 2003 1281 2068 18ω,
1337 2001 1608 2069 professio
1665 1999 1798 2052 11591

482 2085 793 2139 emittenda
830 2099 868 2138 a
908 2085 1147 2138 Rectore
1192 2084 1251 2136 et
1292 2097 1328 2135 a
1370 2080 1799 2149 professoribus,

488 2166 612 2221 14oe
641 2165 674 2233 5
698 2167 724 2219 1
764 2180 821 2218 9.
852 2166 913 2230 8,
944 2179 982 2218 9
1024 2163 1373 2229 599995919
1407 2161 1800 2216 Universitati-

483 2246 609 2308 bus,
629 2247 758 2307 etc.,
793 2244 1173 2298 excluduntur
1193 2242 1430 2310 professi
1457 2240 1704 2308 religiosi
1724 2239 1797 2293 ad

480 2325 774 2380 saeculum
805 2325 1066 2392 regressi,
1097 2324 1196 2376 618
1224 2323 1309 2391 51
1342 2323 1457 2377 9.8
1484 2321 1589 2390 58.

363 2406 565 2460 Usnraae
599 2405 816 2471 illicita,
842 2403 990 2468 1518,
1025 2417 1258 2471 poenae,
1275 2401 1420 2457 8851.

362 2486 703 2552 usurpantes
731 2484 821 2538 vel
851 2484 1172 2538 detinentes
1192 2484 1335 2549 iura,
1368 2482 1537 2548 hona,
1569 2483 1699 2547 919.,
1723 2482 1796 2534 95

485 2565 785 2619 Ecclesiam
805 2565 1176 2633 pertinentiae
1210 2576 1444 2631 poenae,
1476 2562 1621 2628 8815,
1648 2562 1794 2616 8810.

359 2646 501 2701 Usns
530 2648 789 2700 rationin
824 2647 923 2713 qui
945 2645 1149 2699 habitu
1168 2659 1238 2698 eo
1268 2644 1678 2709 destituuntur,
1711 2657 1797 2696 as-

481 2726 810 2778 similantur
833 2725 1165 2792 infantibus,
1195 2725 1262 2778 88
1291 2723 1324 2791 5
1346 2725 1404 2788 8,
1437 2722 1506 2775 59
1530 2722 1623 2775 his
1643 2723 1795 2789 quod

478 2806 691 2859 attinet
737 2804 811 2857 ad
844 2807 1151 2857 extremam
1189 2804 1529 2869 unctionem,
1563 2803 1686 2866 811,
1720 2802 1794 2855 95

479 2885 704 2953 iudicia,
741 2885 881 2952 1518,
917 2885 1066 2949 1650,
1108 2885 1181 2937 95
1222 2884 1446 2950 delicta,
1495 2883 1619 2938 mi
1668 2883 1700 2950 5
1736 2885 1790 2949 1,

477 2968 551 3021 95
583 2982 814 3034 poenas,
848 2967 976 3020 8818
1022 2966 1125 3033 58,
1333 2965 1420 3033 58
1460 2980 1516 3018 9.
1550 2966 1610 3030 8,
1665 2965 1793 3018 vide

476 3051 754 3102 monton.

360 3130 630 3184 utensiiia
658 3129 785 3183 vide
816 3130 985 3195 stips,
1017 3130 1276 3195 supellex
1312 3142 1512 3182 sacra.

358 3211 531 3266 Uxorz
558 3211 711 3277 quod
731 3210 941 3263 attinet
969 3210 1044 3263 ad
1075 3210 1437 3274 domicilium,
1468 3210 1535 3263 88
1572 3208 1606 3274 5
1626 3210 1680 3274 1,
1718 3208 1791 3262 95

477 3291 668 3356 ι·119ι9,
708 3290 776 3343 88
816 3289 850 3358 5
878 3289 937 3354 1,
976 3289 1049 3343 95
1080 3290 1294 3341 91919ι9
1334 3287 1603 3355 familiae,
1639 3288 1790 3352 1118,

476 3370 549 3421 95
581 3369 911 3422 electionem
940 3369 1287 3435 sepulturae,
1333 3368 1456 3421 1888
1504 3368 1538 3434 5
1568 3369 1619 3434 8,
1671 3368 1794 3421 1888

478 3449 545 3517 55
576 3450 634 3516 8,
677 3452 741 3516 8,
776 3451 850 3504 95
890 3450 1223 3504 exercitium
1257 3449 1400 3502 iuris
1438 3450 1790 3517 patronatus,

355 3609 608 3664 uxorati:
643 3611 780 3662 sunt
817 3609 1075 3676 impedIti
1105 3609 1179 3661 ad
1218 3609 1464 3669 ordines,
1495 3609 1592 3663 887
1640 3624 1696 3661 n.
1730 3610 1789 3674 8,

474 3688 716 3741 durante
749 3690 1103 3742 matrimonio
1135 3688 1382 3741 invalide
1416 3689 1794 3742 admittuntur

474 3768 548 3821 ad
572 3769 930 3835 novitiatum,
963 3769 1060 3823 518
1091 3784 1149 3823 9.
1172 3771 1227 3835 1,
1260 3770 1389 3823 vide
1421 3770 1712 3835 Coniuges.

357 3909 597 3979 vacatio
625 3925 907 3991 beneficii.
936 3926 1131 3991 offleii,
1168 3928 1303 3979 etc.:
1337 3939 1405 3978 ea
1426 3926 1571 3977 flunt
1593 3939 1792 3978 vacan-

475 4008 557 4060 tia
587 4008 817 4074 quando
848 4009 1191 4061 amittuntur
1223 4009 1297 4061 ab
1333 4021 1400 4060 eo
1431 4009 1532 4075 qui
1565 4009 1636 4061 iis
1667 4023 1793 4076 pro-

474 4089 636 4141 visus
667 4090 868 4155 metat,
901 4091 960 4142 et
981 4090 1258 4155 quomodo
1276 4092 1653 4150 amittuntur,
1668 4092 1786 4156 183,

472 4168 542 4221 59
576 4169 896 4235 provisione
928 4170 1091 4223 oflicii
1123 4170 1194 4222 de
1232 4170 1353 4222 iure
1390 4183 1503 4222 non
1539 4172 1790 4223 vacantis

468 4261 538 4300 ac
570 4247 639 4301 de
671 4248 799 4301 iure
834 4249 1108 4310 vacantis,
1144 4249 1252 4314 150,
1289 4248 1406 4313 151,
1443 4250 1572 4303 vide
1593 4250 1790 4304 018919

469 4330 861 4381 9991991991199.

351 4407 698 4460 7999119999,
722 4408 1055 4470 choi-alium,
1086 4408 1207 4471 118,
1244 4409 1664 4476 Episcoporum,
1691 4412 1789 4466 838

469 4486 565 4553 58,
599 4487 720 4547 851,
756 4487 1150 4554 parochorum,
1182 4489 1280 4541 165
1325 4490 1435 4556 58,
1471 4490 1599 4542 vide
1631 4492 1787 4543 Besi-

467 4568 675 4620 desua.

346 4644 510 4710 7931,
550 4648 801 4712 quinam.
829 4649 922 4709 81;
956 4649 1115 4702 19999
1147 4650 1400 4716 originis,
1420 4650 1549 4717 805
1569 4652 1628 4712 8,
1664 4664 1789 4717 ιιι-οἵ

467 4727 629 4793 prius
668 4728 949 4794 parochus
996 4730 1086 4782 vel
1139 4730 1498 4791 ordinarius,
1551 4732 1618 4784 81
1662 4730 1695 4798 5
1723 4730 1782 4793 8,

465 4807 619 4873 quod
651 4808 859 4861 attinet
887 4809 961 4862 ad
992 4809 1168 4876 leges,
1204 4810 1267 4862 11
1294 4810 1328 4876 5
1349 4811 1409 4872 8,
1451 4811 1523 4863 95
1560 4811 1786 4863 absolu·

464 4886 676 4939 tionem
708 4890 1193 4950 sacramentalem,
1225 4891 1317 4944 881
1353 4891 1458 4958 51,
1493 4891 1565 4943 95
1599 4890 1785 4943 indul·

465 4967 709 5031 gentias,
748 4967 872 5031 887,
914 4968 987 5020 95
1026 4969 1469 5032 matrimonium,
1514 4969 1662 5033 1088,
1709 4970 1783 5023 95

466 5044 669 5109 torum,
706 5048 845 5102 1558.

342 5125 686 5181 Venerabilis
729 5128 960 5191 titulus,
1004 5130 1241 5183 nonnisi
1277 5131 1353 5184 iis
1394 5131 1617 5184 dandus
1648 5146 1783 5199 quo-

460 5220 588 5259 rum
612 5208 855 5260 virtutes
886 5208 949 5260 in
972 5210 1152 5276 gradu
1189 5210 1416 5263 heroico
1437 5211 1781 5278 approbatae

457 5290 611 5350 sunt,
648 5288 862 5341 nullam
895 5289 1164 5356 importat
1195 5291 1406 5357 publici
1439 5291 1634 5343 cultus
1661 5306 1781 5358 per·

460 5368 807 5426 missionem.
837 5369 964 5421 8115
995 5369 1097 5437 58,
1131 5370 1260 5424 m
1289 5371 1325 5437 5
1344 5372 1394 5423 8.

1379 300 1567 350 ludeo
1599 296 2097 358 analytice-alpha
2105 298 2326 349 beticus

2671 298 2930 356 Veii-Vic
3233 299 3342 357 775

1897 487 2177 539 Venditiot
2203 499 2393 539 rerum
2423 499 2727 548 sacrarum,
2753 485 2877 539 1588
2907 484 3004 552 51,
3037 486 3142 538 aut
3169 484 3341 538 hono-

1928 595 1933 606 ·
2021 580 2146 618 rum
2180 565 2459 618 Ecclesiae
2491 563 2884 626 immobilium,
2920 563 3059 618 1510.

1896 645 2223 698 venditores
2254 646 2553 698 hominnm:
2589 656 2825 711 poenae,
2849 642 2993 696 8351.

1896 727 2065 778 Verbi
2094 726 2199 778 Dei
2239 726 2581 791 praedicatio
2602 723 2731 776 vide
2755 724 3086 783 catechesis,
3120 723 3340 776 condo·

2024 806 2271 872 natores,
2302 804 2620 867 conciones,
2658 805 2932 872 Episcopi,
2964 804 3337 868 nvugeunn.

2020 887 2277 948 Parochi,
2311 886 2416 938 919.

1897 967 2215 1019 versiones:
2252 965 2545 1026 librorum,
2570 965 2710 1026 1881,
2736 964 2876 1025 1888.
2914 964 3054 1024 1885,
3081 963 3206 1016 1898
3234 962 3266 1028 5
3290 964 3336 1027 1,

2025 1045 2148 1099 1888
2180 1059 2239 1097 9.
2264 1046 2319 1108 1,
2341 1043 2662 1097 οι·911999ι9
2684 1057 2790 1096 999
2813 1056 3059 1109 precum.
3090 1044 3189 1096 881
3217 1040 3250 1107 5
3272 1041 3335 1105 8,

2021 1138 2319 1191 processus
2361 1123 2707 1177 informativi
2752 1122 2815 1175 in
2867 1122 3057 1175 causis
3110 1120 3340 1174 Sancto·

2022 1218 2168 1266 rum,
2199 1203 2343 1257 zm.

1898 1285 2136 1337 Vetitnm
2177 1285 2478 1337 Ecclesiaez
2512 1283 2666 1350 quod
2708 1283 2917 1335 attinet
2953 1281 3026 1335 ad
3060 1280 3340 1333 matrimo-

2023 1363 2185 1417 nium
2219 1377 2336 1416 una
2365 1362 2540 1416 Sedes
2562 1362 2760 1430 Apost.
2798 1363 2985 1429 potest
3017 1360 3159 1413 illud
3192 1359 3340 1412 terre

2022 1458 2151 1496 cum
2176 1443 2433 1496 clausula
2452 1443 2733 1504 irritante,
2770 1443 2893 1496 1088
2924 1441 3029 1508 58,
3054 1440 3337 1494 ordinarii
3388 1435 3408 1451 ⁶

2023 1522 2273 1576 locorum
2304 1523 2456 1576 idem
2485 1523 2748 1588 possunt,
2781 1535 2910 1574 cum
2940 1522 3067 1574 suis
3088 1521 3339 1575 subditis

2023 1605 2081 1656 et
2100 1617 2227 1656 cum
2247 1603 2508 1656 fidelibus
2528 1603 2589 1655 in
2616 1616 2724 1655 suo
2746 1601 3031 1656 territorio
3045 1602 3179 1654 actu
3194 1614 3338 1654 com-

2024 1683 2377 1736 morantibus
2418 1683 2482 1735 19
2523 1696 2661 1736 casu
2715 1680 3021 1748 peculiari,
3069 1681 3228 1734 iusta
3267 1681 3337 1734 59

2021 1775 2197 1815 99999
2226 1763 2286 1814 91
2318 1761 2392 1814 ad
2423 1764 2667 1828 tempus,
2702 1761 2826 1815 1088
2854 1760 2888 1826 5
2912 1761 2959 1814 1.

1900 1841 2190 1894 Viaticnmz
2226 1841 2291 1895 in
2323 1842 2574 1908 periculo
2614 1841 2811 1894 mortis
2853 1840 3103 1907 recipere
3144 1840 3338 1893 iideles

2021 1923 2306 1983 tenentur,
2331 1922 2445 1975 nisi
2465 1921 2661 1975 eadem
2677 1921 2771 1974 die
2792 1921 2903 1973 iam
2924 1920 3336 1974 Eucharistiam

2018 2003 2350 2069 receperint,
2390 2001 2489 2056 ωδ
2530 2001 2563 2069 5
2599 2003 2654 2066 1,
2698 2000 2818 2064 sed,
2856 2000 2967 2054 9191
2998 2001 3335 2067 receperint,

2019 2084 2187 2138 vaide
2226 2083 2585 2137 suadendum
2626 2085 2693 2137 ut
2739 2082 3034 2149 recipiant,
3075 2081 3174 2136 ωδ
3211 2081 3245 2150 5
3274 2081 3332 2146 8,

2022 2180 2125 2218 999
2157 2166 2394 2218 nimium
2433 2165 2675 2218 iniirmis
2705 2164 3097 2225 differendum.
3128 2164 3243 2230 ωδ,
3278 2166 3336 2217 91

2020 2245 2233 2311 pluries
2272 2245 2442 2299 etiam
2473 2245 2746 2306 dandum,
2776 2243 2875 2298 ωδ
2912 2243 2945 2310 5
2965 2245 3025 2308 8,
3055 2244 3176 2296 'ritu
3214 2258 3334 2311 pro·

2019 2327 2140 2392 prio
2182 2327 2270 2378 est
2299 2325 2711 2391 accipiendum,
2759 2324 2861 2377 sed
2901 2325 2961 2377 in
2998 2324 3336 2377 necessitate

2017 2418 2357 2472 quocunque
2396 2406 2535 2467 ritu,
2572 2405 2671 2458 ωδ
2710 2403 2822 2471 58,
2874 2404 3190 2457 ministrari
3237 2418 3335 2457 au·

2018 2486 2131 2537 tem
2164 2485 2351 2552 potest
2381 2484 2554 2538 etiam
2586 2483 2730 2537 feria
2762 2481 2835 2536 v1
2861 2483 3095 2537 maioris
3125 2482 3337 2536 hebdo-

2019 2565 2236 2627 madae,
2267 2564 2362 2618 ω7
2405 2564 2438 2632 5
2469 2565 2520 2627 8,
2569 2566 2628 2617 91
2667 2577 3008 2631 quacunque
3046 2563 3187 2616 hora
3219 2564 3333 2616 diei

2018 2647 2119 2699 aut
2151 2645 2355 2707 noctis,
2385 2645 2481 2698 ω7
2518 2644 2551 2710 5
2571 2644 2630 2708 5,
2664 2645 2786 2697 sive
2816 2643 3042 2711 publice
3071 2644 3195 2696 sive
3228 2645 3337 2710 pri-

2018 2726 2195 2779 vatim
2227 2725 2447 2779 deferre
2478 2726 2724 2792 pertinet
2753 2725 2827 2778 ad
2860 2723 3185 2790 parochum,
3216 2725 3330 2785 850.

2014 2805 2111 2858 108
2159 2820 2217 2858 9.
2258 2807 2316 2869 8,
2367 2804 2507 2870 quid
2553 2805 2613 2857 in
2651 2803 2974 2866 interdicto,
3007 2803 3133 2857 8871
3180 2818 3236 2857 9.
3280 2805 3331 2867 8,

2014 2886 2142 2940 8878
2171 2886 2205 2953 5
2226 2888 2260 2943 8
2294 2900 2350 2940 9.
2372 2886 2422 2939 8.

1890 2969 2140 3021 vicariae
2154 2968 2495 3033 paroeciales
2517 2967 2717 3020 nonin
2738 2967 3073 3034 perpetuum
3090 2967 3329 3028 erectae,

2018 3061 2131 3100 non
2178 3047 2422 3100 veniunt
2467 3046 2528 3099 19
2580 3046 2707 3099 iure
2771 3046 3001 3099 nomine
3054 3045 3330 3107 beneficii,

2018 3126 2142 3179 1118
2173 3141 2228 3181 9.
2256 3130 2302 3179 1.

1892 3206 2225 3261 vicariatum
2259 3207 2596 3275 apostolici:
2626 3207 2851 3268 erectio,
2883 3206 2995 3261 815.

1891 3316 1953 3326 -
1983 3288 2216 3354 foranei
2246 3286 2378 3340 vide
2407 3288 2710 3341 Dioeeesis.
2874 3352 2875 3357 η

1897 3368 2122 3421 Vicat-iix
2157 3367 2438 3423 actuales.
2472 3368 2574 3433 qui
2606 3369 2740 3419 actu
2771 3367 3087 3432 paroeciam
3109 3366 3330 3432 regant,

2014 3447 2245 3514 quando
2274 3460 2415 3499 cura
2446 3445 2758 3499 habitualis
2804 3446 2893 3498 est
2934 3459 3111 3513 penes
3148 3460 3333 3512 pereo-

2016 3541 2143 3579 nam
2167 3526 2452 3587 moralem,
2473 3526 2536 3578 in
2560 3525 2652 3578 his
2673 3525 2947 3591 paroeciis
2966 3527 3103 3578 sunt
3123 3526 3333 3579 consti·

2013 3607 2233 3669 tuendi,
2276 3606 2366 3658 171
2415 3605 2448 3673 5
2484 3607 2529 3668 1,
2573 3607 2702 3670 108,
2745 3606 2982 3672 quinam
3032 3621 3128 3659 eos
3175 3620 3333 3673 prae-

2015 3688 2219 3745 sentat.
2261 3687 2491 3752 quinam
2532 3686 2801 3747 instituit,
2842 3686 2934 3738 171
2968 3684 3079 3753 58.
3113 3686 3209 3738 155
3247 3686 3332 3754 58

2015 3781 2071 3819 9.
2097 3770 2154 3831 1,
2188 3767 2259 3820 59
2289 3779 2483 3820 eorum
2504 3766 2910 3819 amovibilitate
2941 3765 3031 3818 vei
3061 3766 3333 3818 inamovi-

2013 3847 2250 3908 bilitate,
2297 3846 2388 3899 171
2439 3845 2566 3912 58,
2617 3860 2809 3899 eorum
2858 3846 2983 3898 iura
3022 3848 3082 3899 et
3121 3844 3329 3912 obliga-

2012 3928 2221 3991 tiones,
2255 3928 2345 3979 171
2387 3927 2420 3995 5
2439 3927 2498 3991 1,
2534 3926 2841 3979 relationes
2872 3926 3145 3979 iuridicae
3183 3927 3331 3978 inter

2013 4008 2170 4074 ipsos
2201 4008 2259 4060 et
2299 4005 2643 4074 Capitulum,
2678 4005 2793 4069 115,
2840 4006 2910 4060 59
2948 4019 3143 4060 99ι·9ι9
3175 4020 3332 4072 prae-

2014 4088 2289 4150 cedentia,
2323 4088 2419 4141 178
2455 4087 2488 4155 5
2511 4089 2558 4140 1.

1885 4198 1948 4208 -
1979 4169 2315 4224 adiutores.-
2344 4170 2578 4236 quinam
2598 4168 2883 4230 dicantur,
2914 4168 3012 4221 175
3043 4168 3079 4235 5
3105 4169 3161 4232 1,
3203 4168 3332 4220 iura

2011 4251 2070 4302 et
2101 4249 2501 4316 obligationes,
2533 4248 2628 4300 175
2656 4247 2689 4315 5
2710 4247 2770 4311 8,
2803 4262 2880 4300 99
2910 4261 2948 4300 9
2969 4248 3214 4314 parocho
3234 4248 3329 4301 cui

2009 4329 2222 4382 dantur
2262 4329 2636 4397 dependeant,
2679 4328 2777 4380 175
2820 4328 2852 4394 5
2894 4330 2953 4392 8,
3009 4329 3080 4381 59
3134 4343 3331 4382 eorum

2009 4410 2425 4476 praecedentia,
2455 4409 2552 4462 178
2581 4408 2614 4475 5
2632 4409 2682 4460 8.

1884 4517 1946 4527 -
1967 4488 2315 4556 Apostolici:
2346 4488 2542 4542 eodem
2567 4489 2692 4541 iure
2713 4502 2780 4540 ac
2801 4487 3072 4541 Praefecti
3094 4490 3331 4555 Aposto-

2009 4569 2108 4623 lici
2152 4571 2460 4636 rogantum
2505 4569 2631 4621 vide
2676 4568 2962 4621 Praeiecti
3002 4558 3329 4634 Apostolici.

1883 4677 1947 4688 --
1984 4649 2387 4717 Capitularcs:
2421 4648 2684 4701 vicarius
2710 4647 3052 4715 Capitularis
3084 4646 3330 4702 venitin

2013 4730 2135 4784 iure
2177 4731 2407 4782 nomine
2449 4727 2727 4781 ordinarii
2770 4730 2829 4782 et
2870 4727 3154 4781 Ordinarii
3201 4729 3329 4791 loci,

2012 4812 2130 4873 188,
2162 4824 2198 4862 a
2219 4808 2476 4877 Capitulo
2497 4809 2856 4876 deputandus
2881 4809 3038 4861 intra
3058 4811 3187 4862 octo
3208 4809 3330 4861 dies

2006 4892 2080 4944 ab
2135 4893 2364 4956 accepia
2413 4890 2622 4942 notitia
2661 4889 2976 4942 vacationis
3024 4889 3193 4951 sedis,
3234 4889 3330 4942 188

2006 4970 2039 5038 5
2076 4972 2130 5035 1,
2164 4971 2236 5023 ad
2267 4983 2436 5037 quem
2473 4969 2808 5022 devolvatur
2853 4969 3168 5022 iurisdictio
3206 4968 3330 5035 Epi-

2007 5052 2188 5118 scopi,
2237 5065 2385 5117 quae
2430 5050 2502 5103 ad
2547 5049 2871 5118 Capitulum
2920 5049 3227 5103 devenerat
3271 5050 3331 5102 et

2005 5133 2234 5198 quidem
2278 5134 2416 5193 tota,
2463 5131 2585 5196 187,
2633 5146 2785 5184 9999
2830 5130 3091 5198 deputari
3140 5131 3326 5190 debet,

2007 5213 2305 5279 reprobata
2324 5213 2608 5265 contraria
2627 5211 3059 5272 consuetudine,
3093 5211 3189 5264 138
3219 5209 3252 5277 5
3279 5211 3326 5271 1,

2005 5295 2064 5346 91
2110 5307 2212 5361 per
2250 5296 2440 5346 actum
2482 5292 2875 5359 capitularem,
2913 5291 3009 5345 188
3048 5290 3172 5366 58,
3227 5291 3325 5356 qui

2006 5374 2193 5440 potest
2225 5386 2348 5426 esse
2379 5372 2527 5425 idem
2557 5385 2626 5424 ac
2654 5384 3011 5433 oeconomus,
3045 5370 3255 5436 pariter
3291 5384 3327 5422 a
