3753 5871
607 65 716 123 694
798 27 803 32 -
1747 65 1944 116 0060oe
1981 63 2143 116 luris
2193 63 2470 115 canonici

614 250 1109 313 accommodari
1156 250 1657 328 transferrique
1701 249 2044 312 debebunt
2088 264 2245 327 quo,
2306 248 2614 326 quamvis
2661 248 2804 310 Nos
2861 246 2972 309 hic
3019 247 3278 310 Romae
3334 245 3590 310 accidat

612 357 791 420 diem
829 374 1219 436 supremum
1255 357 1467 436 obire,
1510 356 1721 421 Sacro
1759 360 1991 420 tamen
2038 355 2514 419 Cardinalium
2551 354 2881 435 collegio,
2923 355 3394 418 invalescente
3440 354 3589 417 sedi-

612 465 879 526 tionum
922 464 1363 543 publicaeque
1413 465 1957 544 perturbationis
2000 463 2328 543 tumultu,
2380 465 2681 527 bostium
2721 463 3162 542 oppressione
3199 466 3278 526 et
3315 462 3588 524 insecta·

614 573 921 635 tionibus
972 575 1096 635 hac
1141 574 1303 635 illac
1346 591 1469 651 per
1518 575 1746 636 orbem
1792 574 2134 644 violenter
2165 573 2501 651 disperse,
2546 571 2826 634 comitia
2871 587 2995 649 pro
3038 572 3199 632 novi
3244 570 3588 632 Pontificis

613 679 942 743 electione
982 682 1236 743 Romae
1274 680 1509 744 haberi
1545 684 1908 759 nequeant.

669 769 677 782 ’
797 788 1132 861 Quoniam
1171 806 1327 850 vero
1365 787 1687 851 Christus
1733 790 2024 851 Beatum
2061 789 2342 851 Petrum
2383 787 2897 866 dispensatione
2940 784 3247 849 mirabili
3283 788 3367 847 in
3407 785 3587 848 domi·

612 911 771 956 nam
799 895 1106 974 gentium
1136 897 1417 957 Romam
1445 896 1724 973 direxit,
1761 897 1879 974 qui
1909 897 2030 974 ibi,
2069 897 2253 959 sicut
2277 895 2632 958 doctrinae
2661 896 2918 957 virtute
2947 894 3267 956 sublimis
3300 893 3588 964 emicuit,

611 1003 719 1064 ita
754 1002 1113 1081 sanguinis
1148 1003 1448 1081 gloriosa
1485 1004 1814 1067 effusione
1854 1004 2221 1066 decoratus
2254 1002 2677 1080 conquiescit
2714 1005 2763 1080 ²,
2813 998 3277 1080 praecipimus
3317 1007 3403 1065 et
3437 1018 3588 1062 man—

614 1108 859 1172 damus
906 1114 987 1172 ut
1025 1108 1431 1172 Cardinales
1478 1112 1552 1171 in
1594 1111 1817 1189 primo
1857 1127 2052 1188 quem
2095 1110 2401 1173 habituri
2443 1110 2704 1173 tuerint
2745 1107 3048 1188 generali
3087 1113 3446 1171 conventu
3497 1125 3589 1185 pro

613 1215 773 1279 novi
806 1216 1167 1279 Pontificis
1201 1218 1530 1280 electione
1573 1217 2018 1280 iureiurando
2054 1219 2439 1296 spondeant
2476 1234 2620 1280 sese
2664 1235 2858 1280 omne
2893 1215 3200 1279 studium
3239 1220 3313 1278 et
3352 1231 3591 1278 omnem

619 1322 1050 1402 diligentia-m
1080 1323 1459 1387 collaturos
1489 1329 1571 1388 ut
1596 1325 1969 1388 Pontificia
2001 1325 2210 1388 Sedes
2248 1325 2531 1388 Romam
2571 1325 3010 1402 restituatur,
3042 1323 3156 1384 vix
3187 1323 3363 1384 dum
3400 1323 3593 1384 obices

613 1435 686 1493 et
720 1431 1209 1509 impedimenta
1239 1436 1470 1492 amota
1501 1431 1787 1509 fuerint,
1828 1449 2001 1509 quae
2034 1431 2227 1493 illam
2258 1430 2401 1493 alio
2429 1431 2810 1493 transferre
2841 1429 3209 1508 coegerint.

815 1537 972 1598 Etsi
1008 1540 1239 1599 autem
1274 1537 1346 1598 in
1393 1538 1639 1599 bonam
1676 1554 1863 1616 spem
1908 1538 2255 1617 erigamur
2290 1537 2462 1614 tore,
2503 1541 2585 1599 ut
2622 1536 2986 1599 Successor
3020 1536 3278 1599 Noster
3313 1537 3589 1599 meliori-

615 1641 742 1706 bus
774 1645 1057 1706 fruatur
1098 1645 1522 1723 temporibus
1558 1649 1629 1709 et
1664 1646 1738 1706 in
1776 1662 2094 1724 suprema
2140 1646 2267 1708 hac
2304 1645 2494 1707 Petri
2533 1643 2880 1707 Catbedra
2915 1644 3035 1707 diu
3074 1645 3342 1721 sedeat,
3386 1649 3589 1707 tamen

616 1754 698 1813 ut
737 1751 1091 1814 contrario
1141 1752 1351 1815 etiam
1399 1751 1880 1830 provideamus
1923 1753 2221 1829 eventui,
2271 1756 2462 1815 motu
2519 1754 2684 1816 item
2729 1753 3012 1830 proprio
3054 1769 3137 1814 ac
3180 1751 3270 1815 de
3316 1755 3588 1830 Aposta

617 1857 791 1920 licae
824 1859 1194 1937 potestatis
1229 1859 1658 1938 plenitudine
1693 1860 1922 1922 omnia
1957 1877 2129 1938 quae
2171 1861 2245 1922 in
2283 1861 2468 1924 hisce
2512 1859 2771 1923 litteris
2808 1859 3076 1922 sancita
3111 1863 3186 1922 et
3220 1859 3591 1922 constituta

616 1968 782 2027 sunt
830 1982 955 2043 pro
995 1966 1297 2029 comitiis
1346 1968 1571 2045 prima
1610 1970 1772 2045 post
1809 1970 2094 2030 mortem
2138 1967 2462 2030 Nostram
2507 1966 2651 2031 vice
2693 1966 2978 2044 tuturis,
3022 1966 3494 2042 extendimus,
3533 1983 3592 2026 se

619 2071 770 2150 pari
826 2073 1027 2135 modo
1072 2073 1500 2137 decernimus
1556 2091 1680 2153 pro
1724 2074 1949 2137 altera
1993 2075 2324 2138 electione
2369 2078 2529 2153 post
2578 2074 3006 2138 Successoris
3052 2073 3296 2137 Nostri
3349 2075 3591 2137 obitum

618 2180 1055 2257 perficienda,
1101 2181 1158 2242 si
1201 2182 1552 2250 nimirum.
1604 2180 1800 2243 nulla
1841 2182 1926 2245 de
1969 2181 2079 2244 his
2119 2198 2299 2244 nova
2347 2182 2493 2260 lege
2531 2181 2745 2259 edita,
2792 2180 3158 2244 Successor
3198 2181 3471 2246 Noster
3507 2182 3591 2243 de

615 2286 920 2349 cesserit.

800 2393 874 2457 Si
924 2411 1097 2471 quae
1139 2411 1299 2458 vero
1337 2395 1542 2457 dubia
1594 2396 1998 2458 exoriantur
2036 2396 2221 2458 circa
2264 2412 2536 2459 sensum
2577 2396 3222 2474 praescriptionum,
3269 2411 3460 2473 quae
3495 2396 3592 2455 hae

617 2499 874 2563 Nostra
907 2501 1421 2565 Constitutione
1451 2503 1920 2580 continentur,
1964 2502 2069 2566 vel
2103 2502 2313 2566 etiam
2348 2505 2606 2580 utrum,
2651 2506 2777 2564 aut
2809 2519 2942 2579 qua
2978 2502 3251 2564 ratione
3282 2502 3384 2564 ad
3424 2516 3593 2564 usim

615 2612 686 2672 et
730 2609 999 2686 praxim
1056 2608 1288 2671 eadem
1335 2609 1576 2672 deduci
1628 2610 1894 2686 debeat,
1955 2610 2095 2672 sive
2145 2623 2352 2688 super
2394 2625 2813 2686 quocumque
2860 2608 3002 2671 alio
3046 2609 3357 2671 Nostrae
3416 2609 3595 2670 huius

615 2713 1157 2778 Constitutionis
1193 2716 1445 2795 capite,
1489 2717 1819 2779 edicimus
1868 2721 1942 2780 et
1980 2717 2407 2780 decernimus
2449 2717 2647 2779 unice
2698 2734 2904 2794 penes
2947 2715 3236 2778 Sacrum
3279 2714 3595 2778 Cardian-

620 2821 784 2884 lium
813 2821 1190 2901 Collegium
1225 2827 1634 2901 potestatem
1673 2842 1819 2888 esse
1853 2842 2058 2903 super
2089 2825 2196 2887 his
2234 2824 2415 2888 ferre
2447 2824 2881 2898 sententiam3
2911 2840 3123 2901 qua-mv
3145 2823 3221 2884 in
3264 2840 3417 2886 rem
3448 2822 3596 2902 ipae

615 2928 1103 2992 Cardinalibus
1129 2931 1400 3010 plenam
1427 2930 1797 2994 tribuimus
1824 2931 2255 3011 facultatem,
2290 2950 2423 3010 qua
2459 2933 2634 2995 hanc
2661 2931 2988 2994 Nostram
3023 2929 3597 2995 Constitutionem

614 3037 1061 3116 interpretari
1101 3056 1182 3101 ac
1216 3039 1425 3102 dubia
1461 3039 1812 3102 declarare
1848 3041 2147 3103 valeant.
2186 3041 2338 3115 Qua
2375 3041 2644 3118 quidem
2679 3040 2753 3101 in
2792 3057 2891 3117 re,
2928 3038 3508 3117 quemadmodum
3539 3039 3594 3097 in
3637 3078 3638 3081 κ

616 3145 923 3223 reliquis,
972 3146 1053 3209 de
1098 3147 1344 3223 quibus
1390 3147 1478 3209 ad
1535 3147 1829 3210 Nostrae
1876 3147 2082 3210 huius
2139 3132 2680 3210 constitutionis
2722 3147 3064 3222 tramites,
3114 3150 3417 3223 excepto
3467 3146 3597 3223 ipso

615 3252 968 3315 electionis
1007 3257 1194 3325 actu,
1233 3234 1609 3317 deliberare
1652 3255 2038 3333 contingat,
2080 3255 2256 3317 satis
2291 3255 2566 3317 omnino
2601 3255 2760 3331 erit,
2811 3254 2869 3315 si
2911 3253 3134 3315 maior
3166 3258 3595 3332 congregato

618 3376 766 3421 rum
810 3359 1285 3422 Cardinalium
1322 3378 1507 3439 pars,
1546 3366 1628 3425 ut
1661 3379 1874 3440 supra
1907 3360 2332 3425 declaratum
2376 3366 2504 3439 est,
2542 3362 2616 3423 in
2652 3361 2956 3425 eamdem
2994 3360 3420 3423 sententiam
3465 3374 3597 3422 con·

616 3467 895 3529 sentia-t.
939 3469 1344 3530 Mandamus
1378 3472 1607 3532 autem
1655 3474 1733 3532 ut
1769 3470 1898 3532 hae
1935 3469 2374 3547 Apostolicae
2408 3469 2712 3532 Litterae
2756 3468 3142 3530 voluntatis
3177 3467 3490 3530 Nostrae
3519 3472 3599 3527 te·

616 3582 757 3636 stes
785 3575 1286 3652 quamprimum
1317 3580 1472 3653 post
1500 3580 1787 3638 mortem
1824 3577 2175 3653 Nostram,
2207 3581 2301 3653 et,
2341 3577 2398 3638 si
2432 3594 2553 3655 per
2581 3576 2910 3638 adiuncta
2947 3574 3181 3652 liceat,
3213 3574 3378 3652 ipso
3407 3574 3597 3638 etim

615 3680 845 3743 obitus
878 3681 1115 3744 Nostri
1160 3683 1294 3760 die,
1331 3683 1403 3744 in
1440 3682 1661 3760 prima
1700 3683 2002 3763 generali
2040 3684 2501 3762 praesentium
2546 3681 3021 3745 Cardinalium
3059 3681 3602 3761 Congu-egnum

614 3806 650 3850 e
692 3788 977 3867 vestigio
1017 3795 1089 3853 et
1117 3793 1317 3853 extra
1355 3789 1662 3853 ordinem
1703 3791 2091 3868 indicenda,
2129 3808 2252 3869 per
2279 3791 2623 3869 integrum
2661 3788 3060 3852 recitentur.
3101 3788 3184 3850 Id
3222 3792 3464 3850 autem
3493 3789 3597 3847 im·

616 3895 1001 3972 pedimento
1030 3896 1305 3960 minime
1332 3899 1470 3961 erit
1502 3899 1864 3975 quominus
1893 3904 2122 3975 antea,
2157 3899 2214 3960 si
2245 3914 2368 3976 per
2399 3902 2672 3975 tempus
2699 3896 3000 3973 licuerit,
3031 3913 3160 3958 nec
3183 3895 3379 3959 aliae
3404 3896 3596 3956 inter·

615 4003 864 4065 cedant
891 4004 1353 4083 difficultates,
1390 4005 1778 4069 earumdem
1807 4006 2011 4069 lectio
2040 4009 2416 4085 peragatur
2442 4006 2516 4066 in
2548 4005 3095 4083 congregatione
3117 4003 3452 4082 Capitum
3488 4001 3594 4062 Or·

616 4109 876 4187 dinum,
911 4127 1115 4186 quum
1150 4112 1313 4175 haec
1344 4109 1568 4174 locum
1610 4112 1908 4176 habebit.

798 4218 939 4279 Nos
977 4220 1254 4281 interim
1295 4220 1439 4283 Deo
1486 4225 1556 4283 et
1596 4221 1791 4282 Patri
1845 4239 1968 4299 per
2005 4220 2448 4298 Unigenitum
2490 4219 2746 4281 Filium
2790 4220 2939 4282 eius
2980 4219 3210 4281 Iesum
3254 4217 3595 4280 christum

616 4325 1107 4404 redemptorem
1165 4326 1511 4388 hominum
1557 4327 1855 4389 animam
1908 4328 2231 4390 Nostram
2278 4327 2849 4403 commendantes,
2909 4330 2992 4388 ut
3035 4343 3119 4388 ex
3168 4326 3381 4387 huius
3427 4325 3600 4384 vitae

615 4434 963 4496 aerumnis
992 4438 1296 4512 ereptam
1325 4436 1395 4496 in
1419 4437 1780 4499 caelestem
1807 4437 2103 4513 patriam
2136 4436 2496 4513 suscipiat,
2527 4433 2970 4498 venera-biles
2993 4433 3288 4495 Fratres
3318 4432 3602 4494 Nostros

619 4540 914 4604 Sanctae
967 4542 1313 4603 Roma-nae
1358 4540 1704 4604 Ecclesiae
1748 4542 2178 4611 Cardinales,
2226 4543 2497 4620 quibus,
2545 4541 2758 4605 Nobis
2813 4556 3098 4618 corpore
3145 4538 3422 4607 solutis.
3471 4536 3600 4599 en't

614 4648 762 4710 vita.
797 4651 1167 4726 superstes,
1205 4666 1330 4727 per
1371 4649 1633 4712 viscera
1667 4649 2177 4713 misericordiae
2223 4650 2381 4712 Iesu
2419 4648 2682 4712 Christi
2720 4649 3153 4710 obsecramus
3190 4651 3265 4710 et
3313 4647 3600 4709 obtesta-

615 4771 790 4830 mur,
821 4759 902 4818 ut
928 4759 1172 4819 mutua
1197 4756 1578 4819 animorum
1614 4757 1981 4820 concordia
2008 4761 2076 4821 et
2105 4757 2537 4820 voluntatum
2575 4755 3084 4833 conspiratione
3115 4755 3189 4816 in
3222 4756 3352 4817 boc
3377 4752 3602 4816 omnia

615 4879 742 4924 sua
779 4863 1034 4940 studia,
1068 4865 1297 4927 omnia
1333 4863 1625 4927 consilia
1651 4866 2036 4939 conferant,
2071 4883 2154 4929 ne
2186 4866 2377 4928 Petri
2410 4864 2622 4927 Navis
2652 4868 2763 4928 tot
2801 4863 3155 4941 tantisque
3183 4862 3448 4925 iactata
3483 4860 3602 4920 flu-

614 4969 842 5032 ctibus
885 4971 1341 5047 gubernatore
1376 4972 1494 5034 diu
1538 4976 1792 5036 careat.
1834 4972 2160 5051 Cogitent
2182 4973 2556 5055 ,animoque
2594 4971 3045 5051 perpendant,
3096 4973 3387 5033 vacante
3425 4969 3604 5044 Aptr

617 5076 863 5139 stolica
893 5077 1085 5153 Sede,
1114 5081 1280 5141 tunc
1309 5080 1599 5142 maxime
1625 5084 1873 5142 nutare
1909 5080 2256 5143 Ecclesiae
2286 5083 2567 5157 statum;
2603 5097 2756 5142 nam
2791 5079 2851 5141 si
2886 5078 3074 5158 gregi
3105 5076 3410 5155 pastoris
3433 5089 3610 5137 eura

799 5237 820 5269 ²
855 5240 909 5292 S.
944 5236 1199 5294 Gelasius
1230 5236 1273 5297 Ι.
1308 5239 1407 5305 Ep.
1442 5239 1518 5291 14.

1540 5600 3639 5716 ἡ-
