3753 5871
1488 209 1494 217 ·
1533 205 1562 227 r

470 306 580 364 262
1609 309 1804 360 Gom
1849 305 2012 359 luo-u
2051 307 2332 360 omnim·

478 497 696 563 bisin
724 515 946 579 anno,
976 497 1111 564 hoc
1144 502 1258 565 est
1279 497 1402 565 die
1430 497 1768 566 sollemni
1795 497 2186 565 Pascha-tis
2219 496 2810 566 Resurrectionis
2843 501 2919 563 et
2943 496 3098 563 alio
3121 495 3243 564 die
3267 495 3464 564 testo

478 604 815 672 sollemni
853 605 946 672 ab
993 605 1180 689 ipsis
1214 605 1694 692 designando,
1735 605 2030 675 etiamsi
2068 605 2288 673 iidem
2330 606 2604 673 Missae
2642 605 2980 673 sollemni
3027 604 3465 672 adstiterint

476 715 792 795 tantum;
839 714 1163 780 Abbates
1216 717 1464 781 autem
1511 715 1625 782 vel
1669 714 2002 781 Praelati
2045 715 2356 798 nullius,
2400 713 2684 781 Vicarii
2730 718 2806 782 et
2851 713 3222 781 Praefecti
3268 714 3460 798 Apo-

479 819 749 903 stolici,
797 821 940 887 etsi
985 821 1388 905 episcopali
1430 821 1799 907 dignitate
1843 825 2174 903 careant,
2225 821 2299 888 id
2358 825 2670 904 possunt
2715 821 2794 886 in
2854 820 3010 887 suis
3058 819 3464 887 territoriis

480 943 627 992 uno
664 931 955 992 tantum
991 946 1079 994 ex
1123 928 1715 995 sollemnioribus
1748 948 1881 1013 per
1916 947 2192 996 annum
2227 928 2487 996 diebus
2522 928 2572 994 ².

1776 1086 1951 1151 CAN.
1997 1085 2150 1151 915.

652 1191 1081 1276 Regulares,
1131 1194 1256 1277 qui
1293 1193 1760 1276 privilegium
1807 1192 2081 1260 habent
2115 1192 2588 1276 impertiendi
2626 1192 3201 1260 benedictionem
3239 1209 3461 1275 papa·

478 1298 647 1382 lem,
705 1317 851 1366 non
896 1301 1132 1366 solum
1181 1300 1629 1386 obligatione
1673 1305 2024 1369 tenentur
2067 1301 2411 1369 servandi
2454 1300 2850 1367 formulam
2898 1299 3460 1383 praescriptam,

478 1405 605 1473 sed
644 1406 778 1473 hoc
819 1406 1209 1491 privilegio
1248 1408 1360 1474 uti
1400 1413 1797 1492 nequeunt,
1841 1409 1987 1475 nisi
2035 1409 2116 1475 in
2156 1409 2312 1475 suis
2348 1407 2676 1475 ecclesiis
2717 1412 2795 1476 et
2830 1408 2911 1474 in
2949 1408 3277 1475 ecclesiis
3316 1424 3461 1474 mo·

479 1513 789 1580 nialium
827 1516 943 1582 vel
985 1516 1493 1583 tertiariorum
1534 1535 1668 1583 suo
1716 1517 1984 1584 Ordini
2023 1517 2350 1603 legitime
2386 1520 2975 1601 aggregatorum
3019 1534 3164 1582 non
3213 1519 3461 1582 autem

477 1621 726 1688 eodem
756 1621 875 1688 die
913 1627 987 1690 et
1016 1623 1179 1689 loco
1211 1642 1355 1706 quo
1383 1622 1795 1708 Episcopus
1827 1644 1987 1692 eam
2026 1627 2410 1709 impertiat
2434 1629 2487 1695 ².

1765 1782 1942 1849 CAN·
1997 1781 2149 1848 916.

653 1887 1027 1973 Episcopi,
1063 1889 1389 1957 Abbates
1431 1890 1545 1956 vel
1579 1888 1912 1957 Praelati
1945 1889 2255 1974 nullius,
2296 1891 2581 1958 vicarii
2622 1908 2711 1958 ac
2749 1891 3120 1960 Praefecti
3152 1892 3463 1976 Aposto-

481 1994 606 2060 lici
652 1998 730 2063 et
774 1995 1209 2079 Superiores
1257 1997 1572 2063 maiores
1616 1997 1997 2082 religionis
2052 1998 2419 2064 clericalis
2465 2003 2869 2081 exemptae,
2920 2003 3231 2082 possunt
3277 1998 3462 2066 desi-

478 2119 707 2185 gnare
755 2107 831 2169 et
868 2103 1247 2171 declarare
1293 2121 1514 2170 unum
1558 2103 1799 2172 alta-re
1839 2105 2389 2190 privilegiatum
2444 2106 2958 2190 quotidianum
2998 2110 3465 2190 perpetuum,

478 2208 871 2277 dummodo
916 2211 1120 2278 aliud
1163 2230 1307 2278 non
1347 2212 1732 2293 habeatur,
1773 2213 1853 2279 in
1902 2214 2058 2279 suis
2093 2213 2421 2280 ecclesiis
2459 2213 3036 2295 cathedralibus,
3075 2214 3464 2282 abbatiali-

477 2317 639 2399 bus,
684 2319 1125 2403 collegiatis,
1169 2320 1805 2403 conventualibus,
1853 2321 2416 2405 paroecialibus,
2466 2321 3272 2405 quasi-paroecialibus,
3321 2341 3470 2390 non

476 2429 724 2491 autem
752 2427 829 2492 in
863 2427 1212 2495 oratoriis
1245 2428 1563 2511 publicis
1588 2429 1704 2496 vel
1732 2429 2286 2512 semi-publicis.
2322 2428 2466 2495 nisi
2503 2431 2658 2496 sint
2690 2429 3040 2498 ecclesiae
3065 2429 3469 2513 paroeciali

481 2532 696 2598 unita
728 2552 854 2599 seu
901 2534 1224 2601 eiusdem
1263 2535 1713 2602 subsidiaria
1739 2534 1792 2601 ³.

1769 2693 1946 2760 CAN.
2000 2694 2150 2760 917.

653 2799 686 2880 ξ
735 2802 799 2865 1.
851 2801 993 2867 Die
1028 2800 1762 2869 commemorationis
1827 2801 2153 2869 omnium
2222 2802 2549 2870 fidelium
2611 2803 3155 2885 defunctorum,
3217 2820 3470 2871 omnes

485 2906 758 2976 Missae
783 2907 1110 2993 gaudent
1133 2909 1521 2995 privilegio
1548 2927 1636 2976 ac
1665 2909 1729 2976 si
1758 2914 2005 2979 essent
2026 2909 2123 2978 ad
2145 2911 2387 2979 altare
2415 2910 2964 2996 privilegiatum
2989 2908 3469 2980 celebratae⁴.

659 3015 693 3096 §
737 3014 804 3081 2.
855 3015 1126 3083 Omnia·
1153 3017 1431 3084 altaria
1459 3018 1807 3085 ecclesiae
1846 3037 1979 3102 per
2007 3037 2131 3086 eos
2162 3018 2322 3086 dies
2354 3019 2621 3103 quibus
2648 3020 2728 3085 in
2762 3038 2852 3086 ea
2880 3020 3267 3104 peragitur
3298 3038 3464 3104 sup-

478 3123 784 3205 plicatio
823 3124 1338 3208 Quadraginta
1383 3125 1756 3192 Horarum
1800 3132 1977 3194 sunt
2019 3126 2513 3212 privilegiata.

1775 3279 1951 3345 CAN,
1996 3279 2147 3346 918.

655 3386 688 3467 ξ
736 3389 800 3450 1.
851 3386 957 3454 Ut
997 3385 1368 3453 indicetur
1404 3386 1644 3453 altare
1683 3405 1839 3454 esse
1879 3387 2455 3472 privilegiatum,
2509 3388 2695 3454 nihil
2735 3388 2942 3455 aliud
2985 3388 3465 3471 inscribatur,

480 3493 668 3559 nisi:
731 3494 970 3559 altare
1011 3492 1592 3578 privileyiatum,
1635 3499 2067 3579 perpetuum
2122 3496 2239 3562 vel
2282 3496 2376 3563 ad
2430 3499 2746 3580 tempus,
2794 3496 3307 3581 quotidianum
3349 3496 3467 3565 vel

481 3619 650 3678 non,
701 3602 1101 3669 secundum
1138 3601 1632 3669 concessionis
1670 3602 1914 3670 verba.

661 3709 694 3788 ξ
740 3708 807 3774 2.
859 3709 1010 3776 Pro
1038 3709 1291 3776 Missis
1315 3710 1776 3777 celebrandis
1800 3710 1881 3776 in
1908 3710 2137 3777 altari
2173 3710 2645 3796 privilegia-to
2676 3711 2955 3797 nequit,
2997 3713 3133 3779 sub
3162 3712 3470 3781 obtentu

485 3815 879 3900 privilegii,
918 3815 1154 3882 maior
1186 3816 1380 3898 exigi
1418 3815 1690 3884 Missae
1723 3817 2180 3903 eleemosyna
2210 3822 2261 3887 ³.

659 4025 679 4059 ¹
716 4024 987 4075 Clemens
1025 4024 1190 4082 xl11,
1230 4026 1413 4075 const.
1457 4039 1487 4073 «
1530 4023 1961 4073 Iuexhaustum
2003 4039 2050 4081 »‚
2092 4024 2126 4075 3
2163 4026 2309 4083 sept.
2349 4023 2496 4083 1762,
2538 4025 2566 4085 s
2611 4024 2663 4085 4;
2701 4024 2758 4076 S.
2800 4023 2872 4075 R.
2914 4023 3012 4088 C..⁴
3042 4022 3469 4082 Alexandnnn,

476 4114 543 4164 23
576 4114 720 4164 maii
757 4113 906 4174 183&
939 4111 1364 4171 constantien„
1405 4113 1438 4164 7
1469 4112 1593 4165 dec.
1636 4112 1783 4174 1844;
1813 4111 2125 4170 mutinen„
2157 4113 2223 4164 15
2255 4113 2373 4163 lan.
2410 4112 2555 4173 184·st
2591 4110 2999 4172 comanitas..
3037 4113 3070 4164 5
3101 4115 3276 4165 mart.
3314 4112 3467 4165 184⁷.

658 4205 684 4239 2
715 4203 1071 4254 Benedictus
1091 4203 1241 4262 xlv,
1273 4205 1386 4254 litt.
1415 4215 1510 4263 ap.
1537 4217 1567 4252 et
1593 4203 1894 4262 Exemplis
1919 4203 2440 4253 praedecessorum
2463 4218 2512 4261 n,
2538 4203 2604 4253 19
2626 4204 2799 4254 mart.
2825 4201 2972 4264 1748:
3000 4201 3272 4254 Clemens
3294 4202 3463 4261 XIII.

478 4295 663 4343 const.
704 4308 735 4341 α
766 4290 1190 4342 lneoermustum
1230 4306 1280 4349 w,
1313 4292 1346 4343 3
1375 4294 1521 4351 sept.
1562 4291 1709 4352 1762,
1743 4290 1770 4352 ς
1799 4291 1849 4352 5;
1880 4292 1995 4342 Leo
2024 4290 2190 4350 x111.
2225 4291 2342 4343 ntt.
2379 4302 2472 4351 ap.
2509 4305 2539 4340 α
2573 4290 2696 4350 Quo
2729 4290 2994 4341 universi
3023 4304 3073 4351 ι,
3108 4289 3141 4341 7
3171 4290 3280 4341 iul.
3312 4289 3467 4349 1882.

480 4375 535 4430 n‘.
576 4380 685 4440 110,
730 4380 869 4442 1110;
904 4383 1088 4432 const.
1130 4395 1159 4429 α
1202 4380 1345 4430 Cum
1384 4380 1562 4430 sicuti
1599 4395 1648 4440 ι),
1688 4380 1753 4432 28
1787 4383 1962 4432 mart.
2003 4380 2151 4441 19032
2199 4379 2554 4432 Benedictus
2590 4379 2708 4440 XV,
2750 4381 2935 4431 const.
2989 4394 3021 4430 ι
3061 4377 3366 4439 supplices
3414 4394 3466 4440 n,

479 4472 545 4522 11
577 4471 697 4521 iun.
741 4470 888 4530 1917;
931 4471 988 4522 S.
1022 4470 1086 4522 G.
1124 4470 1180 4521 S.
1215 4470 1331 4522 Otr.
1375 4467 1552 4528 (Sect.
1589 4470 1662 4521 de
1695 4470 1975 4531 Indulg.),
2010 4469 2165 4521 decr.
2203 4470 2269 4521 15
2301 4469 2424 4521 dec.
2461 4469 2609 4530 1910;
2659 4467 2838 4528 (Sect.
2875 4468 2950 4520 de
2988 4468 3272 4530 Indum),
3307 4466 3467 4520 decr.

480 4560 546 4612 28
574 4559 719 4610 maii
748 4559 894 4619 1914;
925 4557 981 4611 S.
1014 4560 1078 4611 C.
1118 4560 1372 4620 Indulg.,
1404 4555 1583 4609 Urbis
1621 4563 1678 4609 et
1714 4558 1905 4616 Orbis,
1938 4561 1970 4609 4
2000 4559 2149 4610 febr.
2182 4559 2329 4620 17543
2361 4557 2694 4616 Tar-vicina,
2724 4558 2758 4610 6
2785 4570 2916 4609 nov.
2958 4557 3105 4619 1764:
3145 4556 3331 4607 Tertii
3366 4555 3470 4607 Or-

481 4647 639 4699 dinis
672 4646 732 4697 S.
765 4647 1088 4705 Francisci,
1120 4649 1186 4698 22
1215 4651 1388 4700 mart.
1422 4648 1568 4707 1879,
1603 4648 1680 4699 ad
1710 4650 1759 4707 1,
1801 4648 1849 4708 2,
1882 4647 2018 4708 6-12;
2049 4646 2322 4706 Cranen„
2362 4648 2428 4699 19
2457 4647 2579 4698 dec.
2615 4646 2763 4707 1885;
2799 4647 2866 4698 10
2897 4647 3019 4698 iun.
3055 4646 3204 4705 1886,
3237 4646 3314 4697 ad
3352 4646 3469 4706 111:

483 4737 964 4798 commentationis
992 4738 1095 4788 88.
1125 4737 1552 4798 Redemptum,
1577 4739 1642 4789 11
1662 4751 1794 4789 nov.
1826 4738 2064 4800 1903310
2094 4739 2212 4789 ian.
2240 4737 2387 4798 1906:
2414 4737 2473 4789 Β.
2502 4737 2556 4787 B
2600 4737 2689 4797 0..
2718 4735 3018 4795 Firmano,
3043 4738 3108 4787 11
3132 4737 3280 4796 sept.
3315 4735 3466 4787 1790.

661 4831 686 4865 ³
720 4826 1073 4878 Benedictus
1104 4827 1268 4882 xul.
1306 4829 1494 4878 const.
1530 4843 1560 4877 ι
1602 4826 1874 4877 Omnium
1906 4825 2089 4877 saluti
2128 4842 2177 4887 u,
2209 4827 2275 4878 20
2304 4838 2437 4887 aug.
2471 4825 2618 4888 1724;
2651 4824 2708 4878 S.
2741 4825 2806 4877 C.
2843 4825 2902 4877 Β.
2935 4825 3073 4885 Off„
3108 4825 3141 4875 2
3175 4825 3280 4875 iul.
3314 4823 3467 4884 1884,

478 4917 556 4968 ad
591 4918 639 4979 9;
681 4915 739 4967 8.
780 4916 843 4968 C.
886 4916 1138 4977 Indulg„
1185 4916 1358 4965 Urbis
1394 4920 1453 4967 et
1492 4916 1682 4974 Orbis,
1721 4917 1788 4968 19
1820 4916 1964 4967 maii
2002 4916 2147 4977 1759;
2192 4913 2556 4975 Ber-acmen„
2593 4914 2659 4967 30
2707 4915 2824 4965 ian.
2866 4914 3012 4975 1760;
3064 4911 3466 4970 wormatiam,

478 5007 544 5058 90
571 5007 689 5057 ian.
725 5006 873 5066 1760,
903 5006 981 5058 ad
1013 5006 1064 5066 3,
1097 5007 1145 5067 4;
1170 5006 1234 5057 26
1266 5008 1439 5058 mart.
1469 5006 1615 5069 176ος
1642 5005 1899 5063 Oarion„
1928 5006 1993 5056 14
2019 5007 2168 5058 febr.
2198 5005 2347 5066 1761,
2380 5004 2458 5056 ad
2483 5005 2532 5066 3;
2564 5002 3029 5061 wladislavum..
3062 5002 3126 5054 27
3156 5014 3287 5053 nov,
3320 5001 3470 5063 17643

478 5096 544 5146 18
582 5096 729 5155 sept.
775 5095 922 5157 1776ς
967 5093 1140 5145 Urbis
1180 5095 1238 5145 et
1285 5095 1477 5153 orbis,
1519 5096 1585 5147 10
1623 5097 1771 5156 sept.
1815 5094 1963 5155 1781;
2001 5092 2225 5144 Incerti
2265 5093 2395 5151 loci,
2448 5093 2481 5145 7
2522 5095 2643 5146 iun.
2699 5092 2846 5154 18425
2890 5090 3464 5150 Gratianopoutona,

479 5180 542 5234 24
583 5184 728 5234 maii
765 5183 912 5235 1843.

658 5276 686 5311 ⁴
717 5273 1071 5325 Benedictus
1102 5276 1220 5333 XV,
1257 5277 1439 5326 const.
1477 5290 1505 5324 α
1540 5274 1920 5324 incruentum
1956 5289 2004 5334 n,
2038 5274 2104 5325 10
2133 5285 2266 5335 aug.
2303 5272 2450 5333 1915,
2484 5285 2541 5323 n.
2579 5272 2660 5331 11:
2702 5271 2761 5323 S.
2793 5270 2857 5322 Ο.
2893 5270 3145 5331 Induis„
3187 5267 3362 5318 Urbis
3403 5271 3463 5319 οδ

483 5360 673 5419 Orbis,
713 5363 779 5414 19
806 5363 950 5413 maii
989 5363 1134 5414 1761.

661 5456 685 5490 ⁵
720 5451 775 5505 S.
812 5453 873 5504 O.
908 5453 980 5503 de
1009 5453 1177 5514 Prop.
1215 5453 1377 5512 Fide,
1409 5452 1562 5505 decr.
1594 5453 1658 5505 13
1685 5466 1817 5514 aug.
1850 5453 1997 5514 1774;
2026 5452 2083 5505 8.
2118 5452 2181 5504 0.
2216 5451 2469 5512 Indulg„
2505 5448 2678 5501 Urbis
2714 5453 2774 5501 et
2807 5448 2999 5506 orbis,
3036 5448 3103 5500 19
3136 5446 3284 5497 maii
3316 5446 3463 5499 1761.
