3753 5871
575 225 688 285 δα)
1718 224 1917 275 Gom
1960 221 2124 274 Im
2163 219 2445 273 canonio!

766 411 801 495 5
846 410 915 479 3.
967 409 1113 480 Sed
1153 410 1313 495 ipse
1349 407 1598 490 iudex,
1643 408 1935 495 quoties
1973 411 2246 494 agatur
2284 406 2378 476 de
2416 406 2828 474 minoribus
2867 406 3127 475 aliisve
3168 407 3302 493 qui
3353 407 3587 476 mino-

587 518 794 587 ribus
839 518 1450 604 aequiparantur,
1498 521 1577 586 et
1629 516 2040 601 generatim
2087 516 2375 602 quoties
2431 515 2808 600 publicum
2857 515 3128 584 bonum
3172 515 3255 584 id
3304 515 3589 601 exigat,

585 631 833 711 potest
875 628 1103 694 testes
1141 643 1229 693 ex
1265 622 1504 693 officio
1535 623 1886 691 inducere
1930 621 1980 690 ¹.

764 734 799 816 5
847 734 914 799 4.
964 730 1179 815 Pare,
1225 749 1412 817 quae
1445 734 1710 800 testem
1751 730 2077 814 induxit,
2121 733 2369 815 potest
2400 729 2563 798 eius
2603 730 2927 799 examini
2962 730 3434 814 renunciata
3468 731 3597 799 sed

587 840 1059 909 adversarius
1103 840 1485 926 postulare
1525 843 1771 925 potest
1815 844 1926 923 ut,
1976 839 2114 908 hac
2160 857 2309 907 non
2350 839 2695 909 obstante
2739 838 3322 921 renuntiatione,
3374 840 3596 908 testis

586 947 908 1016 examini
944 946 1410 1015 subiiciatur.

1861 1055 2040 1123 cm.
2090 1055 2286 1122 1760.

761 1199 796 1282 5
844 1201 910 1267 1.
962 1199 1045 1268 Si
1105 1200 1271 1286 quis
1326 1203 1589 1284 sponte
1653 1202 2082 1284 compareat
2137 1198 2547 1274 testimonii
2607 1196 2958 1267 reddendi
3016 1198 3293 1282 gratia,
3366 1198 3597 1268 iudex

574 1307 852 1396 poterit
876 1308 1038 1377 eius
1058 1307 1564 1377 testimonium
1587 1305 1983 1377 admittere
2002 1307 2118 1374 vel
2144 1306 2498 1392 repellere
2523 1311 2749 1391 prout
2774 1305 3118 1389 expedire
3136 1305 3591 1375 censuerit&

765 1416 800 1498 5
847 1415 914 1482 2.
965 1415 1202 1484 Debet
1226 1433 1323 1483 au
1334 1423 1474 1483 tem
1509 1419 1799 1497 tesam,
1831 1416 1960 1501 qui
1994 1436 2071 1484 se
2104 1420 2367 1501 sponte
2396 1416 2778 1499 obtulerit,
2811 1416 3166 1501 repellere
3186 1434 3361 1484 cum
3399 1434 3591 1485 com·

585 1541 847 1609 parere
890 1523 1034 1592 sibi
1072 1522 1417 1598 videatur
1461 1539 1704 1591 moras
1754 1523 2036 1593 iudicio
2076 1523 2415 1594 nectendi
2468 1543 2696 1593 causa
2737 1526 2853 1594 vel
2898 1525 3235 1594 iustitiae
3276 1531 3359 1595 et
3406 1526 3590 1595 veri·

586 1631 732 1702 tati
770 1649 1063 1716 quoquo
1102 1630 1318 1699 modo
1360 1629 1746 1700 officiendi.

1862 1774 2041 1843 OAN.
2095 1773 2290 1841 1761.

762 1916 797 2000 5
845 1917 913 1985 1.
962 1916 1147 1986 Oum
1187 1915 1533 2002 probatio
1568 1933 1702 2000 per
1738 1918 1969 1984 testes
2008 1914 2461 1999 postulatur,
2512 1932 2765 1983 eorum
2809 1914 3109 1982 nomina
3157 1920 3233 1983 et
3285 1914 3591 1984 domici-

585 2022 769 2092 lium
811 2023 1177 2094 tribunali
1214 2023 1661 2106 indicentur3
1699 2029 2087 2109 praeterea
2127 2022 2617 2093 exhibeantur
2659 2023 3065 2107 positiones
3105 2040 3235 2091 seu
3278 2024 3594 2092 articuli

584 2134 1190 2216 argumentorum
1241 2149 1464 2216 super
1516 2131 1783 2217 quibus
1829 2135 2061 2200 testes
2102 2131 2259 2200 sint
2307 2131 2820 2216 interrogandi
2868 2127 2921 2194 ³.

763 2238 799 2321 5
844 2237 912 2305 2.
964 2237 1048 2307 Si
1085 2257 1178 2309 ne
1220 2238 1428 2308 intra
1460 2238 1655 2308 diem
1694 2238 1987 2325 quidem
2029 2238 2606 2324 peremptorium
2655 2258 2701 2307 a
2739 2239 2982 2308 iudice
3019 2241 3589 2325 praestitutum,

584 2347 1171 2431 obtemperatum
1208 2344 1468 2430 fuerit,
1509 2346 1922 2432 postulatio
1954 2346 2252 2416 deserta
2296 2352 2664 2417 censetur.

1863 2517 2042 2585 CAN·
2090 2517 2287 2585 1762.

756 2676 1001 2745 Indici
1027 2676 1149 2743 ius
1174 2679 1250 2744 et
1277 2675 1637 2759 obligatio
1659 2679 1774 2744 est
1802 2675 2108 2742 nimiam
2136 2674 2694 2744 multitudinem
2722 2675 3025 2744 testium
3057 2674 3502 2744 refrenandi
3527 2673 3581 2741 ⁴.

1853 2834 2032 2903 OAN.
2083 2834 2280 2903 1763.

557 2986 561 2989 “
649 2967 670 2982 ’
687 2964 722 3032 '-
757 2979 1030 3049 Partes
1071 2979 1341 3049 debent
1387 2978 1532 3047 sibi
1577 2979 1892 3048 invicem
1948 2981 2129 3048 nota
2171 2978 2418 3048 facere
2476 2978 2780 3047 testium
2831 2979 3131 3047 nomina
3179 2982 3585 3064 antequam

583 3107 837 3157 eorum
870 3105 1175 3156 examen
1207 3087 1619 3169 inchoetur,
1664 3092 1825 3169 aut,
1861 3087 1928 3154 si
1961 3085 2070 3169 id,·
2104 3086 2451 3172 prudenti
2490 3087 2762 3155 iudicis
2802 3087 3383 3170 existimatione,
3423 3086 3585 3155 fleri

573 3200 735 3268 sine
754 3199 966 3285 gravi
990 3197 1428 3266 difficultate
1456 3202 1796 3283 nequeat,
1823 3197 2086 3265 saltem
2110 3203 2285 3266 ante
2309 3197 2915 3271 testifica-tionum
2927 3194 3579 3281 publicationem⁸.

1853 3374 2033 3442 CAN.
2087 3374 2283 3441 1764.

763 3514 798 3598 5
844 3516 911 3582 1.
962 3514 1216 3585 Testes
1259 3514 1529 3585 debent
1562 3532 1651 3583 ex
1699 3513 1938 3583 officio
1970 3514 2290 3597 excludi,
2333 3514 2399 3582 si
2444 3512 2676 3581 iudici
2715 3513 3000 3598 liquido
3042 3517 3338 3583 constet
3370 3533 3507 3585 eos
3538 3533 3588 3582 a

581 3622 1009 3691 testimonio
1043 3623 1349 3693 ferendo
1387 3622 1788 3710 prohiberi,
1833 3623 2040 3691 salvo
2077 3624 2539 3709 praescripto
2576 3641 2742 3691 can.
2785 3623 2981 3690 1758.

757 3729 792 3813 5
838 3730 906 3796 2.
955 3731 1098 3800 Ast
1165 3731 1416 3808 etiam,
1481 3732 1910 3817 postulante
1978 3731 2429 3815 adversario,
2492 3737 2719 3801 testes
2778 3731 3218 3801 excludendi
3263 3733 3582 3816 sunt,·si

579 3837 785 3907 iusta
836 3838 1285 3907 exclusionis
1324 3858 1549 3908 causa
1593 3841 2168 3923 demonstretur,
2221 3859 2406 3927 quae
2452 3841 2779 3909 exclusio
2821 3840 3105 3910 dicitur
3151 3839 3582 3925 reprobatio

580 3961 937 4030 personae
971 3945 1186 4014 tostis
1227 3946 1279 4015 ⁸.

757 4053 792 4137 5
837 4053 906 4122 3.
956 4052 1146 4122 Pars
1186 4055 1444 4140 nequit
1479 4056 1873 4140 reprobare
1913 4073 2300 4141 personam
2339 4056 2556 4125 testis
2592 4074 2804 4142 quem
2841 4057 3007 4141 ipsa
3052 4053 3380 4139 induxit,
3433 4055 3583 4123 nisi

580 4177 774 4228 nova
831 4161 1374 4245 reprobationis
1425 4180 1652 4231 causa
1718 4164 2252 4248 supervenerit,
2314 4164 2648 4250 quamvis
2715 4164 2953 4250 pomt
3009 4163 3169 4233 eius
3221 4162 3436 4232 dicta
3474 4182 3577 4231 re·

581 4267 918 4350 probare.

763 4481 785 4517 ¹
821 4480 888 4534 Ο.
930 4481 1013 4542 18,
1045 4482 1111 4541 Χ,
1147 4483 1218 4534 de
1257 4482 1506 4533 mribus
1539 4485 1598 4533 et
1639 4481 2144 4542 attestationibus,
2181 4484 2263 4545 11,
2296 4484 2379 4547 2⁰5
2408 4495 2458 4537 c.
2492 4484 2543 4546 2,
2579 4484 2631 4546 3,
2667 4485 2734 4546 Χ,
2771 4484 2843 4534 de
2878 4483 3129 4535 testibus
3170 4481 3452 4543 comio
3486 4482 3578 4533 oei

577 4581 716 4630 non,
753 4571 835 4632 11,
871 4563 1202 4624 21.—Vlde
1230 4572 1415 4625 etiam
1455 4584 1585 4625 can.
1620 4572 1768 4634 1975,
1806 4573 1834 4634 5
1870 4574 1921 4626 1.

752 4670 776 4703 ²
822 4662 887 4714 Ο.
921 4662 973 4722 3,
1008 4662 1072 4715 O.
1121 4663 1221 4724 1v,
1257 4676 1312 4725 q.
1351 4662 1386 4715 2
1415 4666 1479 4715 et
1517 4664 1568 4726 ὃς
1600 4664 1862 4726 Regulae
1896 4663 2222 4716 servandae
2258 4664 2322 4715 in
2359 4664 2596 4717 iudiciis
2630 4663 2789 4725 apud
2826 4663 2884 4717 S.
2932 4664 3004 4716 B.
3040 4662 3233 4716 Rotae
3264 4661 3575 4722 Tribunl.

576 4753 611 4804 4
640 4765 775 4816 aug.
812 4753 959 4812 1910,
996 4753 1022 4814 5
1064 4752 1179 4805 118.

752 4848 778 4885 ⁸
823 4843 1083 4907 Regulae
1111 4843 1437 4896 servandae
1466 4844 1530 4894 ln
1557 4843 1797 4897 iudiciis
1831 4843 1989 4905 apud
2020 4843 2078 4897 S.
2109 4844 2179 4896 Β.
2218 4843 2408 4899 Rotae
2432 4844 2739 4906 Tribunal,
2768 4847 2801 4897 4
2831 4858 2966 4909 aug.
2998 4846 3148 4908 mo,
3180 4846 3210 4909 5
3240 4848 3361 4910 114,
3399 4861 3460 4900 n.
3490 4848 3543 4901 3,

751 4942 778 4980 4
819 4936 885 4988 Ο.
916 4934 1000 4995 36,
1031 4935 1115 4995 37,
1147 4934 1213 4995 Χ,
1255 4937 1326 4986 ae
1358 4934 1609 4985 testibus
1639 4939 1699 4987 et
1730 4932 2236 4994 attestationibus,
2271 4935 2354 4997 11,
2386 4935 2467 4997 203
2495 4947 2544 4986 c.
2586 4935 2637 4996 2,
2671 4938 2742 4988 dc
2773 4934 3083 4987 verborum
3122 4935 3572 4998 sienim,

578 5027 646 5084 V.
679 5027 764 5087 11,
801 5025 864 5076 ln
894 5025 1075 5076 Olem.

751 5121 775 5154 ⁸
819 5114 883 5167 C.
915 5115 999 5173 24.
1030 5115 1097 5175 Χ,
1130 5117 1200 5165 de
1237 5113 1732 5174 accusationibus,
1764 5113 2246 5176 inquisitionibus
2276 5120 2336 5168 et
2366 5115 2938 5176 denunciationibu,
2971 5117 3042 5178 V,
3077 5119 3129 5169 1.

750 5210 776 5246 ⁸
816 5204 879 5256 O.
909 5205 958 5261 3.
987 5203 1052 5255 C.
1092 5203 1192 5263 lv,
1220 5217 1274 5265 q.
1304 5204 1337 5254 2
1367 5207 1430 5256 et
1454 5206 1504 5266 ὃς
1532 5217 1582 5256 c.
1615 5206 1665 5266 2,
1697 5207 1762 5265 Χ,
1793 5208 1865 5258 de
1895 5207 2098 5258 ordine
2128 5206 2543 5269 monitionum,
2574 5208 2655 5268 11.
2686 5210 2768 5271 103
2794 5220 2846 5260 c.
2877 5208 2962 5271 81,
2992 5208 3077 5270 54,
3108 5208 3175 5270 Χ,
3217 5211 3291 5261 ac
3322 5209 3568 5262 maban

576 5299 636 5347 et
671 5293 1178 5353 attestationibus,
1215 5294 1298 5354 11.
1331 5293 1411 5356 2⁰3
1452 5305 1503 5345 c.
1535 5296 1587 5356 1,
1619 5295 1686 5354 Χ,
1725 5297 1796 5346 ae
1831 5296 2290 5359 acceptionibus,
2329 5298 2412 5359 11,
2444 5298 2525 5362 ὥς
2558 5310 2610 5351 c.
2642 5298 2693 5359 2,
2735 5301 2807 5352 de
2846 5298 3098 5351 testibus
3137 5302 3198 5352 ei
3236 5298 3565 5351 ottonum

572 5387 767 5445 nibus,
809 5385 891 5446 11,
924 5385 1006 5446 10,
1041 5385 1104 5436 ln
1142 5384 1269 5437 V10.
