3753 5871
1217 381 1393 433 Liber
1437 381 1696 443 Quartus
1730 405 1750 416 ·
1783 380 1872 431 De
1917 379 2293 431 Processtbus
3147 371 3256 431 507

263 577 532 645 centur
552 573 645 643 de
664 572 979 642 scientia
1000 572 1330 658 propria,
1356 568 1722 639 sufficiens
1743 568 2086 655 probatio
2111 567 2446 651 habetun
2471 564 2619 633 nisi
2644 565 2725 632 in
2747 562 3005 648 aliqua
3026 578 3255 631 causa

270 683 494 752 iudex
539 682 632 751 ob
676 681 1071 751 maximam
1109 678 1386 766 negotii
1429 677 1901 766 gravitatem,
1940 676 2057 745 vel
2095 676 2186 743 ob
2231 675 2512 744 indicia
2549 690 2737 759 quae
2780 669 3083 757 aliquod
3121 669 3249 738 du·

269 792 473 861 bium
524 790 615 859 de
656 791 972 930 veritate
1015 788 1124 857 rei
1170 792 1498 856 assertae
1540 786 1915 872 ingerunt,
1965 782 2452 852 necessariam
2496 785 2794 850 censeat
2850 778 3251 864 pleniorem

272 900 780 985 probationem
864 942 883 960 .

1529 1090 1975 1160 ΟΔΡστΙΙΙ.

1432 1216 1567 1284 De
1641 1215 2107 1302 peritis.

1547 1377 1726 1446 CAN.
1784 1376 1980 1446 1792.

449 1504 870 1574 Peritorum
901 1521 1126 1588 opera
1162 1503 1518 1572 utendum
1546 1507 1662 1571 est
1698 1502 1986 1588 quoties
2017 1520 2107 1571 ex
2138 1501 2328 1570 iuris
2353 1501 2474 1570 vel
2501 1500 2772 1570 iudicis
2802 1500 3264 1585 praescripto

275 1606 534 1680 eorum
555 1628 861 1681 examen
887 1616 964 1680 et
987 1606 1241 1680 votum
1279 1611 1689 1698 requiritur
1714 1610 1811 1678 ad
1846 1610 2132 1678 factum
2161 1608 2463 1694 aliquod
2489 1607 3113 1693 comprobandum
3144 1607 3260 1676 vel

275 1718 375 1788 ad
417 1737 667 1787 veram
702 1719 1022 1788 alicuius
1059 1719 1166 1788 rei
1204 1721 1549 1787 naturam
1595 1717 2166 1804 dignoscendam
2209 1715 2261 1780 ¹.

1557 1879 1735 1949 om.
1773 1878 1969 1947 1796.

449 2005 483 2089 5
529 2007 597 2073 1.
645 2006 929 2075 Iudicis
956 2014 1072 2074 est
1104 2004 1384 2090 peritos
1412 2004 1682 2089 eligere
1708 2003 1825 2071 vel
1859 2003 2250 2089 designare
2291 1998 2345 2066 ⁸.

448 2114 482 2197 5
528 2114 596 2182 2.
645 2114 864 2182 Hanc
893 2112 1476 2198 designationem
1507 2112 1589 2179 in
1623 2112 1872 2180 causis
1902 2128 2101 2180 mere
2132 2110 2449 2196 privatis
2480 2109 2702 2179 iudex
2735 2109 2982 2178 facere
3019 2110 3265 2194 potest

282 2225 548 2307 rogatu
581 2221 969 2306 utriusque
998 2220 1239 2306 partis
1274 2216 1394 2288 vel
1431 2220 1656 2288 etiam
1688 2218 2154 2301 alterutrius,
2189 2218 2429 2286 altera
2460 2221 2710 2285 tamen
2742 2216 3268 2300 consentiente3

282 2330 363 2397 in
403 2329 652 2397 causis
690 2347 866 2398 vero
905 2329 1175 2397 bonum
1227 2328 1603 2413 publicum
1648 2326 2237 2412 respicientibus,
2281 2326 2542 2394 audito
2592 2329 3013 2411 promotore
3055 2324 3262 2392 iusti·

281 2434 434 2505 tiae
465 2441 602 2505 aut
630 2435 912 2504 vinculi
943 2429 1328 2504 defensore
1371 2433 1425 2499 ⁴.

461 2541 495 2625 5
539 2541 608 2610 3.
659 2542 1022 2611 Prudenti
1078 2542 1348 2611 iudicis
1407 2542 1727 2610 arbitrio
1785 2542 2236 2627 relinquitur
2292 2559 2521 2608 unum
2591 2539 2931 2625 pluresve
2991 2538 3271 2623 peritos

282 2648 552 2735 eligere
581 2668 721 2735 pro
747 2667 1015 2719 causae
1049 2654 1320 2718 natura
1353 2655 1429 2719 et
1471 2650 1577 2719 rei
1618 2649 2079 2733 difficultate,
2118 2649 2264 2716 nisi
2297 2650 2415 2716 lex
2448 2648 2613 2733 ipsa
2651 2664 3035 2716 numerum
3079 2645 3265 2731 peri·

283 2760 530 2824 torum
572 2756 969 2843 praefiniat
1007 2758 1061 2826 ⁸.

1562 2864 1737 2934 om.
1771 2864 1967 2933 1794.

463 3006 883 3075 Peritorum
922 3009 1037 3075 est
1071 3005 1417 3092 peritiam
1457 3023 1666 3074 suam
1713 3005 1809 3073 ad
1856 3005 2200 3073 veritatis
2237 3010 2313 3074 et
2351 3004 2685 3072 iustitiae
2724 3001 2919 3088 leges
2956 2999 3270 3085 exigere,

287 3132 521 3200 neque
554 3115 830 3182 falsum
873 3113 1308 3183 affirmando
1342 3131 1574 3199 neque
1609 3132 1863 3181 verum
1904 3111 2364 3195 occultando;
2401 3112 2482 3179 in
2520 3129 2663 3197 quo
2698 3110 2765 3178 si
2799 3107 3274 3194 deliquerint,

284 3221 701 3308 puniantur
731 3222 829 3290 ad
870 3240 1201 3291 normam
1231 3239 1398 3291 can.
1435 3220 1633 3301 1743,
1675 3220 1710 3304 5
1752 3220 1820 3289 3.

1566 3379 1745 3447 CAN.
1777 3378 1974 3447 1795.

467 3506 501 3588 5
549 3509 615 3572 1.
663 3505 782 3574 Ad
822 3505 1048 3592 periti
1093 3521 1388 3585 munus,
1431 3503 1700 3572 ceteris
1738 3502 2071 3587 paribus,
2114 3501 2565 3588 deligantur,
2622 3502 2748 3587 qui
2790 3501 3276 3587 competentis

289 3614 776 3699 magistratus
814 3613 1265 3681 auctoritate
1304 3611 1552 3680 idonei
1590 3610 1878 3678 fuerint
1916 3609 2398 3694 comprobati.

463 3723 497 3806 5
544 3722 612 3790 2.
661 3721 806 3820 Qui
844 3740 889 3789 a
927 3721 1352 3791 testimonio
1386 3720 1693 3789 ferendo
1721 3718 2222 3788 excluduntur
2251 3718 2348 3786 ad
2380 3735 2713 3787 normam
2741 3735 2908 3785 can.
2948 3716 3148 3800 1757,
3183 3736 3277 3786 ne

285 3831 384 3900 ad
422 3831 828 3918 peritorum
862 3830 1153 3916 quidem
1184 3828 1499 3897 officium
1529 3827 1808 3896 assumi
1843 3831 2182 3912 possunt.
3152 3829 3159 3836 “

1579 3988 1758 4058 om.
1794 3986 1990 4056 1796.

470 4116 505 4199 5
551 4118 618 4184 1.
666 4116 985 4185 Easdem
1017 4115 1109 4186 ob
1134 4132 1412 4200 causas,
1437 4113 1702 4200 quibus
1727 4115 1982 4196 testes,
2013 4117 2325 4199 possunt
2360 4117 2437 4181 et
2463 4112 2690 4197 periti
2720 4114 3049 4181 recusari
3110 4112 3161 4180 ⁸.

469 4223 503 4306 5
544 4223 618 4291 ’2.
667 4223 902 4293 Iudex
936 4241 1071 4292 suo
1094 4222 1394 4292 decreto
1416 4221 1661 4291 edicat
1688 4226 1943 4289 utrum
1978 4222 2080 4300 sit
2105 4220 2569 4289 admittenda-
2598 4221 2992 4304 recusatio,
3027 4237 3252 4288 necne
3257 4267 3277 4303 ,

287 4340 389 4419 et,
422 4334 886 4403 recusatione
913 4332 1263 4414 admissa,
1294 4332 1375 4399 in
1410 4331 1653 4399 locum
1684 4330 1912 4415 periti
1941 4328 2265 4398 recusati
2294 4330 2525 4397 alium
2564 4327 2905 4397 sufficiat.

477 4526 501 4563 ²
535 4525 601 4578 O.
632 4525 716 4587 32,
745 4525 813 4586 X,
841 4525 914 4576 ao
941 4523 1223 4575 motione
1257 4527 1317 4575 et
1345 4523 1520 4575 electi
1553 4525 1866 4583 potestate,
1897 4523 1947 4582 1,
1978 4522 2028 4585 6;
2053 4533 2103 4574 c.
2134 4522 2217 4584 24,
2251 4522 2335 4583 47,
2373 4523 2440 4582 Χ,
2474 4521 2545 4573 de
2580 4521 2829 4573 testibus
2858 4523 2917 4572 et
2947 4520 3280 4571 attestatio·

297 4617 492 4675 nibus,
525 4615 611 4677 11,
644 4615 726 4668 20.

467 4714 494 4748 ¹
533 4706 600 4760 Ο.
643 4707 728 4767 14,
760 4706 826 4766 X,
865 4705 936 4756 de
978 4701 1441 4764 probationibus,
1479 4704 1561 4764 11,
1596 4704 1680 4765 19;
1711 4715 1763 4755 c.
1794 4702 1845 4765 6,
1878 4703 1928 4765 7,
1959 4703 2027 4764 X,
2067 4703 2138 4754 de
2169 4701 2433 4763 rapidis,
2469 4706 2530 4754 et
2563 4699 2955 4761 καταπαῦσαι,
2996 4705 3055 4753 et
3104 4698 3279 4759 tmpo-

301 4797 490 4848 tenua
516 4797 782 4856 meandi,
812 4796 915 4857 1v,
941 4794 1024 4858 153
1052 4794 1112 4848 S.
1143 4794 1209 4848 0.
1244 4792 1304 4847 8.
1336 4792 1475 4854 Off„
1505 4793 1677 4845 instr.
1703 4806 1772 4866 a.
1805 4792 1954 4856 185&
1979 4793 2152 4846 lustr.
2192 4792 2295 4853 (ad
2322 4793 2427 4854 Ep.
2461 4792 2708 4845 Bituum
2737 4791 3013 4853 orient),
3043 4803 3099 4842 a.
3131 4789 3280 4850 1883,

301 4888 397 4942 tit.
430 4889 534 4949 VI,
561 4890 676 4941 art.
710 4888 761 4951 5;
787 4887 846 4940 S.
877 4886 943 4940 G.
975 4885 1063 4947 0.,
1092 4886 1261 4939 instr.
1290 4884 1356 4936 22
1381 4897 1515 4947 aug.
1541 4883 1688 4948 184oe
1712 4883 1975 4945 Regulae
1999 4882 2324 4936 servandae
2355 4885 2419 4934 in
2451 4881 2691 4934 iudiciis
2715 4880 2874 4943 apud
2903 4880 2962 4934 S.
2990 4881 3064 4933 Β.
3094 4881 3286 4935 Rotae

297 4978 605 5039 Tribunal,
634 4979 668 5028 4
694 4989 831 5040 aug.
859 4977 1008 5039 1910,
1039 4976 1067 5039 1
1096 4976 1212 5029 164.

473 5072 498 5108 ³
539 5067 598 5121 8.
629 5067 695 5121 0.
727 5066 815 5128 0.,
857 5067 1028 5119 lustr.
1063 5067 1130 5118 22
1166 5078 1300 5128 aug.
1334 5065 1481 5128 1840:
1510 5065 1772 5127 Regulae
1804 5064 2130 5118 servandae
2162 5064 2227 5116 in
2258 5063 2497 5117 iudiciis
2526 5061 2685 5124 apud
2719 5061 2778 5116 S.
2816 5062 2888 5114 R.
2933 5061 3123 5114 Rotae
3154 5062 3280 5112 Tri·

300 5158 500 5227 hunul,
532 5159 566 5209 4
593 5169 730 5220 aug.
764 5157 913 5218 1910,
948 5155 976 5218 1
1009 5156 1125 5209 120.
1277 5200 1288 5214 ,

471 5254 499 5289 ⁴
537 5249 793 5312 Regulae
826 5246 1151 5300 servandae
1185 5247 1248 5297 in
1279 5245 1519 5299 iudiciis
1549 5246 1707 5308 apud
1744 5244 1802 5298 S.
1847 5245 1920 5297 B.
1960 5246 2150 5299 Rotae
2179 5245 2486 5305 Tribunal,
2520 5245 2554 5295 4
2584 5255 2721 5306 aug.
2758 5243 2907 5303 1910,
2946 5240 2974 5303 1
3008 5241 3123 5303 120,
3160 5241 3277 5302 121,

301 5351 359 5391 n.
398 5340 449 5400 2,
480 5339 747 5402 8,1123,
778 5350 837 5390 n.
866 5339 918 5390 1.

472 5436 498 5470 ⁸
549 5432 809 5493 Regulae
844 5428 1171 5482 servandae
1198 5429 1261 5479 in
1289 5428 1528 5481 iudiciis
1554 5427 1713 5488 apud
1746 5425 1805 5479 S.
1836 5427 1908 5479 Β.
1946 5427 2134 5480 Rotae
2161 5425 2467 5486 Tribunal,
2498 5426 2530 5476 4
2557 5436 2693 5487 aug.
2727 5424 2876 5484 1910,
2911 5421 2939 5484 1
2969 5422 3084 5474 122.

472 5526 497 5561 ⁸
548 5523 614 5576 ο.
643 5521 727 5580 14,
766 5521 831 5579 x,
867 5520 938 5570 de
975 5517 1439 5579 probationibus,
1470 5518 1553 5581 11,
1586 5518 1667 5571 19.
