3753 5871
1241 583 1820 636 vnunmmmnus
1868 582 2274 633 FRATRIBUS

1395 744 1485 795 m·
1531 742 1856 794 mmc'rls
1902 742 2117 794 rmus

279 902 795 970 immunem&
837 902 1306 970 PmuATlBUS,
1345 901 1965 966 Ancumplscoms‚
2008 900 2373 951 EPISGOPIS
2420 899 2756 962 ALIISQUE
2803 898 3223 950 ORDINARIIS

1476 1062 1567 1112 Ac
1616 1062 2032 1112 Pluinnam

537 1223 1115 1274 mummolinum
1169 1222 1593 1274 STUDIORUM
1640 1221 2230 1273 UNWBRSHATUM
2280 1221 2368 1270 Ac
2418 1220 2971 1271 SEMINARIORUM

1109 1382 1568 1433 nocromnus
1613 1381 1854 1443 A'roum
1903 1380 2414 1432 AUmTomBUS.

761 1703 1777 1797 BENEDICTUS
1890 1701 2762 1795 EPISCOPUS

1310 1898 1586 1950 SERVUS
1642 1898 2031 1949 SERVORUH
2087 1899 2206 1948 Dm

1157 2041 1254 2091 AD
1306 2041 1737 2091 PBRPtTUAu
1784 2041 1906 2091 nm
1955 2040 2366 2091 murionum.

273 2323 481 2466 γῇ
515 2306 1210 2386 rovidentissima
1237 2308 1513 2386 Mater
1538 2306 1936 2399 Ecclesia,
1968 2309 2090 2387 ita
2121 2330 2173 2385 a
2205 2305 2658 2385 Conditore
2696 2304 3033 2383 Christo
3065 2326 3250 2382 con-

274 2423 481 2536 Lbss*
542 2452 870 2541 stituta,
906 2453 1007 2529 ut
1037 2451 1433 2529 omnibus
1472 2452 1895 2530 instructa
1931 2453 2152 2530 esset
2183 2450 2406 2528 notis
2440 2471 2658 2553 quae
2692 2449 3042 2529 cuilibet
3074 2470 3252 2550 per-

265 2592 537 2671 fectae
581 2594 967 2673 societati
1011 2597 1513 2696 congruunt,
1559 2593 1759 2673 inde
1806 2618 1860 2674 a
1903 2596 2080 2673 suis
2133 2593 2644 2697 primordiis,
2701 2615 2920 2685 cum,
2969 2593 3251 2670 Domi-

269 2737 461 2815 nico
496 2737 968 2839 obsequens
1000 2737 1430 2829 mandato,
1466 2737 1762 2818 docere
1793 2760 1892 2817 ac
1927 2759 2208 2839 regere
2248 2759 2541 2816 omnes
2581 2738 2873 2839 gentes
2915 2736 3257 2843 incepit,

266 2900 666 2982 aggressa
688 2882 817 2959 est
840 2881 1015 2959 iarn
1049 2885 1236 2961 tum
1271 2881 1488 2960 sacri
1517 2880 1839 2960 ordinis
1867 2881 2248 2959 virorum
2276 2852 2960 2983 christianaeque
2987 2878 3257 2983 plebis

271 3021 821 3123 disciplinam
862 3022 1090 3101 datis
1127 3022 1456 3123 legibus
1495 3023 1917 3102 moderari
1956 3045 2055 3102 ac
2103 3023 2350 3102 tueri.

473 3164 991 3244 Procedente
1027 3168 1314 3244 autem
1348 3169 1746 3266 tempore,
1775 3164 2276 3267 praesertim
2312 3188 2506 3244 cum
2537 3168 2745 3245 sein
2779 3168 3259 3246 libertatern

272 3308 752 3387 vindicavit
796 3311 881 3387 et
931 3332 1082 3411 per
1122 3308 1449 3387 maiora
1489 3311 1582 3388 in
1625 3308 1806 3387 dies
1853 3310 2381 3387 incrementa
2446 3309 2706 3387 latius
2772 3308 3090 3409 ubique
3132 3309 3263 3386 est

273 3455 770 3554 propagata,
818 3452 953 3531 ius
1000 3451 1543 3532 ferendarum
1607 3454 1892 3554 legum
1968 3451 2406 3554 proprium
2448 3474 2547 3530 ac
2585 3449 2978 3529 nativum
3042 3447 3261 3528 evol-

271 3618 467 3675 vere
520 3597 779 3698 atque
818 3595 1242 3698 explicare
1281 3617 1730 3698 nunquam
1781 3596 2135 3687 destitit,
2184 3595 2644 3697 multiplici
2694 3616 2793 3673 ac
2836 3594 3079 3673 varia
3122 3593 3257 3672 de-

273 3741 700 3817 cretorum
720 3703 971 3840 copia
992 3759 1142 3840 per
1169 3736 1600 3818 Romanos
1623 3736 2079 3818 Pontifices
2101 3741 2185 3817 et
2209 3737 2813 3818 oecumenicas
2845 3736 3256 3838 Synodos,

273 3902 428 3982 pro
463 3903 552 3957 re
580 3902 679 3958 ac
704 3884 1108 3981 tempore,
1144 3881 1709 3982 promulgata.
1747 3881 2001 3958 Hisce
2040 3902 2238 3961 vero
2266 3878 2595 3981 legibus
2622 3879 3262 3980 praeceptisque

272 4025 462 4102 tum
529 4024 731 4101 cleri
794 4023 1259 4125 populique
1303 4024 1769 4104 Christiani
1844 4023 2275 4104 consuluit
2342 4023 2735 4123 regimini
2805 4022 3256 4123 sapienter,

272 4167 463 4243 tum
495 4165 803 4267 ipsam,
851 4168 949 4245 ut
982 4166 1341 4247 historia
1376 4169 1762 4259 testatur,
1812 4168 1934 4245 rei
1970 4167 2359 4267 publicae
2403 4166 2866 4246 utilitatem
2902 4164 3265 4244 civilem-

275 4328 441 4406 que
491 4307 821 4386 cultum
869 4307 1226 4386 mirifice
1282 4308 1698 4410 provexit.
1756 4308 2046 4410 Neque
2093 4307 2323 4387 enirn
2374 4307 2648 4386 solum
2707 4305 3264 4385 barbararum

273 4448 663 4550 gentium
706 4450 932 4551 leges
966 4450 1302 4529 curavit
1335 4450 1714 4529 Ecclesia
1749 4449 2285 4551 abrogandas
2331 4449 2718 4548 ferosque
2755 4469 3049 4526 earum
3096 4469 3266 4523 mo-

282 4614 417 4669 res
463 4590 575 4669 ad
624 4591 1254 4670 humanitatem
1295 4590 1906 4682 informandos,
1960 4590 2105 4670 sed
2147 4592 2429 4692 ipsum
2475 4611 2809 4689 quoque
2850 4589 3266 4666 Romano-

278 4757 472 4813 rum
525 4736 681 4827 ius,
736 4737 1071 4837 insigne
1123 4737 1437 4840 veteris
1498 4737 1966 4838 sapientiae
2032 4736 2706 4824 monumentum,
2764 4731 2990 4834 quod
3044 4729 3264 4808 ratio

275 4880 596 4979 sc‘n'pta
619 4882 749 4957 est
777 4879 1082 4957 merito
1112 4882 1729 4981 nuncupatum,
1760 4879 2035 4958 divini
2059 4878 2411 4955 luminis
2439 4875 2761 4955 auxilio
2790 4876 3026 4965 freta,
3062 4877 3266 4952 tem-

275 5023 609 5122 peravit
636 5024 1276 5123 correctumque
1301 5021 1764 5101 christiane
1790 5022 2163 5123 perfecit,
2193 5044 2460 5123 usque
2493 5020 2701 5098 adeo
2728 5024 2845 5112 ut,
2873 5019 3267 5097 instituto

280 5168 590 5245 rectius
639 5188 740 5244 ac
792 5166 1113 5267 passim
1177 5164 1549 5266 expolito
1612 5167 1949 5267 privato
2001 5167 2087 5244 et
2136 5163 2476 5267 publico
2528 5186 2829 5266 genere
2892 5164 3262 5253 vivendi,

275 5311 449 5387 sive
498 5311 783 5388 aetate
835 5307 1120 5386 media
1168 5308 1346 5385 sive
1407 5308 1866 5386 recentiore
1928 5308 2375 5386 materiam
2426 5305 2753 5408 legibus
2804 5305 3265 5384 condendis

275 5441 480 5529 satis
518 5448 907 5549 amplam
952 5447 1409 5548 paraverit.
