3753 5871
588 268 700 327 672
1732 269 1931 322 006oe
1974 269 2138 322 luo-te
2177 270 2458 323 Οσηοπίοί

600 456 789 518 tibus
834 455 1059 519 verbis
1113 455 1203 518 ad
1247 454 1605 519 electionis
1649 455 1999 534 negotium
2056 455 2191 519 rite
2235 460 2311 519 et
2354 458 2540 519 recte
2597 454 3054 536 peragendum
3101 455 3411 535 hortatur,
3444 459 3506 521 ad
3608 536 3609 547 χ

551 564 554 567 ’
593 564 809 626 cellas
841 565 1028 627 sorte
1059 563 1246 626 inter
1275 580 1392 625 eos
1428 562 1846 626 distributas
1872 563 2250 626 divertunt.

786 670 1077 733 Interim
1103 670 1442 733 Officiales
1466 670 1830 733 Conclavis
1859 675 1933 737 et
1954 670 2081 733 alii
2111 672 2187 733 in
2213 669 2539 734 Conclavi
2567 671 2942 735 servientes
2970 672 3345 735 iuramenta
3363 672 3513 737 iuxta

587 836 588 839 ,
598 778 1066 855 praescriptas
1098 776 1434 840 formulas
1468 781 1830 857 praestant
1872 795 2102 841 coram
2139 777 2739 842 Caeremoniarum
2778 779 3135 843 Praefecto
3170 778 3270 842 vel
3303 778 3365 841 S.
3403 780 3512 843 (hl-

599 884 760 964 legii
794 884 1203 963 secretario,
1237 887 1326 949 ad
1364 903 1504 949 rem
1536 885 1891 964 deputatis
1926 903 1973 948 a
2000 884 2358 949 Oardinali
2390 885 2811 965 onmem-io,
2851 903 3079 950 coram
3111 902 3244 965 quo
3268 890 3446 950 antea
3466 895 3513 950 et

595 993 684 1055 ab
713 991 888 1071 ipsis
919 992 1400 1054 iusiurandum
1426 991 1875 1056 emittendum
1902 997 2031 1056 est.
2066 993 2345 1057 Pariter
2369 993 2496 1056 hac
2524 994 2759 1057 eadem
2794 993 2929 1072 die,
2958 1010 3091 1072 qua
3120 995 3205 1057 fit
3232 994 3514 1073 ingressu·

593 1100 671 1161 in
702 1100 1062 1178 Conclave,
1107 1100 1474 1162 Praelatus
1506 1101 1914 1164 Pontificiae
1947 1101 2199 1163 Domui
2242 1100 2681 1179 praepositus
2711 1104 2783 1164 et
2816 1100 3262 1164 Marescallus
3297 1100 3513 1164 Concla-

597 1207 700 1269 vis
729 1207 1209 1270 iusiurandum
1240 1208 1554 1271 emittere
1584 1208 1830 1271 debent
1858 1209 2058 1270 iuxta
2089 1211 2398 1271 statutas
2432 1207 2769 1271 formulas
2800 1225 3030 1271 coram
3066 1207 3403 1271 Cardinali
3427 1208 3513 1272 De

596 1332 797 1392 cano,
835 1314 1313 1394 praesentibus
1343 1315 1657 1378 omnibus
1691 1314 2205 1394 Oardinalibus,
2237 1316 2549 1395 idemque
2583 1319 2946 1394 praestant
2980 1316 3308 1394 Praelati‚
3335 1316 3519 1394 quibui

595 1422 958 1485 Conclavis
989 1421 1309 1487 custodia
1333 1422 1791 1486 concreditur.

761 1532 864 1594 46.
903 1531 1228 1609 Tandem,
1258 1535 1619 1610 postquam
1645 1535 1776 1605 ter,
1810 1530 2007 1593 iussu
2041 1530 2438 1594 cardinalis
2471 1531 2754 1610 Decani,
2783 1531 3198 1610 campanula
3224 1536 3517 1610 personat:

593 1639 834 1718 fuerit,
861 1638 1161 1702 exclusis
1185 1639 1523 1715 omnibus,
1550 1639 1665 1717 qui
1698 1639 1772 1700 in
1797 1636 2123 1701 conclavi
2149 1655 2500 1702 remanere
2528 1655 2666 1702 non
2693 1638 2963 1717 debent,
2990 1639 3220 1719 ipsum
3249 1637 3516 1701 Oonclm

591 1746 787 1809 intus
818 1749 891 1810 et
919 1750 1119 1809 extra
1156 1745 1549 1824 claudatur,
1583 1749 1655 1809 et
1684 1744 1910 1809 claves
1953 1744 2023 1807 S.
2062 1746 2144 1808 R.
2183 1747 2265 1807 E.
2310 1743 2706 1809 Camerario
2741 1763 2823 1809 ac
2854 1745 3195 1825 Magistro
3233 1744 3511 1808 oneum

592 1852 866 1915 niarum
892 1857 964 1916 et
992 1853 1341 1916 Praelatis
1366 1852 1768 1915 custodibus
1801 1850 2165 1915 Conclavis
2189 1853 2389 1916 iuxta
2419 1852 2702 1915 solitum
2736 1853 3203 1932 assignentur.

774 1959 1041 2024 Deinde
1086 1959 1395 2049 accensis
1429 1960 1806 2039 tanalibus,
1845 1964 1993 2024 tres
2040 1959 2448 2024 Oardinales
2487 1959 2743 2039 Capita
2781 1960 3119 2025 Ordinum
3159 1963 3234 2023 et
3270 1960 3513 2022 Camen-

590 2067 764 2147 rius,
809 2084 949 2131 una
983 2085 1134 2130 cum
1171 2066 1508 2147 Magistro
1549 2065 2150 2132 Caeremoniarum
2185 2068 2490 2131 latebras
2526 2071 2599 2132 et
2630 2067 2923 2147 angulos
2955 2084 3193 2131 omnes
3225 2065 3515 2130 Condatis

590 2174 962 2254 diligenter
998 2175 1426 2254 perquirant,
1465 2191 1552 2238 ne
1595 2174 1751 2253 quis
1783 2193 1866 2239 ex
1901 2175 2017 2254 iis,
2063 2175 2181 2255 qui
2217 2192 2364 2239 esse
2400 2176 2475 2238 in
2510 2174 2835 2239 Conclavi
2875 2175 3348 2255 prohibentur,
3378 2174 3515 2235 intus

592 2281 1022 2345 remanserit.
1079 2283 1163 2344 In
1203 2281 1528 2347 Concla-vi
1571 2285 1803 2347 autem
1853 2300 2001 2347 esse
2043 2287 2336 2363 possunt
2376 2282 2789 2346 Familiares
2826 2281 3303 2346 Oardinalium
3340 2285 3401 2346 et
3430 2279 3512 2342 alil

591 2387 931 2452 officiales
979 2393 1052 2452 et
1091 2389 1400 2452 Ministri
1441 2388 1827 2469 Conclavis,
1882 2408 2052 2470 quos
2095 2390 2417 2469 superius
2478 2390 2962 2467 recensuimus;
3004 2390 3307 2452 omnium
3345 2390 3513 2451 autem

588 2497 882 2559 istorum
923 2495 1518 2559 Conclavistarum
1552 2497 1932 2576 recognitio
1966 2498 2115 2561 fleri
2159 2497 2381 2576 debet,
2419 2514 2507 2560 ne
2541 2497 2695 2576 quis
2727 2497 2917 2560 inter
2946 2495 3112 2559 illos
3155 2496 3333 2559 torte
3361 2494 3439 2556 sit
3461 2510 3513 2555 ex

586 2603 701 2681 iis,
739 2604 856 2682 qui
885 2604 959 2665 in
992 2602 1320 2667 Conclavi
1347 2621 1496 2667 esse
1523 2620 1661 2666 non
1693 2607 2025 2683 possunt:
2060 2621 2237 2683 quae
2270 2604 2649 2684 recognitio
2677 2607 2759 2667 ut
2785 2604 3043 2667 certius
3073 2603 3228 2682 flat,
3258 2603 3515 2666 iubentur

587 2710 1067 2774 conclavistae
1097 2727 1331 2775 omnes
1359 2710 1626 2777 intrare
1666 2710 2090 2791 Gappellam,
2135 2715 2207 2775 et
2241 2715 2479 2790 postea
2515 2711 2924 2791 singillatim
2958 2713 3407 2774 recensentur.

1869 2956 2108 3021 Onu-r
2146 2958 2272 3020 IV.

894 3096 999 3159 De
1025 3098 1348 3160 clausura
1383 3097 1771 3180 conclavis,
1806 3115 1889 3162 ao
1918 3100 2003 3161 dc
2030 3102 2290 3162 secreto
2320 3099 2654 3160 servando
2685 3099 2760 3160 in
2796 3099 2887 3161 iis
2915 3100 3263 3175 omnibus,

1578 3206 1855 3284 quaein
1890 3205 2216 3268 conclavi
2246 3206 2574 3284 aguntur.

746 3384 848 3447 47.
878 3384 1147 3447 Electio
1175 3384 1436 3448 Summi
1468 3383 1829 3474 Pontificis
1861 3383 2012 3446 fleri
2037 3384 2238 3447 debet
2260 3383 2336 3445 in
2360 3383 2712 3462 conclavi,
2739 3387 2814 3448 et
2842 3401 2923 3447 eo
2947 3382 3194 3447 clauso
3225 3383 3275 3461 ¹,
3301 3379 3515 3445 subluit

580 3495 814 3554 tamen
863 3490 1191 3555 nullitate
1228 3491 1585 3556 electionis
1620 3509 1667 3555 a
1703 3490 2037 3570 Gregorio
2075 3491 2192 3553 XV
2240 3491 2371 3569 (vel
2418 3490 2560 3554 alio
2599 3491 2839 3570 quovis
2877 3491 3159 3555 decreto
3196 3487 3510 3571 pontificio)

580 3600 708 3662 hac
740 3600 825 3663 de
862 3616 937 3663 re
975 3602 1269 3663 statuta.

763 3708 866 3770 48.
894 3707 1241 3770 Tenentur
1262 3723 1527 3785 quoque
1551 3705 1959 3770 Cardinales
1989 3723 2114 3786 pro
2141 3710 2447 3786 tempore
2471 3707 2814 3786 deputati,
2849 3724 2972 3786 per
2995 3725 3071 3771 se
3094 3708 3202 3772 vel
3228 3723 3343 3787 per
3362 3704 3511 3772 alim,

577 3817 793 3880 cellas
832 3815 1307 3879 Oardinalium
1357 3820 1428 3879 et
1475 3814 1617 3877 alia
1656 3813 2022 3878 conclavis
2059 3814 2213 3878 loca
2250 3815 2528 3894 saepius
2566 3814 2852 3878 visitare
2890 3818 2965 3879 et
3012 3813 3376 3895 diligenter
3407 3826 3511 3890 per

580 3924 874 4002 quirere,
916 3942 1002 3987 ne
1045 3921 1410 3986 Conclavis
1444 3922 1766 3985 clausura
1805 3921 1951 3986 ullo
1985 3923 2188 3986 modo
2222 3921 2540 3986 violetur.
2591 3924 2689 3986 Et
2724 3922 2784 3986 si
2822 3922 2985 4001 quid
3022 3924 3174 3988 tale
3210 3920 3510 4002 deprehen·

581 4049 731 4093 sum
766 4030 1006 4110 fuerit,
1051 4034 1370 4094 auctores
1414 4049 1452 4094 e
1486 4030 1810 4092 Oonclavi
1848 4029 2286 4109 expellantur
2319 4034 2390 4094 et
2424 4030 2749 4110 gravibus
2786 4030 3025 4111 poenis
3071 4031 3299 4094 futuri
3333 4025 3510 4091 Ponti-

578 4139 728 4201 ficis
772 4138 1066 4201 arbitrio
1101 4133 1499 4217 plectantur
1540 4140 1591 4199 ¹.

761 4249 862 4308 49.
908 4246 1163 4309 Clauso
1201 4245 1550 4323 Oonclavi,
1592 4245 1769 4308 nulli
1820 4247 1909 4309 ad
1958 4246 2371 4324 colloquium
2410 4263 2565 4310 cum
2605 4245 3099 4310 Cardinalibus
3138 4247 3243 4311 vel
3292 4243 3431 4308 aliis
3460 4240 3509 4300 in

572 4353 902 4416 Conclavi
947 4357 1213 4433 partem
1252 4352 1662 4417 habentibus
1697 4354 2188 4434 admittantur,
2225 4354 2362 4417 nisi
2399 4353 2878 4433 praesentibus
2913 4353 3288 4432 Praelatis,
3321 4350 3511 4430 quibu

573 4461 940 4524 Conclavis
965 4462 1282 4525 custodia
1305 4462 1766 4541 concreditur,
1795 4466 1867 4526 et
1898 4463 2035 4525 nisi
2069 4480 2229 4527 voce
2254 4467 2326 4527 et
2351 4461 2679 4526 idiomate
2702 4461 3136 4542 intelligibili
3170 4460 3506 4541 loquantur·

577 4569 673 4633 Et
706 4571 763 4631 si
799 4569 953 4648 quis
985 4571 1167 4633 forte
1210 4571 1414 4648 (quod
1459 4570 1665 4648 absit)
1707 4569 1885 4633 clam
1927 4571 2153 4650 ipsum
2187 4569 2525 4633 Conclave
2557 4570 3015 4650 ingrediatur,
3057 4570 3244 4633 omni
3286 4570 3506 4632 bonon.

571 4678 819 4756 gradu,
855 4681 1063 4756 atque
1094 4677 1313 4741 officio
1352 4681 1426 4741 et
1459 4677 1783 4741 beneficio
1816 4678 1971 4756 ipso
2007 4677 2196 4741 facto
2229 4678 2544 4757 privatus
2577 4677 2836 4741 existat
2871 4680 2920 4740 ⁸.

759 4786 860 4848 50.
900 4786 1234 4848 Volumus
1267 4785 1431 4849 item
1469 4789 1551 4849 ut
1586 4785 1943 4865 epistolae,
1989 4790 2113 4849 aut
2151 4785 2456 4849 cuiusvis
2497 4786 2768 4865 generis
2802 4786 3092 4865 scripta,
3132 4786 3334 4850 etiam
3366 4776 3506 4858 typi!

572 4892 785 4972 edita,
825 4898 975 4957 tum
1007 4894 1097 4956 ad
1127 4910 1266 4972 eos,
1300 4895 1417 4972 qui
1456 4894 1529 4955 in
1563 4893 1889 4957 conclavi
1921 4898 2088 4958 sunt
2124 4897 2288 4973 (non
2328 4893 2630 4973 exceptis
2663 4895 2839 4973 ipsis
2881 4894 2951 4958 S.
2990 4895 3076 4958 R.
3115 4896 3198 4957 E.
3235 4888 3501 4956 carum

803 5063 968 5130 cmg.
1005 5063 1052 5115 x
1084 5078 1202 5131 cap.
1234 5064 1267 5115 a
1304 5084 1329 5112 ‹
1361 5063 1473 5117 mn·
1496 5063 1834 5132 pov-scutum
1858 5085 1908 5126 ›‚
1931 5063 1965 5131 g
1986 5066 2012 5117 1
2036 5063 2109 5116 ao
2131 5063 2288 5116 elect.
2321 5062 2513 5125 1,an
2534 5063 2711 5125 som
2733 5061 2900 5130 cmg.
2925 5062 3024 5116 xv
3058 5062 3249 5117 eonst.
3277 5051 3504 5112 «Am

566 5163 842 5224 Patris»,
874 5161 908 5229 fi
941 5164 986 5214 1.

754 5265 776 5298 ⁸
807 5261 892 5314 Pii
924 5260 999 5313 1v
1031 5260 1222 5314 Const.
1263 5280 1288 5308 ε
1310 5260 1385 5312 In
1415 5260 1703 5326 diffundis
1723 5282 1773 5323 »,
1806 5260 1839 5327 fi
1873 5261 1952 5314 15.

754 5362 775 5391 ⁸
806 5358 971 5427 Greg.
1011 5359 1061 5412 X
1100 5373 1221 5425 cap.
1255 5361 1289 5413 3
1324 5379 1350 5405 e
1381 5359 1489 5412 Ubi
1528 5359 1933 5427 perieulum»,
1966 5358 2000 5427 5
2034 5362 2058 5412 1
2092 5359 2166 5413 de
2196 5359 2353 5414 elect.
2390 5359 2434 5422 1,
2465 5357 2500 5410 6
2530 5358 2593 5411 in
2625 5358 2800 5423 Sext.;
2848 5357 2931 5411 Pii
2963 5359 3039 5412 1v
3071 5360 3261 5415 coust.
3297 5356 3398 5409 «lu
3430 5349 3501 5404 οὔ·

563 5460 779 5525 oendie
799 5478 847 5519 ι,
881 5458 914 5525 g
948 5459 1023 5511 19.
3608 5453 3609 5458 ’
