3753 5871
1091 335 1270 386 labor
1312 333 1573 396 Quartus
1609 358 1629 370 ·
1663 331 1752 383 Do
1790 330 2167 383 Pmoembu
3009 323 3119 381 579

1295 736 1539 838 PARS
1604 734 1955 836 TERTIA

987 951 1137 1035 DE
1198 945 1502 1035 MODO
1558 944 2270 1033 PROCEDENDI

533 1114 651 1199 IN
715 1109 1332 1199 NONNULLIS
1395 1105 2155 1195 EXPEDIENDIS
2219 1103 2723 1191 NEGO'mS

305 1276 523 1360 VEL
593 1269 1383 1362 SANCTIONHHJS
1449 1265 2151 1356 POENALIBUS
2206 1264 2954 1351 APPLIGANDIS

1406 1712 1585 1781 om.
1634 1710 1834 1778 2142.

321 1862 413 1928 In
458 1860 919 1945 processibus
959 1858 1053 1926 de
1093 1857 1360 1943 quibus
1421 1856 1650 1938 infra,
1717 1854 2159 1922 adhibeatur
2226 1871 2510 1937 semper
2586 1852 2950 1953 notarius,
3002 1852 3129 1937 qui

153 1969 429 2054 scripto
475 1967 859 2052 consignet
899 1970 1072 2034 acta
1112 1983 1298 2050 quae
1338 1964 1434 2032 ab
1476 1963 1814 2033 omnibus
1857 1961 2219 2029 subscribi
2270 1961 2540 2029 debent
2579 1969 2654 2031 et
2705 1961 2785 2027 in
2830 1960 3133 2028 archivo

154 2076 430 2143 servari
476 2077 525 2144 ².

1406 2195 1584 2263 CAN.
1642 2194 1840 2263 2143.

329 2344 363 2426 5
410 2346 477 2409 1.
526 2343 832 2423 Quoties
864 2340 1304 2407 monitiones
1328 2338 1962 2423 praescribuntur,
1992 2337 2130 2405 bae
2161 2336 2323 2404 fleri
2347 2336 2615 2404 debent
2649 2334 2764 2402 vel
2791 2337 3134 2401 oretenus

151 2470 398 2519 coram
427 2450 875 2519 cancellario
909 2448 1147 2516 aliove
1175 2446 1467 2520 officiali
1500 2446 1771 2517 Curiae
1803 2450 1941 2514 aut
1974 2444 2263 2512 duobus
2292 2443 2633 2527 testibus,
2668 2442 2784 2510 vel
2815 2459 2946 2526 per
2982 2439 3129 2524 epi-

155 2558 419 2627 stolam
456 2558 552 2626 ad
589 2574 920 2625 normam
955 2573 1119 2622 can.
1162 2555 1334 2621 1719
1383 2552 1435 2617 ’.

332 2665 366 2747 5
413 2665 479 2730 2.
529 2664 885 2732 Peractae
926 2662 1356 2730 monitionis
1395 2662 1696 2746 eiusque
1745 2660 2026 2728 tenoris
2067 2659 2586 2727 documentum
2628 2656 3136 2725 authenticum

154 2774 232 2839 in
273 2772 464 2840 actis
513 2774 846 2839 servetur
894 2768 947 2833 ³.

338 2880 371 2963 5
416 2879 483 2948 3.
533 2878 680 2959 Qui
722 2877 1034 2963 impedit
1077 2877 1466 2963 quominus
1510 2875 1822 2946 monitio
1864 2875 1962 2945 ad
2011 2894 2088 2944 se
2143 2874 2549 2961 perveniat,
2597 2874 2957 2943 habeatur
3004 2891 3141 2958 pro

155 2988 460 3056 monito.

1425 3110 1601 3177 CAN.
1648 3108 1844 3175 2144.

336 3245 370 3327 5
417 3248 483 3311 1.
532 3246 1100 3315 Examinstores
1134 3252 1209 3314 et
1241 3246 1701 3313 consultores
1733 3264 1820 3313 ac
1857 3246 2198 3313 notarius
2231 3245 2523 3328 debent,
2570 3245 3015 3330 interposito
3048 3245 3143 3312 ab

159 3351 383 3422 initio
423 3371 808 3437 processus
841 3353 1345 3435 iureiurando,
1385 3372 1676 3421 servare
1714 3357 2075 3421 secretum
2117 3354 2317 3420 circa
2349 3353 2597 3421 omnia
2635 3371 2822 3438 quae
2854 3352 3145 3422 ratione

158 3460 279 3526 sui
331 3461 659 3528 muneris
700 3461 1043 3529 noverint
1089 3479 1178 3529 ac
1220 3461 1653 3546 praesertim
1697 3461 1901 3528 circa
1938 3460 2376 3528 documenta
2420 3461 2735 3543 occulta,
2782 3460 3138 3545 discepta-

158 3568 402 3636 tiones
438 3568 518 3636 in
556 3568 869 3638 consilio
906 3568 1225 3651 habitas,
1276 3568 1799 3654 suffragiorum
1843 3586 2227 3635 numerum
2269 3587 2356 3636 ac
2399 3569 2677 3637 motiva
2705 3564 2761 3632 ⁴.

348 3675 382 3757 5
430 3675 495 3741 2.
549 3675 632 3744 si
682 3676 855 3743 huic
903 3677 1366 3761 praescripto
1411 3676 1711 3743 minime
1761 3677 2177 3761 paruerint,
2234 3694 2379 3744 non
2443 3676 2680 3744 solum
2732 3694 2781 3744 a
2843 3695 3145 3746 munere

158 3785 485 3851 amoveri
538 3783 831 3867 debent,
878 3784 1004 3852 sed
1049 3784 1203 3851 alia
1246 3785 1469 3852 etiam
1522 3783 1892 3869 condigna
1932 3801 2166 3869 poena
2211 3783 2306 3850 ab
2350 3783 2774 3868 ordinario,
2833 3786 3146 3853 servatis

160 3890 572 3974 servandis,
611 3890 838 3976 plecti
883 3896 1255 3977 poterunt3
1291 3910 1378 3959 ac
1415 3896 1798 3976 praeterea
1832 3891 2129 3975 damna,
2169 3892 2234 3958 si
2274 3909 2418 3976 qua
2463 3892 2649 3982 ind‘e
2673 3897 2927 3960 secuta
2966 3893 3143 3974 sint,

159 3995 442 4066 sarcire
473 4001 824 4066 tenentur
861 3996 913 4063 ⁸.

1440 4122 1618 4189 cm.
1666 4121 1864 4188 2145.

345 4262 380 4345 5
427 4264 493 4330 1.
543 4262 636 4330 In
686 4263 782 4331 iis
819 4262 1284 4347 processibus
1332 4262 1728 4329 summarie
1769 4262 2306 4347 procedendum
2348 4268 2482 4347 est;
2525 4269 2608 4333 at
2644 4264 2795 4332 duo
2834 4264 2950 4332 vel
2999 4268 3155 4332 tres

163 4374 399 4439 testes
430 4370 582 4438 sive
610 4390 698 4439 ex
726 4357 964 4439 officio
988 4371 1326 4439 arcessiti
1354 4371 1507 4438 sive
1534 4389 1581 4437 a
1611 4374 1824 4455 parte
1860 4370 2147 4439 inducti
2186 4370 2433 4438 audiri
2467 4390 2611 4440 non
2643 4371 3151 4456 prohibentur,

135 4465 138 4468 ’
162 4475 318 4544 nisi
340 4477 812 4560 Ordinarius‚
836 4477 1116 4545 auditis
1136 4476 1479 4561 parochis
1496 4477 2048 4545 consultoribus
2076 4495 2202 4546 seu
2226 4476 2879 4562 examinatoribus,
2906 4479 3151 4548 existi·

160 4584 485 4654 maverit
521 4589 773 4667 partes
803 4604 927 4652 eos
956 4585 1304 4652 inducere
1332 4584 1427 4652 ad
1467 4602 1713 4652 moras
1748 4585 2145 4653 nectendas
2175 4583 2227 4653 ⁸.

351 4692 386 4775 5
433 4691 498 4759 2.
550 4692 804 4761 Testes
844 4698 919 4762 et
961 4692 1211 4779 periti,
1257 4692 1402 4780 nisi
1447 4693 1702 4774 iurati,
1753 4713 1843 4761 ne
1896 4693 2418 4764 admittantur.

509 4953 574 5006 σ.
605 4953 884 5012 σαπείη..
916 4951 1069 5004 decr.
1103 4966 1134 5000 ι
1165 4948 1427 5001 ummo
1463 4961 1604 5000 σανα
1635 4967 1684 5012 ι,
1716 4950 1782 5003 m
1819 4963 1954 5014 sug.
1988 4953 2137 5013 1910,
2176 4964 2306 5006 can.
2340 4956 2424 5015 1⁰,
2460 4955 2487 5016 ὅ
2520 4956 2569 5007 1.

513 5043 578 5096 C.
609 5043 887 5102 σαπείη..
920 5041 1073 5094 decr.
1105 5056 1136 5090 ι
1166 5039 1428 5090 Hammo
1466 5052 1609 5091 σανα
1641 5056 1690 5102 ι,
1722 5041 1788 5093 20
1816 5053 1951 5103 sug.
1984 5043 2133 5104 1910,
2171 5054 2301 5096 can.
2335 5045 2385 5096 1.

469 5171 482 5184 .
515 5134 580 5186 σ.
612 5134 891 5192 consist„
922 5131 1076 5183 decr.
1108 5146 1139 5180 ι
1168 5129 1431 5181 Maxima
1469 5141 1610 5180 σανα
1643 5145 1693 5193 ι,
1725 5130 1791 5183 m
1819 5143 1954 5193 nug.
1986 5133 2135 5193 1910,
2174 5145 2303 5185 can.
2337 5135 2387 5186 1.

517 5223 564 5276 σ

530 5315 568 5366 b

570 5261 581 5272 .
614 5223 893 5282 Constet„
924 5222 1079 5274 decr.
1116 5237 1147 5271 ι
1177 5219 1438 5271 Hammo
1470 5232 1612 5271 σανα
1643 5236 1692 5281 ι,
1723 5222 1790 5274 20
1826 5234 1959 5284 sug.
1995 5224 2143 5284 1910,
2182 5235 2312 5277 can.
2346 5224 2397 5285 7.
2434 5225 2461 5286 ὅ
2493 5226 2544 5287 1;
2574 5225 2608 5278 8
2644 5228 2757 5278 oct.
2791 5227 2940 5285 1910,
2973 5226 3051 5278 sd
3083 5226 3165 5287 123

361 5411 390 5446 ὅ
423 5406 482 5458 S.
514 5404 579 5457 σ.
611 5404 890 5465 Consist„
920 5402 1074 5455 decr.
1113 5418 1144 5452 ι
1170 5400 1434 5453 Hammo
1461 5412 1603 5452 σανα
1630 5417 1680 5465 ι,
1710 5402 1776 5455 m
1803 5415 1938 5465 nug.
1969 5404 2118 5465 1910,
2154 5416 2283 5456 can.
2315 5404 2367 5467 7,
2400 5405 2427 5466 ⁸
2457 5404 2508 5458 2.

361 5499 388 5536 ⁸
424 5495 482 5547 S.
515 5494 581 5547 σ.
612 5494 890 5555 Consist„
923 5493 1077 5545 decr.
1120 5509 1151 5543 ι
1180 5491 1443 5543 Hammo
1473 5503 1615 5544 σανα
1647 5507 1696 5554 ι,
1729 5493 1795 5545 20
1822 5506 1958 5556 nug.
1992 5495 2140 5556 1910,
2179 5505 2309 5546 cun.
2342 5495 2426 5555 15,
2465 5495 2492 5556 ί
2524 5494 2629 5548 2-4.
