3753 5871
1143 182 1319 234 Liber
1363 182 1625 246 Quartus
1660 207 1679 220 -
1714 182 1801 234 Dc
1846 184 2225 235 Pmcsssibus
3079 187 3188 249 m

1466 391 1643 459 CAN.
1691 391 1889 459 1749.

371 516 857 584 Probationes
889 533 1073 600 quae
1101 516 1197 583 ad
1233 533 1480 582 moras
1507 515 1788 583 iudicio
1824 516 2222 584 nectendas
2252 517 2621 602 postulari
2648 519 3021 603 videntur,
3053 538 3188 588 ceu

185 642 498 692 examen
538 625 756 691 testis
794 624 1010 707 longe
1055 623 1332 704 dissiti,
1373 629 1507 691 aut
1554 625 1772 692 cuius
1806 623 2259 693 domicilium
2307 623 2660 709 nescitur,
2702 628 2820 695 vel
2859 629 3188 711 cognitio

186 730 616 799 documenti
651 730 843 816 quod
875 731 1030 799 cito
1070 729 1320 799 haberi
1361 749 1508 798 non
1543 735 1812 816 potest,
1854 732 2077 799 iudex
2122 751 2214 800 ne
2249 734 2629 817 admittat,
2668 734 2815 802 nisi
2850 725 2989 804 hae
3023 755 3183 821 pro·

182 841 526 908 bationes
554 839 1011 908 necessariae
1038 839 1436 908 videantur
1467 841 1643 925 quia
1670 845 1962 908 ceterae
1988 839 2341 909 deficiant
2369 846 2504 908 aut
2534 842 2723 910 satis
2753 861 2898 910 non
2933 845 3088 913 sint
3127 845 3176 912 ¹.

1486 1085 1746 1153 carm
1792 1085 1857 1151 Ι.

1188 1207 1300 1274 Dc
1338 1208 1795 1293 consessione
1832 1208 2186 1295 partium.

1459 1384 1637 1452 CAN.
1690 1384 1887 1452 1750.

364 1510 705 1579 Assertio
727 1511 819 1578 de
847 1510 1100 1596 aliquo
1126 1509 1355 1587 tacto,
1384 1510 1464 1577 in
1493 1509 1797 1594 scriptis
1820 1512 1959 1577 aut
1992 1513 2338 1577 oretenus
2372 1510 2468 1577 ab
2504 1527 2654 1577 una
2683 1514 2898 1595 parte
2924 1516 3188 1580 contra

186 1636 268 1688 se
304 1625 382 1688 et
418 1637 557 1705 pro
595 1619 1024 1686 adversario
1057 1635 1306 1685 coram
1356 1618 1625 1698 iudice,
1667 1618 1821 1685 sive
1868 1622 2157 1702 sponte,
2202 1617 2355 1686 sive
2394 1617 2640 1688 iudice
2677 1619 3189 1706 interrogante

188 1730 522 1810 peracta,
559 1725 840 1794 dicitur
873 1725 1241 1792 confessio
1276 1723 1653 1792 iudicialis
1694 1723 1745 1787 ⁸.

1580 1889 1653 1944 η.
1881 1924 1901 1945 .

372 1987 457 2056 Si
495 1993 768 2074 agatur
812 1987 905 2055 de
953 1985 1250 2072 negotio
1284 1875 1876 2071 aliqu‘gAprixerZl)
1912 1990 1989 2054 et
2025 1985 2107 2053 in
2143 2002 2374 2053 causa
2411 2003 2559 2054 non
2601 1986 2703 2055 sit
2741 1986 3012 2055 bonum
3053 2005 3182 2073 pu·

186 2094 492 2177 blicum,
528 2095 896 2162 confessio
927 2093 1306 2163 iudicialis
1352 2093 1573 2160 unius
1617 2094 1883 2177 partis,
1921 2092 2318 2162 dummodo
2352 2093 2579 2161 libere
2616 2098 2693 2162 et
2724 2095 3201 2164 considerate.

180 2205 418 2287 facta,
453 2204 731 2273 relevat
758 2205 1071 2271 alteram
1107 2203 1202 2269 ab
1237 2220 1456 2270 onere
1488 2203 1851 2286 probandi
1881 2200 1936 2269 ³.

1454 2361 1633 2429 CAN·
1682 2360 1881 2429 1752.

366 2472 582 2556 Pars,
632 2469 919 2556 aliquid
966 2470 1305 2539 contessa
1360 2469 1442 2538 in
1498 2470 1802 2553 iudicio,
1853 2489 2002 2551 non
2052 2474 2300 2556 potest
2344 2475 2609 2540 contra.
2652 2471 3185 2542 confessionem

189 2598 405 2647 suam
441 2580 717 2662 venire,
759 2579 908 2646 nisi
953 2583 1087 2646 aut
1134 2578 1214 2646 in
1250 2579 1668 2646 continenti
1704 2579 1842 2646 hoc
1881 2579 2141 2662 faciat,
2181 2584 2317 2648 aut
2353 2579 2618 2665 probet
2651 2580 3186 2649 contessionem

187 2688 431 2774 ipsam
465 2688 581 2756 vel
606 2705 860 2756 carere
894 2686 1449 2755 conditionibus
1483 2687 1564 2754 in
1596 2704 1761 2754 can.
1797 2687 1972 2754 1750
2002 2688 2370 2772 expressis
2397 2687 2515 2756 vel
2542 2689 2781 2757 errori
2811 2688 2999 2757 facti
3028 2706 3187 2758 esse

185 2794 751 2863 adscribendam
801 2793 855 2859 ⁴.

1455 2901 1634 2970 cas.
1684 2900 1881 2971 1753.

364 3011 758 3080 Confessio
809 3011 963 3080 sive
1005 3010 1332 3095 scriptis,
1384 3010 1538 3077 sive
1581 3013 1952 3093 oretenus,
1999 3010 2300 3096 ipsimet
2342 3012 2769 3082 adversario
2822 3018 2960 3083 aut
3013 3013 3188 3083 aliis

186 3126 407 3189 extra
435 3119 795 3187 iudicium
829 3120 1061 3203 facta,
1095 3118 1376 3187 dicitur
1404 3117 2042 3187 extraiudicialis:
2082 3138 2313 3205 eaque
2340 3121 2421 3187 in
2450 3120 2808 3189 iudicium
2839 3118 3182 3206 deducta,

191 3227 465 3297 iudicis
510 3232 649 3310 est,
698 3227 1081 3313 perpensis
1139 3225 1479 3295 omnibus
1537 3245 1783 3294 rerum
1845 3227 2247 3311 adiunctis,
2313 3229 2707 3299 aestimare
2768 3207 3029 3315 qu'anti
3076 3230 3182 3298 fa-

186 3334 453 3404 cienda
493 3335 599 3402 sit
635 3336 690 3404 ⁸.

195 3528 277 3590 11,
310 3529 396 3590 193
431 3539 483 3579 c.
515 3526 567 3587 6,
597 3527 665 3587 Χ,
700 3527 772 3576 dc
798 3526 914 3587 nas
944 3527 1491 3584 instrumentorum,
1524 3525 1607 3586 11,
1641 3524 1724 3587 22:
1750 3537 1802 3577 c.
1843 3525 1929 3587 88,
1960 3526 2027 3588 Χ,
2062 3528 2133 3578 ac
2167 3526 2571 3587 iureiurando,
2604 3528 2689 3590 11,
2730 3528 2813 3591 243
2840 3539 2890 3580 c.
2924 3527 2978 3588 6,
3010 3528 3078 3588 Χ,
3113 3529 3184 3579 ac

196 3616 657 3680 acceptionibus,
688 3617 770 3678 11,
802 3617 883 3680 253
906 3628 958 3668 c.
991 3616 1074 3678 28,
1104 3617 1171 3677 Χ,
1203 3618 1274 3667 ac
1300 3616 1595 3667 sententia
1630 3619 1690 3668 et
1716 3628 1781 3667 re
1812 3617 2099 3675 iudicata,
2129 3617 2213 3677 11,
2250 3617 2332 3680 27;
2357 3630 2406 3670 c.
2441 3630 2563 3678 un„
2593 3618 2660 3680 Χ,
2691 3622 2760 3670 ut
2787 3618 3188 3670 ecclesiastica

201 3708 479 3768 beneficia
523 3705 650 3757 sine
692 3705 1080 3758 diminutione
1123 3706 1524 3765 conterantur,
1581 3706 1696 3767 111,
1728 3706 1809 3769 12
1850 3718 1904 3759 c.
1934 3706 1987 3767 3,
2017 3707 2084 3770 Χ,
2129 3709 2201 3759 ae
2244 3707 2712 3761 successionibus
2752 3707 2828 3758 ab
2881 3707 3187 3765 intestato.

197 3799 312 3861 111,
338 3800 422 3861 2⁷:
447 3811 498 3850 c.
529 3799 581 3859 3,
613 3799 679 3858 Χ,
705 3800 776 3850 ac
808 3810 895 3856 eo,
920 3799 1021 3858 qui
1048 3799 1316 3861 connovit
1342 3797 1833 3859 consanouincam
1857 3798 2062 3852 uxoris
2093 3809 2236 3850 suae
2262 3799 2357 3850 cei
2382 3810 2651 3859 sponsae,
2677 3799 2778 3859 IV,
2809 3799 2893 3861 18:
2923 3810 2973 3852 c.
3002 3799 3088 3861 12
3111 3799 3183 3861 Χ,

195 3890 270 3941 dc
301 3887 801 3944 accusationibus,
832 3886 1316 3948 inquisitionibus
1349 3891 1410 3939 et
1451 3885 2023 3947 denunciatio-tibus,
2060 3888 2128 3949 V,
2161 3889 2212 3951 13
2240 3899 2294 3940 c.
2323 3889 2376 3949 8,
2406 3889 2474 3947 Χ,
2509 3890 2582 3939 ac
2623 3888 2834 3940 dorico
2865 3898 3187 3939 commu·

196 3977 415 4038 nicato,
452 3979 736 4038 demuto,
769 3977 865 4029 cci
895 3977 1212 4030 interdicto
1242 3977 1641 4036 ministrante,
1675 3978 1746 4039 V,
1781 3978 1865 4041 2⁷3
1897 3990 1948 4030 c.
1979 3979 2064 4039 11,
2094 3978 2165 4039 Χ,
2202 3980 2274 4031 de
2311 3978 2648 4030 coccssibus
2683 3977 3083 4038 praelatorum
3127 3981 3187 4029 et

195 4074 587 4128 subditorum,
615 4070 679 4129 V,
709 4070 801 4126 31:
836 4083 881 4119 c.
911 4072 959 4127 3,
988 4071 1057 4117 ‹ie
1086 4068 1382 4117 sententia
1412 4069 1468 4114 et
1497 4078 1559 4114 re
1586 4065 1864 4115 iudicata.
1898 4064 1971 4121 11.
2003 4065 2085 4118 14.
2116 4064 2175 4114 in
2205 4063 2348 4120 Vi⁰:
2383 4064 2522 4122 Res.
2553 4067 2634 4123 11,
2669 4065 2752 4122 65.
2776 4064 2840 4115 R.
2862 4064 2934 4121 J..
2955 4066 3014 4114 in
3037 4062 3167 4116 V1⁰.

379 4160 402 4197 ¹
438 4159 505 4213 O.
536 4160 588 4221 5,
619 4160 686 4220 Χ,
714 4160 786 4211 dc
812 4159 944 4211 doio
968 4164 1026 4211 et
1060 4158 1448 4217 contumacia,
1475 4159 1558 4219 11,
1589 4160 1672 4221 14:
1698 4171 1748 4211 c.
1774 4159 1863 4219 29,
1895 4159 1962 4218 Χ,
1991 4160 2062 4209 de
2089 4159 2341 4211 testibus
2373 4162 2431 4211 ct
2458 4159 2965 4219 attestationibus,
2993 4158 3076 4220 11,
3105 4158 3190 4221 ως

198 4260 247 4300 c.
286 4250 337 4310 2,
370 4251 442 4301 de
472 4250 781 4301 vorborum
811 4249 1259 4311 sionincations,
1296 4249 1367 4309 V,
1396 4250 1481 4310 11,
1515 4251 1578 4302 in
1607 4248 1812 4311 Clem.;
1838 4249 2014 4302 Cone.
2046 4247 2335 4310 Trident„
2377 4260 2521 4301 sess.
2556 4249 2722 4309 XXV,
2754 4250 2829 4301 ac
2858 4249 2994 4309 ror„
3022 4260 3074 4300 e.
3107 4251 3189 4311 10:

200 4340 321 4391 Lex
350 4341 587 4403 propria
623 4339 682 4394 8.
714 4340 785 4392 Β.
818 4340 1007 4395 Rotae
1035 4343 1098 4394 et
1138 4338 1492 4403 signaturae
1523 4342 1652 4402 Ap„
1688 4340 1754 4393 29
1783 4341 1906 4392 iun.
1939 4338 2086 4400 Μ,
2128 4352 2258 4392 can.
2292 4340 2375 4401 27,
2409 4340 2442 4401 8·
2467 4341 2517 4391 4.

371 4438 397 4473 ⁸
438 4430 503 4484 Ο.
536 4432 619 4492 20,
649 4431 715 4484 C.
747 4432 830 4492 11,
861 4445 916 4494 q.
947 4431 998 4493 53
1029 4442 1080 4482 c.
1113 4432 1164 4491 4,
1194 4431 1261 4491 Χ,
1294 4432 1366 4482 de
1394 4429 1652 4490 iudiciis,
1684 4431 1765 4490 11,
1797 4432 1847 4492 1;
1873 4442 1924 4482 c.
1963 4430 2013 4491 2,
2042 4430 2110 4491 Χ,
2141 4431 2212 4481 de
2246 4428 2552 4490 confessis.
2581 4429 2667 4498 11,
2697 4428 2780 4492 183
2814 4441 2865 4482 c.
2897 4431 2981 4492 14,
3011 4430 3080 4490 Χ,
3117 4430 3188 4481 de

199 4522 313 4581 tias
355 4522 899 4581 instrumentorum,
946 4522 1028 4581 11,
1060 4519 1140 4583 Q
1180 4533 1230 4574 c.
1262 4521 1346 4580 10,
1378 4521 1445 4581 Χ,
1502 4522 1574 4573 dc
1616 4520 2052 4572 cohabitatione
2100 4519 2441 4571 clericorum
2485 4518 2920 4580 etmuiierum,
2976 4520 3093 4582 111,
3137 4519 3188 4583 2;

201 4622 251 4663 c.
282 4614 365 4673 11,
396 4613 462 4674 Χ,
494 4615 566 4665 de
596 4612 867 4672 simonia,
906 4616 966 4665 et
997 4623 1072 4663 ns
1099 4611 1327 4671 aliquia
1358 4624 1464 4673 pro
1496 4610 1910 4672 spiritualibus
1949 4609 2225 4671 caeiaatur
2251 4609 2346 4662 oei
2375 4608 2778 4671 promittatur,
2813 4610 2884 4671 V,
2916 4610 2966 4673 ἃς
3005 4610 3187 4664 Bene-

200 4700 397 4755 dietus
424 4703 574 4765 XIV,
605 4714 696 4764 ep.
727 4703 944 4765 encycl.
986 4718 1017 4753 ι
1046 4701 1138 4752 Es
1170 4702 1439 4752 omnibus
1469 4716 1518 4763 s,
1549 4701 1617 4755 16
1650 4705 1765 4755 oct.
1798 4701 1948 4762 1756,
1983 4701 2011 4762 1
2041 4701 2091 4751 4.

375 4800 401 4836 ³
443 4796 507 4849 O.
539 4797 591 4855 1,
620 4795 685 4847 C.
712 4795 831 4854 XV,
859 4807 915 4856 q.
946 4793 996 4855 ος
1025 4804 1076 4844 c.
1108 4793 1159 4854 6,
1189 4792 1257 4854 Χ,
1289 4795 1360 4844 ac
1385 4791 1848 4851 renunciatione,
1880 4791 1931 4853 1,
1961 4793 2012 4853 Ως
2036 4803 2085 4842 e.
2122 4791 2172 4851 5,
2204 4791 2270 4851 Χ,
2300 4792 2371 4842 dc
2398 4802 2486 4850 so,
2519 4791 2622 4850 qui
2646 4790 2915 4851 covnooit
2950 4800 3186 4841 consan-

204 4886 472 4945 ouincain
508 4887 712 4937 uxoris
748 4895 892 4937 suas
929 4882 1024 4933 vei
1069 4893 1336 4943 sponsae,
1375 4882 1478 4943 IV,
1519 4883 1602 4945 13;
1636 4894 1687 4934 c.
1725 4882 1809 4943 15,
1841 4882 1909 4942 Χ,
1961 4881 2033 4932 ds
2070 4879 2564 4939 accusationibus,
2605 4878 3090 4940 inquisitionibus
3126 4883 3186 4931 et

206 4976 771 5035 denunciationibus,
796 4976 867 5036 V,
899 4976 949 5026 1.

373 5074 401 5110 ⁴
441 5068 507 5121 C.
540 5068 592 5128 3,
623 5068 690 5128 Χ,
720 5068 791 5117 ao
818 5064 1124 5123 confossis,
1157 5064 1240 5125 11,
1267 5064 1350 5117 18.

375 5163 400 5197 ⁸
442 5158 620 5218 c.1o,
651 5159 718 5217 Χ,
763 5159 835 5208 dc
877 5155 1339 5216 probationibus,
1384 5155 1466 5215 11,
1509 5155 1591 5215 19:
1640 5165 1689 5205 c.
1723 5154 1805 5213 15.
1837 5153 1904 5214 Χ,
1952 5154 2025 5203 de
2067 5151 2561 5209 accusationibus,
2604 5149 3086 5211 inquisitionibus
3128 5155 3187 5202 et

212 5247 772 5306 mundationibus,
807 5248 875 5307 V,
910 5249 959 5308 13
988 5258 1038 5298 c.
1073 5247 1124 5306 1,
1161 5246 1232 5296 dc
1267 5243 1763 5301 accusationibus,
1806 5240 2290 5302 inquisitionibus
2325 5246 2383 5295 et
2418 5242 2988 5301 denunciationibus,
3025 5242 3096 5303 V,
3133 5244 3184 5302 1,

210 5334 272 5385 in
300 5335 425 5387 V10.

328 5477 517 5529 Ooacs
548 5476 711 5530 Iuris
744 5475 1042 5529 Oanonici.
3001 5469 3058 5513 θ’
