3753 5871
1202 351 1377 402 Liber
1407 349 1711 401 Secundus
1751 373 1772 385 -
1806 348 1896 399 De
1936 347 2212 399 permit
3092 341 3201 400 106

1441 524 1445 528 ’
1504 555 1681 623 cm.
1718 553 1872 622 sss.

386 681 421 764 5
468 684 535 748 1.
585 679 1241 748 Examinatoribus
1274 684 1352 747 et
1384 679 1728 763 parochis
1762 678 2313 746 consultoribus
2357 677 2598 746 medio
2637 681 2965 762 tempore
3000 679 3199 746 inter

204 806 431 856 unam
455 794 533 860 et
563 789 788 856 aliam
820 788 1196 874 Synodum
1222 788 1632 856 demortuis
1654 787 1773 855 vel
1804 785 1959 854 alia
1988 787 2275 854 ratione
2301 806 2346 854 a
2380 804 2680 854 munere
2704 787 3192 869 cessantibus,

205 896 400 964 alios
420 894 976 982 pro-synodales
996 894 1409 980 Episcopus
1432 895 1843 963 substituat
1863 894 1957 961 de
1978 892 2292 960 consilio
2308 891 2644 976 Capituli
2672 892 3124 961 cathedralis
3145 891 3194 959 ².

385 1000 420 1085 5
465 1002 534 1068 2.
583 1002 788 1082 Quae
823 1003 1078 1087 regula
1104 1006 1439 1070 servetur
1475 1019 1760 1086 quoque
1789 1001 1869 1068 in
1896 1001 2527 1068 examinatoribus
2554 1006 2631 1069 et
2645 1002 3001 1086 ‚parochis
3026 1019 3192 1068 con-

202 1111 617 1179 sultoribus
652 1111 1194 1179 constituendis
1233 1110 1519 1194 quoties
1556 1109 1899 1196 Synodus
1936 1127 2082 1178 non
2121 1109 2483 1176 habeatur
2523 1106 2576 1175 ².

1511 1289 1688 1357 ΟΛΝ.
1725 1289 1880 1357 387.

385 1414 420 1497 5
469 1417 535 1480 1.
583 1413 1152 1482 Examinatores
1181 1418 1261 1483 et
1298 1414 1601 1498 parochi
1631 1412 2119 1496 consultores,
2159 1413 2312 1480 sive
2352 1413 2432 1479 in
2469 1411 2768 1498 Synodo
2800 1411 2954 1479 sive
2987 1416 3201 1480 extra

206 1520 590 1608 Synodum
622 1523 1042 1604 constituti,
1079 1527 1248 1606 post
1278 1522 1711 1590 decennium
1752 1522 1846 1588 ab
1882 1521 2181 1605 incepto
2209 1537 2510 1589 munere
2550 1521 2666 1588 vel
2698 1520 2922 1588 etiam
2960 1520 3197 1604 prius,

202 1629 645 1697 adveniente
693 1647 883 1697 nova
932 1630 1254 1716 synodo,
1305 1629 1541 1697 officio
1587 1629 1890 1712 cadunt3
1941 1634 2253 1713 possunt
2313 1632 2563 1697 tamen
2611 1628 2986 1713 negotium
3049 1627 3197 1694 iam

202 1740 549 1820 coeptum
591 1737 686 1803 ad
728 1737 1009 1804 exitum
1076 1737 1474 1821 perducere
1545 1739 1645 1819 et,
1712 1736 2028 1804 servatis
2090 1736 2190 1804 ·de
2251 1736 2415 1803 iure
2478 1735 2885 1816 servandis,
2954 1735 3198 1802 denuo

138 1893 144 1898 -
201 1845 568 1911 constitui
607 1843 660 1910 ³.

386 1949 421 2031 5
468 1948 535 2016 2.
583 1950 731 2030 Qui
777 1950 939 2018 loco
994 1951 1580 2018 examinatorum
1628 1969 1715 2018 ac
1772 1951 2261 2035 parochorum
2309 1950 2816 2018 consultorum
2863 1947 3196 2017 deficien-

205 2057 399 2124 tium
426 2057 1011 2140 constituantur,
1042 2059 1122 2124 in
1155 2058 1390 2126 officio
1424 2058 1839 2144 persistunt
1866 2058 2260 2126 dumtaxat
2290 2076 2667 2143 quousque
2696 2057 3199 2142 perstitissent

209 2165 269 2231 ii
312 2164 582 2249 quibus
613 2165 1007 2232 substituti
1039 2165 1371 2233 fuerunt.

1507 2290 1685 2358 om.
1722 2289 1876 2357 388.

388 2410 774 2481 Removeri
811 2414 906 2481 ab
953 2414 1322 2499 Episcopo
1360 2417 1758 2499 nequeunt,
1804 2415 1952 2481 nisi
1999 2433 2088 2482 ex
2126 2413 2334 2499 gra-vi
2382 2431 2610 2481 causa
2649 2418 2724 2481 et
2763 2414 2856 2482 de
2890 2413 3206 2481 consilio

207 2518 549 2603 Capituli
583 2519 1038 2589 cathedralis
1079 2523 1133 2592 ⁴.

1513 2626 1691 2695 cm.
1736 2628 1889 2696 389.

394 2746 428 2827 5
475 2748 540 2812 1.
593 2746 1159 2814 Examinatores
1202 2746 1591 2833 synodales
1634 2765 1933 2831 operam
1981 2765 2191 2814 suam
2243 2746 2640 2831 diligenter
2685 2752 2956 2816 navent
3000 2765 3202 2831 prae·

210 2853 471 2920 sertim
507 2854 1031 2939 experimentis
1066 2854 1421 2922 habendis
1463 2854 1559 2922 ad
1595 2854 2085 2940 provisionem
2133 2855 2639 2939 paroeciarum
2678 2873 2810 2922 nec
2849 2873 2996 2922 non
3042 2873 3202 2939 pro·

207 2962 541 3029 cessibus
569 2963 661 3030 de
689 2964 956 3048 quibus
983 2964 1061 3030 in
1089 2981 1253 3030 can.
1283 2962 1458 3029 2147
1493 2980 1664 3048 seqq
1714 2963 1767 3031 ⁸.

396 3068 431 3150 5
477 3067 544 3134 2.
596 3069 746 3137 Pro
778 3069 1302 3155 experimentis
1341 3089 1516 3159 vero
1551 3070 1908 3138 habendis
1951 3071 2044 3138 ad
2081 3071 2516 3138 clericorum
2555 3070 3096 3138 ordinationem
3136 3074 3213 3138 et

214 3176 826 3260 approbationem
878 3178 1339 3245 sacerdotum
1376 3179 1508 3263 qui
1551 3183 1818 3263 petunt
1858 3180 2296 3247 facultatem
2346 3178 2761 3263 excipiendi
2802 3195 3207 3246 sacramen·

217 3284 412 3352 tales
451 3285 951 3353 confessiones
992 3288 1129 3352 aut
1173 3303 1425 3353 sacras
1466 3287 1855 3354 conciones
1902 3286 2244 3369 habendi,
2303 3295 2378 3355 et
2424 3305 2560 3370 pro
2615 3286 3076 3355 examinibus
3118 3286 3210 3354 de

217 3391 538 3476 quibus·
515 3411 595 3459 ιιι
632 3410 796 3459 can.
833 3392 987 3476 130,
1019 3394 1391 3479 integrum
1421 3400 1535 3462 est
1572 3395 1942 3479 Episcopo
1971 3394 2086 3462 vel
2123 3395 2709 3463 examinatorum
2744 3394 3210 3481 synodalium

215 3499 335 3565 vel
371 3499 691 3566 aliorum
725 3517 949 3583 opera
980 3500 1096 3568 uti
1140 3501 1193 3569 ⁸.

1523 3608 1700 3676 ΟΑΝ.
1736 3608 1891 3676 390.

399 3731 606 3798 Idem
654 3735 899 3816 potest
939 3748 1097 3800 esse
1148 3733 1611 3801 examinator
1651 3737 1731 3802 et
1772 3733 2140 3817 parochus
2191 3732 2598 3814 consultor,
2646 3750 2794 3799 non
2839 3738 3087 3801 autem
3133 3731 3214 3799 in

215 3838 474 3905 eadem
516 3855 744 3905 causa
784 3838 836 3907 '.

1504 4012 1764 4081 OAPm·
1800 4015 1894 4081 V.

1160 4133 1272 4202 Dc
1310 4134 1681 4221 Capitulis
1726 4137 2272 4206 canonicorum.

1518 4315 1695 4382 CAN.
1733 4314 1888 4382 391.

408 4433 443 4516 5
493 4436 557 4500 1.
606 4434 1038 4519 Capitulum
1075 4438 1598 4505 canonicorum
1645 4440 1798 4505 sive
1833 4440 2258 4508 cathedrale
2295 4441 2447 4509 sive
2492 4441 2873 4527 collegiale
2911 4460 3041 4508 seu
3074 4441 3215 4510 col·

218 4542 583 4627 legiatum
629 4547 744 4612 est
777 4543 1212 4612 clericorum
1256 4546 1647 4632 collegium
1687 4547 1852 4615 ideo
1893 4548 2325 4617 institutum
2364 4554 2450 4617 ut
2489 4550 3027 4617 sollemniorem
3065 4549 3213 4616 cul-

417 4787 538 4840 18.
567 4787 633 4839 0.
663 4788 939 4849 0οιι813ῐ..
974 4789 1129 4841 decr.
1167 4805 1198 4840 α
1229 4788 1495 4840 Maxima
1522 4802 1665 4841 cura
1695 4808 1744 4852 ι.
1773 4792 1839 4844 m
1872 4805 2006 4854 aug.
2036 4795 2184 4854 1910,
2216 4806 2345 4845 can.
2375 4798 2425 4856 4,
2457 4795 2484 4856 5
2513 4794 2562 4855 2,
2589 4796 2621 4847 3
2648 4799 2761 4847 oct.
2792 4797 2942 4855 1910.
2974 4796 3052 4847 ad
3080 4798 3131 4849 9.

406 4877 434 4913 ²
475 4876 535 4928 8.
567 4876 632 4928 0.
664 4877 941 4938 Constet„
976 4879 1131 4931 decr.
1170 4895 1201 4930 α
1235 4877 1498 4929 Maxima
1533 4891 1676 4936 cura
1712 4896 1761 4941 n,
1805 4881 1872 4933 20
1914 4894 2048 4943 aug.
2085 4883 2234 4942 1910,
2268 4894 2397 4934 can.
2438 4885 2489 4943 4,
2528 4883 2555 4944 5
2591 4884 2641 4944 3;
2672 4885 2706 4935 3
2733 4888 2848 4936 oct.
2882 4886 3030 4946 1910,
3063 4886 3140 4937 ad
3168 4885 3217 4937 3.

405 4965 535 5017 8.
566 4963 633 5017 0.
665 4965 942 5027 Constet..
984 4967 1138 5019 decr.
1180 4984 1209 5017 ι
1242 4967 1506 5019 Maxima
1547 4980 1689 5019 cura
1721 4986 1770 5030 ιι.
1806 4971 1871 5022 20
1902 4982 2035 5032 aug.
2074 4972 2222 5031 1910,
2256 4983 2386 5024 can.
2421 4974 2472 5032 4,
2519 4972 2546 5032 5
2588 4974 2637 5022 4.

406 5055 535 5107 48
569 5055 634 5106 0.
671 5055 948 5116 0οιιείετ..
980 5057 1134 5109 decr.
1172 5074 1201 5107 ι
1234 5057 1496 5108 Hammo
1536 5070 1677 5109 cura
1712 5075 1760 5121 ι.
1803 5060 1870 5112 20
1901 5072 2035 5121 aug.
2069 5061 2217 5120 1910.
2251 5043 2380 5112 can.
2420 5063 2467 5122 4,
2504 5061 2531 5122 5
2566 5062 2617 5122 5,
2659 5074 2788 5114 can.
2822 5063 2872 5124 7.
2911 5064 2938 5125 5
2975 5063 3022 5113 2.

403 5144 647 5196 ⁸Conc.
678 5145 965 5205 Trident„
1005 5158 1147 5197 sess.
1183 5147 1381 5208 XXIV,
1418 5148 1489 5197 de
1526 5148 1661 5208 res„
1692 5160 1741 5200 c.
1775 5150 1857 5211 18;
1889 5150 2032 5201 Plus
2064 5151 2129 5209 X,
2162 5154 2345 5202 coust.
2381 5166 2412 5200 «t
2451 5151 2583 5202 Etsi
2621 5151 2741 5203 Nou
2772 5167 2821 5211 ι,
2856 5153 2886 5202 1
2920 5152 3038 5202 lan.
3072 5152 3219 5211 1912,

270 5236 412 5297 ,αλ
453 5248 510 5298 ες
548 5234 606 5288 S.
648 5235 715 5288 0.
754 5234 1031 5295 cousin..
1080 5236 1235 5289 decr.
1287 5235 1618 5288 «Maxima
1655 5250 1799 5288 cura
1840 5255 1890 5299 n,
1930 5239 1996 5291 m
2033 5252 2167 5300 aug.
2218 5240 2367 5299 1910,
2410 5252 2539 5291 ean.
2582 5239 2633 5301 3;
2679 5241 2712 5293 3
2739 5244 2852 5293 oet.
2885 5242 3033 5301 1910.
3066 5241 3144 5292 ad
3173 5243 3224 5300 1:

273 5326 396 5377 ..0
449 5324 541 5384 0.,
583 5323 889 5380 Toletano.
934 5337 1131 5377 mense
1179 5327 1354 5377 mart.
1399 5325 1545 5377 lm.

404 5414 725 5474 ⁸,P1usx
767 5417 954 5467 const.
990 5414 1404 5465 «103thoe
1410 5415 1644 5475 ,.11an
1680 5417 1827 5477 1912,
1866 5429 1925 5468 ιι.
1961 5417 2045 5477 30,
2082 5430 2135 5479 g,

406 5502 942 5565 18οΗ0οω33
992 5503 1585 5564 aoct.1910,a‹18.
