3753 5871
600 247 711 306 46⁶
1737 248 1934 302 Gom
1971 246 2134 299 Iuris
2181 245 2462 301 σοοοιιισί

604 445 681 508 et
730 439 1049 508 secundo
1107 439 1346 526 gradu
1394 439 1634 507 lineae
1680 437 2163 532 collateralis,
2224 436 2344 505 vel
2394 436 2683 504 ratione
2730 435 3012 504 tutelae
3059 439 3139 502 et
3183 433 3585 518 cul-atalae,

606 545 915 615 intimae
965 547 1166 616 vitae
1206 545 1790 629 consuetudinis,
1848 563 2160 632 magnae
2204 544 2638 628 simultatis,
2685 544 2802 612 vel
2846 542 3038 611 lucri
3082 542 3425 610 faciendi
3470 548 3590 609 aut

603 654 858 722 damni
896 654 1211 739 vitandi,
1256 654 1540 739 aliquid
1583 655 1821 739 ipsius
1869 653 2195 732 intersit,
2239 652 2355 720 vel
2394 653 2474 719 in
2527 670 2674 737 qua
2711 656 2934 719 antea
2975 651 3431 718 advocatum
3470 655 3592 716 aut

601 764 1157 845 procuratorem
1198 761 1432 846 egerit
1471 760 1521 828 ¹.

781 868 818 952 5
862 866 930 935 2.
979 868 1072 935 In
1108 869 1367 937 iisdem
1406 887 1651 936 rerum
1687 868 2064 937 adiunctis
2096 867 2190 934 ab
2226 866 2463 935 officio
2496 884 2631 935 suo
2665 865 3036 950 abstinere
3072 865 3352 934 debent
3390 865 3590 933 iusti·

603 975 755 1044 tiae
783 980 1163 1060 promotor
1192 981 1268 1045 et
1306 976 1650 1046 defensor
1679 976 1984 1044 vinculi.

1870 1116 2045 1184 CAN·
2097 1114 2292 1181 1614.

781 1225 816 1308 5
862 1226 930 1291 1.
978 1224 1165 1293 Gum
1193 1224 1439 1306 iudex,
1465 1224 1606 1293 etsi
1631 1228 2077 1308 competens,
2112 1242 2159 1291 a
2189 1227 2404 1308 parte
2437 1226 2824 1291 recusatur
2852 1226 2937 1291 ut
2967 1227 3395 1307 suspectae,
3427 1223 3592 1289 haec

603 1334 959 1417 exceptio,
1003 1333 1070 1399 si
1110 1335 1573 1417 proponatur
1607 1334 1869 1399 contra
1913 1330 2227 1398 iudicem
2270 1331 2686 1416 delegatum
2728 1331 2809 1397 in
2848 1348 3077 1397 causa
3120 1330 3436 1396 unicum
3488 1330 3593 1397 vel

599 1444 861 1507 contra
900 1439 1289 1525 collegium
1338 1439 1454 1508 vel
1502 1439 1851 1506 maiorem
1901 1438 2402 1524 delegatorum
2447 1437 2773 1506 iudicum
2812 1442 3126 1522 partem,
3170 1436 3595 1505 definienda

601 1551 715 1615 est
761 1566 809 1614 a
845 1546 1250 1631 delegante3
1289 1548 1354 1614 si
1391 1551 1655 1614 contra
1694 1565 1922 1613 unum
1962 1546 2077 1614 vel
2115 1545 2433 1614 alterum
2476 1564 2564 1613 ex
2606 1541 2946 1629 pluribus
2988 1544 3370 1612 iudicibus
3412 1545 3591 1628 dele

600 1653 822 1738 gatis,
857 1655 999 1722 etsi
1040 1653 1353 1739 Collegii
1387 1654 1822 1738 praesidem,
1859 1672 1908 1721 a
1937 1655 2204 1722 ceteris
2246 1654 2615 1722 iudicibus
2646 1653 3005 1739 delegatis
3040 1658 3115 1721 et
3153 1670 3304 1720 non
3345 1671 3592 1737 suspe-

598 1760 766 1845 ctis;
800 1762 865 1828 si
898 1763 1161 1829 contra
1196 1761 1631 1829 Auditorem
1671 1762 1943 1829 Sacrae
1979 1761 2238 1844 Rotae,
2287 1779 2332 1828 a
2373 1761 2776 1846 Signa-tura
2815 1760 3248 1845 Apostolica
3286 1760 3394 1828 ad
3440 1780 3592 1828 nor-

600 1887 794 1936 mam
838 1887 1004 1937 can.
1063 1868 1260 1951 16⁰3,
1313 1866 1351 1951 5
1394 1870 1461 1951 1,
1509 1888 1583 1936 n.
1640 1869 1705 1953 2;
1751 1869 1817 1936 si
1871 1872 2137 1937 contra
2177 1869 2584 1953 officialem,
2636 1869 2730 1936 ab
2777 1869 3165 1953 Episcop03
3210 1868 3281 1935 si
3326 1873 3593 1938 contra

601 1976 1041 2058 auditorem,
1088 1994 1136 2044 a
1180 1975 1423 2044 iudice
1458 1977 1857 2060 principali
1906 1974 1956 2039 ².

779 2080 813 2164 5
858 2081 926 2148 2.
978 2081 1060 2150 Si
1090 2083 1400 2167 ipsemet
1433 2083 1879 2150 Ordinarius
1910 2084 2011 2151 sit
2049 2085 2269 2151 iudex
2307 2090 2380 2152 et
2416 2090 2681 2153 contra
2713 2084 2956 2168 ipsum
2986 2083 3326 2167 exceptio
3362 2085 3595 2168 suspi-

598 2189 836 2257 cionis
870 2193 1316 2276 opponatur,
1363 2190 1481 2258 vel
1518 2190 1891 2258 abstineat
1929 2209 1974 2257 a
2011 2191 2409 2258 iudicando
2443 2192 2557 2258 vel
2603 2192 3101 2275 quaestionem
3144 2190 3598 2274 suspicionis

600 2295 1087 2365 definiendam
1123 2297 1544 2365 committat
1582 2297 1809 2364 iudici
1858 2296 2279 2365 immediate
2326 2298 2691 2381 superiori
2733 2296 2786 2364 ³.

776 2403 810 2487 5
855 2406 923 2473 3.
976 2404 1059 2473 Si
1092 2406 1428 2490 exceptio
1468 2406 1912 2490 suspicionis
1945 2411 2366 2490 opponatur
2396 2409 2662 2473 contra
2695 2408 3186 2489 promotorem
3223 2405 3597 2476 institiae.

598 2511 1054 2580 defensorem
1098 2513 1377 2580 vinculi
1423 2518 1558 2582 aut
1598 2515 1787 2581 alios
1840 2513 2242 2581 tribunalis
2285 2513 2790 2593 administros,
2845 2512 2937 2580 de
2981 2513 3117 2579 hac
3161 2514 3599 2597 exceptione

598 2619 802 2688 videt
834 2638 1130 2704 praeses
1171 2621 1249 2687 in
1286 2620 1647 2688 tribunali
1680 2621 2051 2706 collegiali
2084 2621 2200 2689 vel
2234 2622 2392 2705 ipse
2426 2620 2673 2703 iudex,
2720 2621 2783 2688 si
2823 2621 3087 2688 unicus
3122 2620 3250 2687 sit.

1864 2762 2041 2828 CAN.
2090 2761 2285 2828 1615.

780 2867 814 2951 5
862 2869 926 2934 1.
980 2868 1062 2937 Si
1097 2867 1317 2937 iudex
1350 2867 1614 2937 unicus
1641 2872 1777 2939 aut
1802 2869 2078 2954 aliquis
2103 2870 2216 2938 vel
2246 2869 2470 2938 etiam
2500 2887 2751 2938 omnes
2779 2869 3058 2937 iudices
3090 2869 3216 2954 qui
3259 2870 3601 2939 tribunal

596 2975 979 3062 collegiale
1014 2977 1486 3046 constituunt
1513 2978 1838 3061 suspecti
1868 2977 2365 3060 declarentur,
2407 2996 2764 3063 personae
2793 2978 3070 3045 mutari
3102 2977 3416 3058 debent,
3464 2998 3600 3046 non

599 3103 775 3151 vero
804 3083 1062 3150 iudicii
1095 3083 1372 3167 gradus
1413 3083 1464 3149 ⁴.

777 3189 811 3273 5
856 3190 923 3256 2.
973 3190 1357 3272 ordinarii
1412 3195 1658 3260 autem
1715 3196 1829 3261 est
1874 3194 1954 3261 in
1999 3193 2239 3261 locum
2295 3193 2622 3261 iudicum
2672 3193 2799 3277 qui
2844 3193 3169 3277 suspecti
3224 3192 3600 3261 declarati

600 3301 801 3381 sunt,
843 3297 1032 3366 alios
1067 3316 1116 3366 a
1151 3298 1567 3384 suspicione
1602 3300 1965 3367 immunes
2003 3300 2426 3386 subrogare.

776 3403 810 3487 5
855 3405 923 3473 3.
973 3404 1186 3486 Quod
1226 3408 1291 3474 si
1333 3408 1642 3491 ipsemet
1691 3409 2139 3477 ordinarius
2177 3408 2602 3478 declaratus
2641 3411 2876 3479 tuerit
2927 3413 3346 3495 suspectus,
3412 3409 3601 3480 idem

599 3517 909 3598 peragat
950 3512 1170 3582 iudex
1206 3514 1628 3583 immediate
1661 3515 2023 3601 superior.

1938 3662 2053 3714 AN.
2279 3699 2296 3717 .

774 3755 1136 3841 Exceptio
1174 3756 1619 3841 suspicionis
1659 3650 2668 3842 ειρθᾱξῐίεείῑιηῗῗὶεῇῑιίειιᾶα
2708 3764 2847 3841 est,
2893 3759 3176 3828 auditis
3217 3763 3599 3844 partibus,

596 3869 1035 4039 Effzogges
1055 3864 1389 3933 iustitiae
1416 3866 1534 3934 vel
1569 3866 1850 3934 vinculi
1878 3866 2287 3950 defensore,
2325 3868 2390 3935 si
2422 3868 2799 3951 intersint,
2833 3868 3075 3936 necin
3107 3868 3317 3953 ipsos
3356 3872 3596 3956 suspi-

779 4161 802 4197 ¹
837 4161 903 4213 Ο.
932 4161 1037 4222 1-8,
1063 4160 1130 4214 0.
1165 4161 1267 4222 1v,
1293 4172 1349 4223 q.
1381 4162 1430 4223 4:
1455 4172 1503 4213 c.
1531 4160 1615 4221 68,
1646 4161 1729 4222 70,
1761 4161 1844 4221 71,
1875 4160 1960 4221 78,
1991 4161 2074 4221 79,
2106 4160 2189 4222 88,
2222 4160 2289 4213 0.
2315 4161 2417 4222 XI,
2443 4172 2498 4223 q.
2525 4161 2576 4224 ὃς
2598 4172 2649 4213 c.
2676 4161 2761 4223 17,
2788 4162 2855 4221 X,
2892 4163 2964 4213 de
2988 4162 3176 4222 afficta
3201 4166 3264 4214 et
3297 4168 3600 4223 potestate

600 4251 815 4302 iudicis
848 4249 1121 4311 delavati,
1152 4252 1202 4312 1,
1230 4251 1313 4314 293
1346 4263 1396 4303 c.
1429 4250 1512 4312 18,
1542 4249 1610 4312 X,
1643 4253 1715 4302 de
1742 4250 2001 4310 iudiciis,
2034 4251 2117 4312 11,
2145 4253 2196 4313 13
2222 4262 2273 4303 c.
2305 4252 2357 4313 4,
2387 4252 2454 4312 X,
2485 4255 2553 4303 ut
2592 4251 2697 4303 lite
2726 4264 2843 4301 nou
2874 4254 3205 4302 contestata
3238 4266 3363 4304 non
3407 4266 3598 4315 prooe-

602 4343 783 4393 datur
805 4344 884 4393 aa
914 4342 1153 4393 testium
1186 4343 1576 4402 receptionem
1605 4341 1695 4392 vel
1723 4344 1800 4392 ad
1827 4344 2183 4394 seutentiam
2219 4341 2602 4402 definitivam,
2632 4343 2715 4404 11,
2745 4342 2795 4404 6;
2819 4354 2869 4394 c.
2901 4342 2985 4403 36,
3016 4344 3101 4403 41,
3130 4343 3199 4402 Χ,
3230 4346 3308 4395 de
3335 4345 3600 4405 appell·-

604 4430 881 4490 tionibus,
907 4432 1375 4484 recusationibus
1406 4437 1464 4484 et
1488 4431 1895 4492 relationibus,
1923 4433 2005 4493 11,
2035 4432 2116 4494 28;
2140 4433 2400 4494 Regulae
2425 4432 2750 4484 servandae
2776 4434 2839 4483 in
2865 4432 3101 4484 iudiciis
3124 4433 3290 4493 apud
3325 4434 3598 4496 Suprem-

603 4523 960 4583 signaturae
989 4522 1097 4583 Ap.
1130 4522 1434 4583 Tribunal,
1467 4522 1502 4574 6
1538 4526 1714 4575 mart.
1749 4522 1899 4582 1912,
1932 4526 2048 4574 art.
2090 4524 2140 4574 2.

772 4620 798 4655 ⁸
845 4612 909 4664 Ο.
953 4613 1037 4672 17,
1068 4612 1150 4673 26,
1181 4613 1264 4673 27,
1296 4614 1380 4673 35,
1410 4614 1493 4674 39,
1525 4614 1591 4675 Χ,
1640 4614 1712 4664 de
1752 4614 1939 4673 officio
1982 4618 2040 4665 et
2091 4616 2384 4673 potestate
2428 4614 2640 4665 iudicis
2684 4613 2957 4674 delecati,
3002 4615 3053 4673 1,
3084 4613 3165 4675 29;
3205 4624 3260 4664 c.
3293 4614 3386 4674 18,
3422 4617 3495 4677 Χ,
3536 4618 3600 4665 ae

598 4704 857 4761 iudiciis,
889 4702 972 4763 11,
1002 4703 1052 4764 1;
1081 4714 1131 4754 c.
1163 4703 1214 4763 4,
1246 4703 1311 4763 X,
1352 4705 1423 4754 de
1448 4703 1582 4762 soro
1613 4702 1985 4762 competenti,
2025 4704 2109 4764 11,
2144 4703 2193 4766 2;
2220 4716 2271 4756 c.
2307 4705 2357 4764 4,
2393 4704 2460 4764 X,
2491 4706 2559 4755 ut
2592 4703 2697 4755 lite
2726 4715 2844 4754 uon
2874 4705 3204 4755 contestata
3237 4716 3363 4755 nou
3409 4715 3598 4765 prooe-

600 4797 781 4847 aatur
804 4797 882 4846 aa
907 4794 1146 4846 testium
1169 4794 1556 4854 receptionem
1580 4797 1672 4846 vel
1703 4797 1781 4846 acl
1806 4794 2161 4847 senteutiam
2186 4794 2568 4855 definitivam,
2597 4795 2678 4855 11,
2704 4794 2755 4856 63
2775 4806 2826 4846 c.
2853 4794 2936 4853 36,
2968 4795 3051 4854 41,
3081 4794 3166 4854 61,
3196 4795 3268 4855 Χ,
3299 4797 3377 4846 de
3406 4795 3596 4859 appel-

601 4884 941 4943 lationibus,
968 4885 1436 4937 recusationibus
1465 4889 1524 4936 et
1548 4885 1955 4945 relationibus,
1982 4885 2064 4945 11,
2089 4885 2172 4946 2&
2197 4897 2246 4937 c.
2280 4886 2330 4947 4,
2358 4887 2430 4936 de
2454 4885 2641 4945 officio
2666 4888 2725 4936 et
2749 4888 3043 4945 potestate
3067 4882 3288 4937 iudicis
3316 4885 3597 4947 aeleaui

603 4976 652 5037 1,
681 4976 765 5037 14,
798 4977 861 5026 in
888 4977 1014 5039 V103
1052 4975 1110 5028 S.
1142 4975 1208 5028 Ο.
1239 4975 1325 5035 0..
1359 4975 1635 5035 lt'eltreu„
1669 4975 1735 5029 18
1762 4980 1910 5037 sept.
1942 4976 2088 5038 1515st
2127 4974 2468 5036 Tun-uana,
2500 4976 2566 5027 16
2593 4975 2715 5027 dec.
2756 4975 2905 5037 1724,
2941 4975 3006 5027 13
3037 4976 3154 5025 ian.
3185 4974 3342 5037 1726,
3378 4977 3467 5029 ad
3498 4976 3595 5033 1&

606 5064 909 5124 Ostanen„
941 5066 1007 5117 12
1044 5066 1147 5118 iul.
1181 5066 1327 5118 1823.

772 5162 799 5198 ³
839 5155 904 5208 Ο.
937 5157 988 5216 4,
1019 5156 1086 5217 X,
1127 5157 1198 5208 de
1228 5156 1361 5215 soro
1394 5157 1763 5216 competenti,
1807 5157 1890 5217 11,
1923 5157 1972 5209 2.

775 5247 803 5283 ⁴
838 5246 904 5300 C.
936 5247 1019 5308 18,
1060 5247 1126 5305 X,
1161 5248 1231 5297 de
1262 5246 1519 5306 iudiciis,
1561 5248 1644 5309 11,
1684 5250 1735 5310 1:
1765 5258 1813 5299 c.
1848 5249 1932 5309 41,
1968 5249 2051 5309 61,
2086 5249 2152 5309 Χ,
2187 5249 2259 5299 de
2292 5245 2806 5319 appellationibus,
2839 5245 3318 5299 recusationibus
3351 5253 3418 5300 et
3457 5243 3594 5298 cela-

607 5337 880 5395 tionibus,
917 5336 998 5397 11.
1033 5337 1113 5389 Ξ.

777 5430 804 5465 ⁸
836 5428 1007 5478 conc.
1041 5429 1325 5488 Trident„
1368 5441 1509 5480 sess
1543 5429 1706 5490 XXV,
1740 5430 1810 5479 de
1839 5427 1974 5488 res„
2009 5441 2057 5479 c.
2091 5430 2171 5480 10.
