3753 5871
591 277 701 334 564
1729 278 1928 329 codsa
1972 277 2003 327 1
2005 275 2134 326 urle
2172 275 2454 329 Gemini

777 465 812 547 ξ
857 464 924 530 2.
976 464 1142 532 Non
1195 471 1308 532 est
1360 483 1650 533 necesse
1691 470 1777 534 ut
1816 472 2107 534 constet
2150 468 2230 534 in
2283 467 2523 551 specie
2572 467 2664 535 de
2712 465 3145 548 virtutibus,
3193 464 3559 550 martyrio,

600 574 1006 656 miraculis,
1048 573 1174 641 sed
1216 574 1484 642 sufficit
1525 579 1610 643 ut
1648 575 2003 659 probetur
2039 575 2243 642 fama
2288 575 2369 641 in
2407 593 2696 661 genere,
2738 579 3175 659 spontanea,
3226 592 3382 641 non
3427 578 3565 640 arte

599 687 732 750 aut
772 682 1163 766 diligentia
1197 684 1518 749 humana
1553 689 1979 767 procurata,
2013 689 2180 753 orta
2220 685 2315 751 ab
2355 683 2685 751 honestis
2723 688 2800 753 et
2837 683 3188 768 gravibus
3222 679 3565 767 personis,

600 792 982 869 continua,
1034 792 1110 857 in
1169 792 1326 858 dies
1373 798 1594 859 aucta
1644 797 1721 860 et
1766 793 2022 877 vigens
2070 793 2148 858 in
2199 793 2574 877 praesenti
2621 791 2822 876 apud
2880 791 3231 858 maiorem
3297 794 3563 874 partem

598 901 854 984 populi
904 897 950 964 ¹.

774 1008 807 1091 ξ
853 1008 921 1076 3.
972 1008 1410 1076 Praemissis
1463 1010 1932 1093 generalibus
1987 1010 2543 1095 quaestionibus
2604 1009 2700 1076 ad
2757 1026 3087 1076 normam
3149 1024 3325 1074 can.
3393 1005 3567 1083 1⁷74,

598 1119 913 1185 testibus
947 1118 1280 1202 quaestio
1313 1119 1391 1184 in
1431 1118 1693 1202 primis
1730 1137 1779 1185 a
1816 1118 2060 1186 iudice
2093 1121 2557 1202 proponatur
2589 1117 2767 1202 quid
2800 1135 3056 1201 nempe
3092 1116 3187 1184 de
3218 1115 3413 1196 vita,
3445 1115 3565 1181 vir-

601 1227 914 1308 tutibus,
952 1227 1332 1295 miraculis
1373 1231 1508 1294 aut
1540 1228 1905 1312 martyrio
1940 1226 2151 1295 Servi
2186 1226 2326 1294 Dei
2360 1226 2456 1293 ad
2499 1243 2751 1294 eorum
2786 1224 3128 1293 notitiam
3166 1224 3573 1309 pervenerit

595 1338 671 1401 et
706 1334 1067 1419 quomodo
1104 1335 1280 1402 haec
1319 1335 1659 1403 noverint
1695 1340 1771 1403 et
1809 1355 1908 1403 an
1945 1336 2189 1403 sciant
2232 1335 2325 1403 de
2360 1334 2631 1403 eisdem
2678 1352 2835 1402 esse
2874 1332 3245 1417 publicam
3288 1332 3571 1399 famam.

592 1447 668 1508 et
699 1441 965 1510 deinde
1000 1442 1508 1526 interrogandi
1548 1449 1725 1512 sunt
1768 1462 1992 1528 super
2027 1441 2624 1526 interrogatoriis
2661 1461 2704 1509 a
2752 1446 3172 1526 promotore
3208 1438 3394 1508 fidei
3424 1458 3567 1506 con·

590 1548 809 1615 fectis
853 1553 929 1616 et
964 1567 1186 1633 super
1220 1550 1562 1619 articulis
1597 1571 1640 1619 a
1679 1552 2143 1635 postulatore
2178 1551 2527 1619 exhibitis
2568 1548 2620 1611 ².

1879 1730 2057 1796 CAN.
2088 1728 2283 1795 2051.

766 1869 1072 1936 Absolvi
1129 1870 1385 1954 nequit
1440 1887 1825 1954 processus
1889 1870 2437 1952 informativus,
2498 1871 2644 1937 nisi
2701 1870 2912 1954 prins
2974 1876 3367 1953 promotor
3426 1868 3571 1936 fidei

595 1997 845 2048 omnes
879 1979 976 2047 ad
1023 1997 1100 2047 se
1138 1979 1482 2047 remissas
1519 1977 1838 2061 litteras,
1879 1979 1970 2047 de
2009 1978 2276 2063 quibus
2311 1976 2393 2044 in
2436 1996 2601 2046 can.
2644 1977 2842 2061 2025,
2890 1977 3337 2062 expenderit
3381 1976 3569 2061 eique

591 2089 1017 2156 constiterit
1051 2088 1511 2155 examinatos
1540 2087 1773 2156 fuisse
1802 2107 1927 2156 eos
1951 2087 2044 2155 de
2081 2086 2347 2171 quibus
2383 2088 2462 2154 in
2492 2104 2658 2154 can.
2699 2085 3095 2154 mas-2⁰25.

1881 2266 2060 2334 ΟΑΝ.
2091 2266 2288 2334 2052.

771 2410 1128 2478 Tribunal
1179 2429 1343 2478 cum
1388 2409 1831 2478 iudicaverit
1881 2409 2353 2493 probationes
2402 2428 2652 2479 omnes
2691 2411 2844 2478 sive
2884 2428 3017 2494 per
3057 2410 3377 2478 testium
3427 2426 3564 2476 exa·

595 2538 756 2587 men
814 2519 966 2587 sive
1021 2537 1152 2603 per
1199 2520 1807 2587 documentorum
1867 2517 2393 2586 exhibitionem
2453 2519 2687 2586 fuisse
2740 2518 3090 2587 collectas
3151 2524 3233 2587 et
3309 2517 3569 2603 scripta

591 2628 838 2694 omnia
880 2626 1090 2695 Servi
1127 2627 1292 2707 Dei,
1345 2645 1532 2711 quae
1570 2626 1826 2695 haberi
1863 2630 2236 2710 poterant,
2280 2627 2357 2693 in
2398 2627 2589 2694 actis
2627 2645 2809 2709 esse,
2850 2627 3112 2695 audito
3161 2634 3569 2711 promotore

595 2735 790 2818 fidei,
834 2732 1131 2805 moneat
1173 2736 1708 2821 postulatorem
1744 2741 1853 2818 ut,
1895 2737 1960 2803 si
1996 2735 2149 2803 alia
2187 2734 2480 2817 habeat,
2526 2734 2794 2803 offerat
2836 2736 3043 2803 intra
3074 2740 3376 2802 certum
3414 2740 3563 2802 tem·

593 2847 792 2930 poris
828 2845 1178 2930 spatium,
1218 2863 1363 2929 quo
1402 2845 1679 2928 elapso,
1718 2844 2094 2929 processui
2132 2842 2303 2911 finis
2337 2844 2771 2928 imponitur.

1863 3026 2039 3094 om.
2076 3025 2272 3094 2053.

761 3164 1073 3233 lubente
1105 3166 1348 3235 iudice
1386 3171 1463 3235 et
1496 3185 1642 3234 non
1673 3167 2230 3237 contradicente
2271 3172 2690 3252 promotore
2724 3167 2919 3251 fidei,
2958 3168 3310 3236 notarius
3355 3167 3560 3252 publi-

583 3281 699 3342 cet
735 3291 1175 3359 processum;
1206 3275 1331 3360 qui
1366 3277 1649 3345 scribae
1680 3297 1728 3346 a
1752 3277 2115 3345 tribunali
2142 3277 2532 3361 designato
2558 3275 3167 3345 transcribendas
3193 3275 3559 3343 tradatur.

1872 3455 2050 3522 CAN.
2082 3455 2278 3522 2054.

763 3590 1162 3676 Exemplar
1197 3612 1607 3678 processus,
1647 3614 1802 3678 seu,
1845 3602 1932 3665 ut
1962 3598 2202 3679 aiunt,
2254 3602 2834 3684 transumptum,
2877 3600 3072 3667 sicut
3109 3601 3290 3667 acta
3336 3598 3558 3666 arche-

584 3706 786 3787 typa,
827 3719 1049 3768 manu
1083 3704 1684 3771 transcribantur
1715 3703 1766 3770 ³.

1872 3832 2050 3899 CAN.
2082 3831 2277 3899 2055.

752 3969 1114 4037 Absoluto
1163 3978 1659 4056 transumpto,
1703 3973 1837 4042 fiat
1883 3975 2043 4042 eius
2079 3975 2385 4044 collatio
2420 3995 2587 4045 cum
2627 3977 3030 4065 archetypo
3065 3995 3113 4044 a
3162 3979 3466 4046 notario
3498 3989 3557 4042 et

582 4077 675 4142 ab
712 4077 872 4144 eius
909 4077 1287 4162 adiuncto,
1329 4082 1842 4165 praesentibus
1884 4101 2032 4151 uno
2067 4102 2156 4152 ex
2195 4084 2565 4153 iudicibus
2612 4089 2688 4154 et
2726 4090 3144 4170 promotore
3184 4084 3391 4171 fidei3
3440 4102 3558 4170 qua

581 4186 979 4254 collatione
1011 4189 1328 4274 expleta,
1363 4190 1460 4258 ad
1499 4191 2146 4261 authenticitatem
2181 4194 2636 4278 transumpti
2678 4193 3132 4279 probandam
3167 4197 3339 4261 tum
3379 4199 3554 4261 nota·

583 4293 742 4360 rius
784 4300 941 4361 tum
988 4296 1206 4364 iudex
1258 4303 1334 4366 et
1377 4303 1754 4380 promotor
1796 4298 1971 4368 fidei
2021 4300 2562 4385 subscriptione
2610 4321 2744 4369 sua
2796 4306 2875 4371 et
2915 4302 3165 4388 sigillo
3206 4307 3555 4370 transum-

587 4410 795 4488 ptum
834 4393 1362 4475 communiant.

1875 4534 2054 4602 om.
2084 4534 2278 4601 2056.

758 4670 792 4751 ξ
840 4671 905 4736 1.
955 4672 1321 4741 Absoluta
1344 4675 1765 4758 collatione,
1797 4675 2277 4763 archetypum
2308 4677 2688 4746 clauditur
2723 4683 2800 4747 et
2827 4678 3097 4765 sigillis
3131 4679 3474 4745 munitur
3496 4675 3556 4741 in

582 4777 883 4847 archivo
915 4778 1187 4887 Curiae
1225 4782 1621 4867 diligenter
1655 4785 2183 4852 asservandum
2227 4790 2302 4854 et
2337 4804 2712 4871 nunquam
2750 4786 3228 4872 aperiendum
3269 4786 3435 4852 sine
3463 4800 3552 4849 ve

591 4888 713 4954 nia
750 4887 962 4956 Sedis
993 4890 1464 4973 Apostolicae
1503 4887 1555 4954 ⁴.

772 5170 784 5203 ¹
876 5206 886 5218 .
926 5168 996 5221 R.
1031 5172 1118 5230 C..
1155 5172 1272 5224 utt.
1303 5173 1521 5233 encycl.
1558 5173 1623 5224 12
1654 5178 1828 5226 murt.
1864 5173 2008 5226 1631.

921 5259 990 5312 R.
1033 5263 1120 5322 0.,
1155 5262 1323 5315 lustr.
1356 5274 1412 5316 a.
1450 5262 1597 5317 1878.

877 5387 889 5400 .
924 5349 993 5402 R.
1026 5352 1112 5409 G..
1144 5352 1298 5404 decr.
1330 5352 1365 5404 8
1393 5365 1518 5415 apr.
1554 5353 1702 5415 1880,
1733 5367 1791 5405 n.
1826 5354 1908 5406 11.

920 5441 989 5491 R.
1024 5443 1110 5500 C..
1148 5443 1260 5495 ntt.
1299 5445 1515 5506 encycl.
1551 5445 1617 5496 12
1645 5448 1819 5498 mart.
1863 5445 2009 5506 16813
2040 5446 2195 5506 defer.
2238 5447 2272 5499 8
2302 5457 2427 5507 apr.
2472 5444 2618 5500 1880.
2654 5458 2711 5496 n.
2748 5446 2828 5497 11.
