3753 5871
466 329 545 371 ιι
1597 319 1792 369 coam
1840 319 2002 369 turis
2041 288 2330 370 σακοιιιοι

670 498 989 575 Verum
1021 500 1476 593 enimvero,
1515 502 1746 602 quod
1775 505 1957 603 ipse
1991 503 2128 582 fel.
2163 525 2327 583 rec.
2363 507 2768 585 Decessor
2800 508 3099 587 Noster
3128 508 3338 587 Pius
3363 510 3451 599 Χ,

468 640 710 718 Motu
744 643 1083 743 proprio
1128 673 1166 713 «
1216 645 1596 720 Arduum
1629 666 1834 722 sane
1872 614 1936 736 n,¹
1975 646 2053 725 d.
2092 668 2232 723 xw
2272 647 2461 726 Kal.
2506 649 2711 750 Apr.
2750 671 2824 728 a.
2864 671 3161 726 ucnnv
3195 651 3447 742 edito,

469 782 896 882 sapienter
927 783 1321 875 advertit,
1353 788 1834 888 temporum
1864 788 2498 868 conditionibus
2531 790 3146 893 hominumque
3177 816 3454 872 neces-

468 923 886 1017 sitatibus,
963 931 1218 1028 prout
1288 950 1578 1006 rerum
1646 931 1958 1009 natura
1997 930 2183 1024 fert,
2225 931 2729 1024 immutatis,
2774 934 2908 1012 ius
2949 936 3454 1018 canonicum

469 1071 642 1145 iam
686 1088 938 1145 suum
981 1069 1238 1147 finem
1286 1069 1520 1148 haud
1563 1071 1953 1174 expedite
2009 1073 2422 1173 persequi·
2448 1077 2680 1153 omni
2726 1097 2832 1153 ex
2886 1078 3127 1177 parte
3169 1074 3453 1154 visum

469 1213 623 1287 est.
669 1209 1214 1290 Saeculorum
1261 1213 1492 1290 enim
1529 1212 1914 1303 decursu,
1957 1214 2179 1315 leges
2217 1214 2902 1316 quamplurimae
2943 1216 3455 1316 prodierant,

468 1373 833 1450 quarum
874 1353 1338 1432 nonnullae
1377 1358 1529 1432 aut
1565 1375 1968 1455 suprema
1997 1355 2419 1434 Ecclesiae
2464 1355 2969 1435 auctoritate
3008 1357 3457 1460 abrogatae

471 1496 674 1572 sunt
712 1497 865 1573 aut
908 1496 1143 1596 ipsae
1181 1495 1809 1588 obsoleverunt;
1854 1497 2315 1576 nonnullae
2353 1520 2554 1577 vero
2593 1501 2746 1577 aut
2784 1520 2935 1600 pro
2974 1497 3456 1576 conditione

467 1641 940 1736 temporum
968 1635 1343 1717 difficiles
1368 1637 1477 1716 ad
1501 1638 2159 1738 exsequendum,
2193 1641 2348 1717 aut
2373 1640 2807 1718 communi
2831 1639 3219 1718 omnium
3241 1638 3462 1717 bono

469 1780 760 1856 minus
815 1782 907 1857 in
966 1783 1392 1880 praesenti
1451 1779 1704 1858 utiles
1751 1780 2148 1857 minusve
2196 1783 2722 1881 opportunae
2772 1764 3247 1857 evaserunt.
3297 1780 3457 1858 Ac-

473 1920 699 1999 cedit
744 1921 1027 2011 etiam,
1074 1921 1303 2021 quod
1358 1921 1582 2021 leges
1629 1924 2086 2002 canonicae
2131 1924 2258 2002 ita
2315 1946 2667 2002 numero
2740 1928 3203 2017 creverant,
3281 1928 3459 2002 tam

473 2064 948 2142 disiunctae
1011 2062 1607 2164 dispersaeque
1658 2065 2218 2165 vagabantur,
2276 2071 2372 2143 ut
2423 2065 2630 2143 satis
2683 2067 3003 2144 multae
3055 2064 3458 2165 peritissi-

473 2223 658 2282 mos
688 2205 938 2304 ipsos,
982 2204 1299 2283 nedum
1338 2205 1673 2307 vulgus,
1715 2206 2103 2284 laterent.

679 2347 1005 2444 Quibus
1043 2348 1147 2427 de
1192 2350 1493 2441 causis,
1534 2348 1765 2428 idem
1805 2349 1946 2427 fel.
1994 2372 2150 2427 rec.
2199 2353 2602 2427 Decessor
2641 2350 2963 2439 Noster,
3019 2350 3312 2427 statim
3367 2372 3465 2427 ac

479 2491 1083 2569 Pontificatum
1129 2493 1522 2593 suscepit,
1572 2513 1859 2569 secum
1906 2493 2087 2593 ipse
2145 2494 2550 2593 reputans
2606 2494 2931 2591 quanto
2976 2490 3194 2569 foret
3237 2491 3456 2580 usui,

477 2635 584 2711 ad
625 2632 1168 2735 disciplinam
1209 2633 1866 2711 ecclesiasticam
1918 2633 2532 2712 restituendam
2584 2632 3119 2725 firmandam,
3165 2634 3236 2710 si
3277 2655 3460 2735 gra-

476 2774 727 2852 vibus
768 2773 958 2865 illis,
996 2795 1213 2874 quae
1255 2796 1514 2876 supra
1549 2777 2160 2867 enarravimus,
2204 2775 2766 2854 incommodis
2799 2775 3154 2856 sollicite
3188 2775 3465 2854 mede-

481 2918 737 3008 retur,
787 2918 1240 2996 consilium
1289 2917 1489 2995 iniit
1528 2918 1973 2997 universas
2016 2918 2436 2997 Ecclesiae
2480 2919 2730 3020 leges,
2780 2918 2890 2997 ad
2942 2919 3153 2998 haec
3197 2940 3467 3019 usque

480 3062 864 3160 tempora
899 3059 1195 3151 editas,
1227 3059 1510 3138 lucido
1548 3060 1842 3138 ordine
1882 3060 2252 3162 digestas
2291 3062 2382 3139 in
2412 3083 2682 3137 unum
2721 3058 3208 3160 colligendi3
3243 3079 3468 3137 amo-

482 3203 594 3281 tis
626 3203 824 3282 inde
856 3225 1073 3303 quae
1108 3204 1560 3304 abrogatae
1601 3204 1776 3282 iam
1810 3208 2091 3282 essent
2125 3206 2276 3281 aut
2308 3203 2768 3292 obsoletae;
2804 3202 3020 3290 aliis,
3070 3201 3217 3279 ubi
3255 3223 3471 3301 opus

480 3350 718 3438 esset,
757 3349 866 3426 ad
905 3351 1236 3427 nostros
1276 3349 1760 3450 praesentes
1793 3366 2070 3424 mores
2104 3345 2668 3446 opportunius
2702 3343 3363 3423 accommodatis
3403 3342 3467 3432 ι;

486 3487 676 3566 aliis
716 3479 1000 3579 etiam,
1046 3488 1118 3564 si
1169 3487 1513 3587 quando
1591 3509 1927 3566 necesse
1971 3510 2148 3565 esse
2201 3490 2354 3565 aut
2396 3485 2789 3587 expedire
2868 3485 3320 3575 videretur,
3366 3507 3471 3562 ex

485 3654 703 3708 novo
744 3631 1249 3708 constitutis.
1301 3631 1513 3707 Rem
1563 3651 1765 3709 sane
1808 3629 2321 3731 perarduam
2360 3629 2552 3728 post
2590 3629 3019 3705 maturam
3061 3625 3468 3704 delibera-

485 3774 803 3850 tionem
842 3793 1313 3872 aggressus,
1358 3793 1552 3849 cum
1585 3793 2018 3849 sacrorum
2067 3768 2541 3859 Antistites,
2600 3789 2811 3868 quos
2853 3768 3222 3866 Spiritus
3266 3767 3472 3843 San-

486 3924 709 3992 ctus·
746 3913 1034 4013 posuit
1100 3932 1385 4010 ωροτε
1454 3911 1920 3989 Ecclesiam
1979 3912 2153 4002 Dei,
2201 3910 2497 3989 eadem
2580 3932 2837 4011 super
2878 3932 2967 3987 re
3013 3907 3472 3996 consulere,

484 4079 944 4157 eorumque
981 4058 1308 4134 mentes
1344 4054 1596 4156 plane
1640 4075 2137 4156 cognoscere
2182 4054 2528 4131 omnino
2566 4054 2949 4153 oportere
2985 4048 3470 4137 iudicasset,

487 4199 862 4299 primum
902 4198 1289 4276 omnium
1337 4195 1425 4274 id
1474 4195 1809 4274 curavit
1856 4218 1956 4274 ac
2002 4194 2300 4285 voluit,
2347 4197 2443 4273 ut
2482 4193 2964 4273 Cardinalis
3004 4215 3058 4271 a
3097 4190 3478 4271 Publicis

488 4341 907 4420 Ecclesiae
954 4341 1351 4441 NegotiiS,
1397 4339 1623 4418 datis
1667 4339 1976 4418 litteris
2029 4339 2139 4416 ad
2193 4336 2372 4415 VV.
2423 4335 2573 4412 FF.
2623 4333 3003 4436 singulos
3051 4332 3471 4413 Catholici

487 4484 733 4562 Orbis
789 4481 1516 4583 Archiepiscopos,
1576 4482 1882 4558 iisdem
1932 4480 2497 4557 committeret
2543 4480 2643 4555 ut
2695 4508 2731 4547 «
2785 4475 3105 4556 auditis
3156 4475 3471 4554 Suffra-

491 4661 525 4692 «ι
563 4622 856 4725 ganeis
900 4623 1076 4700 suis
1114 4621 1497 4720 aliisque,
1538 4621 1610 4698 si
1654 4622 1802 4720 qui
1848 4621 2150 4709 essent,
2191 4616 2666 4695 ordinariis
2712 4618 2861 4716 qui
2899 4616 3239 4716 Synodo
3278 4619 3477 4694 Pro-

491 4796 526 4833 «
559 4731 909 4843 vinciali
975 4765 1380 4841 interesse
1459 4761 1886 4850 deberent,
1939 4759 2580 4860 quamprimum
2624 4759 2826 4837 huic
2874 4757 3234 4836 Sanctae
3281 4756 3478 4835 Sedi

494 4939 529 4977 «
566 4908 862 5009 paucis
909 4907 1317 4986 referrent
1367 4928 1478 4984 an
1526 4907 1611 4984 et
1657 4924 2081 5005 quaenam
2120 4902 2212 4979 in
2253 4900 2578 5001 vigenti
2617 4900 2801 4978 iure
2840 4899 3276 4989 canonico,
3325 4919 3485 4976 sua

493 5081 529 5119 «
564 5072 1024 5152 eorumque
1098 5047 1548 5139 sententia,
1640 5044 2238 5124 immutatione
2312 5043 2446 5119 vel
2522 5040 3115 5120 emendatione
3190 5038 3484 5138 aliqua

499 5225 534 5262 «ι
569 5214 772 5292 prae
801 5195 1099 5273 ceteris
1136 5194 1619 5291 indigerent
1653 5224 1689 5262 υ
1732 5194 1787 5270 ’.

694 5356 713 5389 ¹
756 5354 854 5422 Cf.
897 5357 1084 5421 Motu
1126 5358 1400 5439 proprio
1446 5380 1480 5413 «
1509 5357 1827 5420 Aramum
1865 5373 2035 5418 sans
2064 5376 2118 5415 ιι.

693 5472 715 5505 ’
757 5470 857 5537 Cf.
906 5472 1275 5556 Epistulam
1324 5496 1360 5530 «
1388 5473 1802 5554 Pergratum
1842 5471 2012 5534 mihi
2040 5492 2074 5525 ιι
2119 5467 2229 5532 die
2269 5467 2351 5532 25
2390 5465 2615 5531 Martii
2659 5466 2833 5531 1904.
