3753 5871
564 297 679 358 ⁴58
1701 298 1898 349 Codes
1943 295 2106 349 tam
2142 296 2426 350 06110646(

1840 516 2020 586 CAN·
2071 515 2267 585 1576.

746 642 782 726 ξ
829 645 895 708 1.
943 640 1368 728 Reprobata
1388 641 1768 710 contraria
1792 641 2326 709 consuetudine
2348 644 2426 710 et
2449 644 2790 709 revocato
2821 639 3151 725 quolibet
3176 638 3563 707 contrario

570 748 1001 835 privilegio:

830 860 927 923 1.⁶
970 857 1257 925 Causae
1293 857 1798 925 contentiosae
1836 857 1929 925 de
1974 856 2272 925 vinculo
2312 873 2567 925 sacrae
2616 855 3134 937 ordinationis,
3187 859 3265 923 et
3303 852 3562 921 matri·

568 964 823 1047 monii,
861 964 977 1032 vel
1014 964 1106 1033 de
1136 964 1428 1033 iuribus
1462 969 1600 1033 aut
1641 965 1853 1033 bonis
1889 964 2421 1051 temporalibus
2454 963 2906 1032 cathedralis
2940 962 3315 1046 ecclesiae
3357 962 3562 1029 item·

572 1090 710 1158 que
740 1072 1165 1141 criminales
1206 1073 1287 1140 in
1332 1072 1598 1158 quibus
1635 1091 1752 1140 res
1792 1077 1908 1141 est
1942 1072 2035 1141 de
2069 1072 2486 1158 privatione
2520 1071 2854 1140 beneficii
2888 1070 3398 1138 inamovibilis
3434 1072 3565 1136 aut

566 1181 658 1250 de
684 1180 1085 1266 irroganda
1114 1180 1231 1250 vel
1256 1180 1706 1249 declaranda
1728 1178 2505 1263 excommunicatione,
2538 1179 2903 1247 tribunali
2927 1178 3299 1264 collegiali
3330 1176 3564 1246 trium

568 1287 894 1356 iudicum
938 1291 1431 1372 reservantur3

820 1394 917 1463 2.“
961 1397 1250 1465 Causae
1278 1415 1451 1465 vero
1495 1396 1761 1481 quibus
1800 1396 2054 1482 agitur
2086 1395 2179 1464 de
2211 1394 2506 1465 delictis
2542 1413 2729 1481 quae
2764 1393 3273 1480 depositionis,
3315 1392 3561 1478 priva-

567 1504 796 1573 tionis
837 1509 1238 1591 perpetuae
1280 1504 1578 1572 habitus
1622 1502 2128 1587 ecclesiastici,
2175 1503 2295 1571 vel
2337 1502 2893 1587 degradationis
2934 1518 3246 1586 poenam
3287 1500 3564 1585 impor-

568 1613 760 1693 tant,
812 1614 1284 1682 reservantur
1318 1611 1679 1679 trihunali
1728 1612 2051 1698 quinque
2086 1611 2439 1680 iudicum.

749 1718 782 1799 §
829 1717 896 1784 2.
945 1717 1121 1787 Loci
1164 1718 1610 1787 ordinarius
1644 1719 2006 1787 tribunali
2036 1718 2408 1805 collegiali
2444 1719 2674 1787 trium
2717 1718 2833 1787 vel
2872 1718 3193 1803 quinque
3227 1717 3565 1784 iudicum

565 1826 1060 1911 cognitionem
1103 1827 1562 1895 committere
1608 1830 1852 1911 potest
1889 1827 2112 1896 etiam
2152 1827 2470 1894 aliarum
2507 1844 2927 1908 causarum,
2972 1825 3193 1910 idque
3229 1842 3562 1910 praeser-

567 1932 703 2000 tim
744 1933 976 2000 faciat
1015 1933 1309 2018 quando
1345 1934 1437 2003 de
1472 1929 1719 2001 causis
1765 1935 2019 2020 agitur
2060 1953 2270 2021 quae,
2311 1933 2624 2002 attentis
2664 1934 3044 2020 temporis,
3094 1931 3240 2000 loci
3275 1936 3362 2001 et
3408 1949 3561 2016 per·

568 2057 916 2107 sonarum
964 2040 1339 2110 adiunctis
1384 2044 1461 2110 et
1504 2042 1815 2110 materia
1876 2042 2161 2125 iudicii,
2222 2042 2670 2110 difficiliores
2720 2044 2797 2110 et
2841 2039 3145 2108 maioris
3204 2038 3565 2106 momenti

565 2146 983 2215 videantur.

742 2254 776 2338 ξ
820 2256 890 2324 3.
940 2255 1109 2325 Duo
1150 2258 1266 2325 vel
1322 2260 1640 2341 quatuor
1681 2257 1964 2326 iudices
2006 2259 2133 2343 qui
2176 2276 2327 2325 una
2368 2274 2538 2326 cum
2584 2256 2923 2342 praeside
2964 2257 3298 2325 tribunal
3345 2256 3563 2325 colle·

565 2362 760 2449 giale
793 2365 1290 2441 constituunt,
1329 2365 1528 2434 inter
1564 2365 1846 2434 iudices
1883 2365 2274 2452 synodales
2321 2365 2791 2449 ordinarius,
2845 2365 2989 2432 nisi
3030 2383 3167 2449 pro
3205 2382 3350 2431 sua.
3392 2382 3560 2450 pru·

564 2470 821 2539 dentia
856 2471 1082 2539 aliter
1121 2476 1618 2557 opportunum
1659 2473 2221 2555 existimaverit,
2262 2472 2491 2557 eligat
2527 2491 2661 2557 per
2698 2476 3030 2541 turnum.

1760 2690 1779 2704 ·
1844 2647 2022 2715 CAN.
2073 2645 2268 2713 1577.

748 2772 781 2855 ξ
828 2776 894 2839 1.
945 2773 1305 2841 Tribunal
1333 2773 1714 2857 collegiale
1744 2771 2232 2857 collegialiter
2263 2771 2655 2857 procedere
2683 2771 2924 2855 debet,
2961 2774 3038 2839 et
3076 2768 3172 2837 ad
3205 2768 3563 2835 maiorem

564 2880 1089 2967 suffragiorum
1129 2884 1415 2966 partem
1456 2879 1865 2950 sententias
1901 2880 2099 2950 ferre
2145 2879 2200 2951 ².
2358 2893 2366 2902 ‘

743 2989 777 3073 ξ
822 2990 890 3057 2.
940 2990 1199 3059 Eidem
1242 2996 1535 3075 praeest
1579 2989 1913 3059 officialis
1952 2992 2072 3060 vel
2113 2989 2657 3066 vice-officialis,
2698 2987 2915 3057 cuius
2965 2991 3081 3056 est
3130 3002 3560 3072 processum

567 3098 910 3184 dirigere,
962 3102 1039 3167 et
1076 3098 1466 3167 decernere
1504 3117 1691 3183 quae
1739 3117 1876 3184 pro
1916 3098 2253 3168 iustitiae
2290 3096 2938 3166 administratione
2977 3097 3057 3163 in
3099 3112 3330 3163 causa
3377 3111 3563 3181 quae

567 3206 819 3290 agitur
858 3206 1271 3274 necessaria-
1306 3209 1505 3274 sunt.

1835 3331 2014 3399 CAN.
2063 3329 2258 3398 1578.

742 3454 1095 3540 Exceptis
1121 3454 1369 3523 causis
1397 3455 1490 3523 de
1519 3455 1835 3540 quibus
1814 3475 1891 3522 1n
1930 3474 2095 3523 can.
2139 3452 2334 3539 1572,
2372 3454 2406 3538 ξ
2439 3455 2507 3537 2,
2541 3453 2956 3540 Episcopus
2985 3470 3272 3537 semper
3309 3455 3561 3537 potest

568 3562 929 3629 tribunali
982 3563 1140 3646 ipse
1190 3581 1322 3646 per
1361 3580 1441 3629 se
1489 3580 1847 3646 praeesse:
1890 3562 2015 3631 sed
2057 3563 2275 3631 valde
2309 3562 2614 3647 expedit
2654 3566 2742 3629 ut
2780 3578 3072 3646 causas,
3117 3561 3561 3645 praesertim

565 3668 989 3737 criminales
1031 3673 1109 3738 et
1149 3669 1651 3737 contentiosas
1695 3670 1944 3754 gravis
1989 3671 2366 3752 momenti,
2411 3669 2851 3737 iudicandas
2897 3668 3271 3753 relinquat
3325 3669 3558 3737 tribu·

570 3777 724 3845 nali
761 3775 1165 3860 ordinario,
1203 3777 1327 3844 cui
1361 3776 1642 3861 praesit
1677 3776 2010 3845 officialis
2043 3778 2162 3846 vel
2192 3776 2738 3845 viceofflcialis.

1838 3953 2015 4021 om.
2067 3951 2262 4019 1579.

748 4074 782 4157 §
829 4077 895 4142 1.
948 4075 1029 4144 Si
1062 4077 1565 4144 controversia
1608 4077 1708 4145 sit
1745 4077 1945 4143 inter
1979 4075 2362 4161 religiosos
2394 4080 2770 4161 exemptos
2803 4076 3128 4145 eiusdem
3177 4076 3560 4161 religionis

566 4183 959 4266 clericalis,
999 4184 1218 4252 iudex
1264 4185 1547 4269 primae
1582 4185 2013 4268 instantiae,
2055 4184 2201 4252 nisi
2237 4184 2444 4252 aliud
2491 4184 2571 4252 in
2608 4184 3271 4253 constitutionibus
3306 4202 3557 4253 cavea·

568 4295 720 4373 tur,
763 4297 875 4360 est
926 4292 1280 4377 Superior
1320 4293 1821 4378 provincialis,
1862 4297 2022 4376 aut,
2065 4293 2130 4360 si
2178 4293 2706 4363 monasterium
2746 4296 2847 4363 sit
2885 4295 3005 4362 sui
3051 4292 3266 4370 iuris,
3308 4294 3560 4361 Abbas

571 4397 852 4465 localis.

749 4506 782 4587 §
829 4506 895 4572 2.
949 4507 1171 4576 Salvo
1233 4507 1526 4577 diverso
1587 4510 2206 4578 constitutionum
2284 4509 2769 4594 praescripto,
2817 4510 2886 4577 si
2932 4527 3050 4577 res
3093 4508 3559 4576 contentiosa

570 4619 840 4699 agatur
871 4616 1066 4683 inter
1102 4617 1291 4685 duas
1321 4617 1763 4701 provincias.
1800 4618 1876 4684 in
1910 4618 2151 4702 prima
2189 4617 2553 4684 instantia
2583 4617 2944 4686 iudicabit
2973 4617 3133 4701 ipse
3164 4634 3298 4700 per
3334 4634 3420 4684 se
3448 4614 3556 4684 vel

571 4741 702 4808 per
748 4723 1164 4808 delegatum
1208 4742 1594 4810 supremus
1639 4726 2018 4808 religionis
2062 4726 2508 4807 Moderatum
2548 4726 2612 4794 si
2654 4726 2851 4794 inter
2888 4725 3040 4793 duo
3079 4725 3556 4805 monasteria,

571 4848 959 4916 supremus
998 4831 1420 4901 Moderator
1452 4833 2067 4921 Congregationis
2104 4833 2577 4902 monasticae.

748 4940 781 5021 §
827 4938 894 5006 3.
948 4938 1029 5007 Si
1059 4940 1352 5007 demum
1380 4942 1884 5009 controversia
1921 4946 2316 5010 enascatur
2346 4942 2544 5009 inter
2575 4940 2958 5026 religiosas
2990 4957 3343 5024 personas
3383 4941 3555 5027 phy·

570 5049 764 5118 sicas
797 5050 915 5117 vel
955 5048 1269 5117 morales
1315 5049 1649 5119 diversae
1688 5050 2092 5135 religionis,
2136 5053 2270 5118 a-ut
2308 5049 2533 5118 etia-m
2572 5034 2772 5118 inter
2811 5048 3192 5134 religiosos
3233 5049 3554 5118 eiusdem

756 5294 1210 5355 ²c.13,x,ae
1243 5291 1566 5352 recor-tvae,
1601 5294 1651 5354 Ι,
1684 5292 1735 5354 83
1765 5304 1816 5345 c.
1849 5292 1932 5354 21,
1964 5293 2047 5353 22,
2077 5294 2161 5354 34,
2193 5294 2275 5363 42,
2307 5292 2373 5353 X,
2417 5294 2490 5344 ac
2520 5292 2707 5351 officio
2739 5295 2799 5343 et
2833 5293 3125 5368 potestate
3157 5286 3375 5340 mma
3411 5284 3553 5338 ado-

572 5385 918 5448 acti,1,29;
948 5386 1069 5437 Lex
1098 5385 1335 5446 propria
1369 5382 1427 5438 S.
1461 5384 1532 5436 Β.
1571 5384 1761 5437 Rotae
1785 5387 1851 5436 et
1879 5382 2235 5446 signatur-ae
2264 5385 2395 5444 Ap..
2425 5381 2491 5435 29
2523 5383 2645 5434 iun.
2685 5380 2834 5443 1908,
2864 5384 2995 5433 can.
3030 5380 3115 5441 31,
3148 5380 3175 5442 Ι
3205 5379 3256 5441 8;
3289 5378 3552 5451 mc

573 5476 900 5528 servandae
925 5475 989 5527 in
1017 5475 1254 5528 iudiciis
1283 5475 1443 5536 apud
1471 5474 1530 5528 Β.
1569 5476 1639 5528 Β.
1672 5474 1861 5529 Rotae
1884 5473 2194 5536 ’Ἐκ-11161181,
2223 5475 2258 5526 4
2283 5472 2597 5536 8631910,
2639 5473 2666 5535 Ι
2698 5471 2812 5524 176.
