3753 5871
535 351 645 410 472
1677 352 1875 403 code-v
1914 351 1945 402 1
1949 351 2076 402 cru
2124 349 2405 403 Oanovud

1810 574 1990 643 CAN.
2041 574 2237 642 1639.

722 699 757 782 ξ
804 702 870 766 1.
921 698 1099 768 Dies
1137 698 1313 768 testi
1345 698 1436 767 de
1469 704 1887 783 praecepto,
1923 704 1999 767 et
2032 698 2280 766 ultimi
2313 704 2467 767 tres
2505 698 2665 767 dies
2702 698 3197 767 hebdomadae
3238 702 3550 765 sanctae

540 806 798 875 feriati
830 807 1264 891 habeantur3
1295 812 1371 876 et
1411 806 1491 874 in
1524 807 1621 874 iis
1649 806 2047 874 citationes
2076 807 2451 890 intimare,
2486 806 2911 875 audientias
2953 806 3245 888 habere,
3285 809 3547 890 partes

540 921 616 984 et
653 917 878 982 testes
920 920 1286 997 excutere,
1322 914 1796 1000 probationes
1837 912 2235 996 assumere,
2270 914 2570 982 decreta
2604 919 2680 983 et
2716 915 3124 982 sententias
3158 913 3389 994 ferre,
3427 912 3544 980 de·

542 1022 891 1090 nuntiare
929 1028 1006 1091 et
1043 1023 1341 1107 exsequi
1379 1022 1692 1089 vetitum
1735 1026 1873 1105 est,
1930 1022 2074 1090 nisi
2116 1023 2541 1104 necessitas,
2585 1022 3002 1090 christiana
3048 1021 3358 1101 caritas,
3408 1017 3546 1087 aut

540 1130 810 1197 bonum
854 1129 1231 1215 publicum
1266 1129 1473 1197 aliud
1511 1130 1892 1214 postulent
1944 1129 1993 1197 ¹.

719 1237 753 1320 ξ
799 1236 867 1304 2.
918 1238 1200 1305 Iudicis
1238 1241 1487 1305 autem
1520 1242 1634 1306 est
1664 1238 1745 1305 in
1784 1238 2103 1324 singulis
2133 1238 2430 1306 casibus
2463 1242 2793 1306 statuere
2823 1241 2901 1305 et
2930 1235 3407 1315 denuntiare,
3448 1252 3549 1301 an

540 1352 615 1415 et
658 1363 844 1431 quae
877 1349 1048 1412 acta·
1079 1363 1312 1429 supra
1343 1346 1567 1414 dictis
1599 1346 1859 1414 diebus
1893 1347 2175 1430 expleri
2215 1346 2556 1414 debeant.

1825 1594 2086 1663 CAPUT
2132 1596 2224 1661 V.

885 1717 998 1785 De
1050 1717 1385 1804 personis
1427 1722 1523 1786 ad
1565 1717 2178 1804 disceptationem
2222 1715 2647 1785 iudicialem
2689 1715 3173 1785 admittendis

970 1830 1044 1893 et
1081 1830 1171 1893 de
1208 1829 1423 1893 modo
1471 1826 1956 1911 confectionis
1995 1832 2070 1895 et
2108 1825 2689 1894 conservationis
2736 1828 3097 1892 aetorum,

1807 2002 1986 2070 CAN.
2047 2000 2242 2069 164⁰.

716 2124 750 2209 ξ
797 2127 864 2192 1.
912 2126 1110 2194 Dum
1141 2143 1412 2194 causae
1441 2143 1690 2194 coram
1733 2126 2098 2195 tribunali
2132 2130 2485 2213 aguntur,
2522 2126 2861 2195 extranei
2891 2126 2987 2194 ab
3030 2126 3208 2193 aula
3240 2143 3546 2194 arcean-

541 2236 667 2301 tur
698 2239 775 2303 et
814 2234 870 2301 ii
902 2235 1416 2303 tantummodo
1452 2235 1730 2318 adsint,
1771 2253 1954 2320 quos
1987 2234 2085 2302 ad
2127 2253 2548 2320 processum
2583 2232 3114 2320 expediendum
3149 2234 3378 2302 iudex
3427 2251 3546 2302 ne·

537 2340 899 2410 cessarios
928 2360 1086 2409 esse
1117 2341 1560 2410 iudicaverit
1604 2342 1657 2412 ².

717 2449 751 2531 ἕ
797 2447 865 2516 2.
916 2449 1211 2532 Omnes,
1258 2450 1535 2518 iudicio
1579 2450 2039 2534 assistentes,
2101 2451 2228 2535 qui
2275 2451 2729 2519 reverentiae
2776 2454 2852 2519 et
2899 2450 3365 2519 obedientiae
3414 2452 3546 2519 tri-

538 2556 796 2624 bunali
844 2557 1138 2626 debitae
1176 2557 1505 2644 graviter
1552 2557 1955 2641 defuerint,
1998 2558 2246 2640 iudex,
2291 2558 2515 2626 etiam
2567 2558 2771 2627 illico
2813 2562 2889 2626 et
2931 2558 3439 2627 incontinenti
3480 2560 3549 2626 si

536 2681 787 2732 coram
833 2665 1196 2733 tribunali
1247 2665 1546 2734 sedente
1594 2666 1675 2732 in
1724 2665 1802 2733 id
1865 2666 2031 2752 quis
2079 2665 2517 2750 peccaverit,
2568 2669 2816 2750 potest
2859 2665 3196 2733 censuris
3251 2683 3548 2752 quoque

538 2772 798 2841 aliisve
835 2774 1186 2858 congruis
1221 2775 1479 2859 poenis
1511 2774 1607 2842 ad
1642 2774 1956 2842 officium
2002 2774 2372 2855 reducere,
2412 2774 2809 2842 advocatos
2843 2776 3230 2859 praeterea
3264 2777 3341 2841 et
3379 2792 3548 2858 pro·

536 2884 920 2949 curatores
964 2881 1188 2949 etiam
1235 2883 1398 2950 iure
1442 2882 1634 2950 alias
1675 2900 1942 2950 causas
1985 2882 2185 2967 apud
2242 2881 2654 2951 tribunalia
2697 2881 3198 2950 ecclesiastica
3254 2886 3549 2966 pertra-

537 2987 795 3056 ctandi
828 2988 1124 3073 privare
1163 2989 1216 3055 ³.

1806 3097 1984 3165 Gan.
2035 3097 2230 3164 1641.

717 3217 802 3286 Si
843 3218 1070 3286 alicui
1113 3220 1319 3288 actui
1373 3220 1827 3304 processuali
1870 3220 2321 3289 interveniat
2365 3237 2680 3305 persona
2737 3221 3036 3306 linguae
3080 3221 3224 3287 loci
3271 3221 3553 3306 ignara

538 3332 613 3395 et
664 3326 945 3395 iudices
987 3345 1075 3394 ac
1127 3331 1379 3412 partes
1419 3328 1751 3413 linguam
1796 3327 2018 3394 huius
2061 3346 2419 3412 personae
2460 3329 2838 3413 propriam
2884 3347 3031 3396 non
3077 3328 3548 3414 intelligant,

538 3434 908 3519 interpres
941 3435 1383 3504 adhibeatur
1426 3436 1747 3519 iuratus,
1787 3442 1862 3505 et
1897 3455 1944 3504 a
1987 3437 2230 3505 iudice
2262 3436 2722 3522 designatus,
2760 3441 3025 3505 contra
3062 3455 3276 3522 quem
3314 3438 3548 3505 alter·

538 3546 715 3608 utra
752 3560 928 3627 pars
970 3543 1376 3628 legitimam
1418 3544 1920 3628 exceptionem
1964 3563 2111 3612 non
2162 3544 2656 3629 proposuerit.

1800 3708 1978 3776 CAN.
2038 3709 2233 3775 1642.

717 3833 750 3916 ξ
798 3836 863 3899 1.
914 3835 1107 3902 Acta
1143 3832 1554 3918 iudicia-lia,
1600 3837 1759 3902 tum
1807 3851 1992 3916 quae
2032 3833 2377 3901 meritum
2431 3834 2886 3918 quaestionis
2927 3835 3365 3918 respiciunt,
3416 3855 3550 3904 seu

534 3944 706 4007 acta
737 3957 1032 4025 causae,
1060 3959 1148 4008 ex
1184 3959 1296 4025 gr.
1307 3989 1327 4023 ,
1361 3941 1772 4009 sententiae
1801 3946 1876 4008 et
1912 3941 2269 4026 cuiusque
2298 3942 2588 4026 generis
2619 3942 3116 4026 probationes,
3151 3947 3315 4009 tum
3349 3961 3551 4028 quae

533 4049 627 4116 ad
661 4049 979 4116 formam
1014 4048 1457 4133 procedendi
1492 4048 1894 4133 pertinent,
1935 4069 2061 4117 seu
2107 4054 2277 4117 acta
2311 4065 2726 4133 processu-s,
2765 4068 2877 4117 ex.
2919 4068 3060 4134 gr.,
3107 4050 3545 4135 citationeS,

535 4155 1069 4239 intimationes,
1106 4161 1274 4238 etc„
1309 4157 1592 4241 scripto
1620 4156 1919 4224 redacta
1951 4176 2108 4225 esse
2139 4156 2409 4225 debent
2449 4156 2498 4225 ⁴.

717 4263 750 4346 ξ
796 4263 863 4328 2.
916 4263 1083 4331 Nisi
1124 4264 1324 4332 iusta
1361 4282 1587 4332 causa
1626 4263 1833 4331 aliud
1875 4265 2209 4345 suadeat,
2265 4264 2505 4349 quoad
2548 4265 2707 4333 eius
2758 4263 2919 4332 fleri
2960 4268 3229 4349 potest,
3274 4264 3546 4351 lingua

535 4370 776 4438 latina
822 4370 1279 4456 redigantur;
1323 4372 1449 4440 sed
1504 4372 2126 4457 interrogationes
2172 4378 2247 4441 et
2293 4374 2803 4457 responsiones
2861 4374 3188 4451 testium,
3236 4373 3548 4459 aliaque

535 4478 835 4562 similia,
875 4479 1135 4565 lingua
1169 4480 1567 4547 vernacula
1612 4479 1875 4548 confici
1915 4481 2185 4548 debent
2224 4482 2276 4549 ³.

717 4707 739 4745 ¹
776 4709 840 4762 Ο.
867 4710 972 4770 1-3,
1000 4708 1065 4762 C.
1096 4710 1214 4770 XV,
1241 4721 1296 4772 q.
1330 4710 1379 4771 4;
1400 4721 1449 4761 c.
1483 4710 1534 4770 1,
1562 4709 1633 4760 D.
1662 4709 1778 4769 111,
1809 4711 1881 4761 de
1914 4720 2092 4767 eona:
2121 4721 2170 4760 c.
2197 4711 2248 4770 1,
2280 4708 2332 4769 5,
2365 4709 2430 4768 X,
2467 4711 2538 4760 de
2561 4710 2756 4769 feriis,
2787 4709 2868 4769 11,
2897 4710 2945 4769 9:
2977 4708 3035 4761 S.
3067 4709 3211 4760 Plus
3240 4709 3312 4767 V,
3344 4710 3540 4762 const„

537 4813 568 4849 α
600 4800 745 4849 Cum
778 4798 1028 4859 primum
1063 4815 1111 4860 ι,
1144 4801 1175 4851 1
1206 4811 1332 4860 apr.
1374 4799 1522 4861 1506,
1557 4800 1584 4861 fi
1624 4800 1673 4863 ’ἲς
1712 4799 2069 4852 Benedictus
2100 4799 2252 4860 XIV,
2284 4811 2374 4860 ep.
2408 4800 2626 4860 encycl.
2663 4815 2692 4848 κ
2727 4799 2812 4850 Ab
2850 4809 2918 4849 eo
2953 4802 3211 4858 tempore
3243 4814 3296 4858 n,
3332 4799 3364 4849 5
3403 4811 3539 4852 nov.

535 4888 684 4951 1745,
720 4889 747 4950 3
779 4890 861 4942 19.

589 5007 593 5011 -
704 4986 730 5020 ²
775 4979 1037 5042 segulae
1070 4980 1396 5033 servandae
1430 4981 1492 5032 ln
1520 4981 1757 5033 iudiciis
1790 4981 1949 5042 apud
1980 4980 2038 5033 S.
2069 4981 2142 5032 R.
2173 4981 2363 5032 Rotae
2390 4980 2696 5039 Tribunal,
2726 4980 2757 5029 4
2786 4992 2920 5041 aug.
2949 4980 3099 5038 1910,
3130 4978 3157 5039 3
3186 4979 3269 5031 73.

705 5075 731 5111 ³
775 5069 840 5122 Ο.
872 5071 957 5131 11,
990 5070 1057 5132 x,
1090 5070 1162 5122 de
1191 5072 1412 5131 poenis,
1445 5073 1516 5132 v,
1548 5071 1631 5135 3⁶&
1662 5071 1999 5123 Alexander
2029 5072 2134 5133 vl,
2170 5074 2355 5123 const.
2394 5084 2425 5120 α
2464 5070 2537 5121 In
2570 5070 2852 5121 eminenti
2883 5083 2934 5129 n,
2966 5068 3034 5121 13
3071 5078 3200 5129 apr.
3232 5068 3387 5127 1502,
3430 5070 3458 5130 ς
3497 5071 3544 5121 4:

533 5161 657 5212 Lex
691 5160 928 5223 propria
966 5159 1025 5212 S.
1058 5159 1129 5212 B.
1161 5160 1351 5215 Rotae
1374 5165 1438 5216 et
1473 5158 1830 5224 signaturae
1858 5164 1988 5223 Ap..
2018 5161 2085 5215 29
2111 5162 2232 5215 lun.
2266 5161 2415 5220 1908,
2444 5172 2574 5213 can.
2606 5160 2691 5220 30,
2723 5173 2781 5211 n.
2812 5159 2887 5221 6⁶:
2914 5160 3177 5221 Regulae
3204 5160 3544 5211 servandae

535 5251 598 5302 in
643 5249 884 5304 indiciis
925 5250 1086 5312 apud
1123 5249 1180 5304 S.
1219 5250 1289 5302 R.
1328 5251 1520 5305 Rotae
1561 5252 1869 5314 Tribunal,
1909 5254 1943 5303 4
1979 5265 2114 5314 aug.
2156 5252 2304 5313 1910,
2346 5251 2374 5313 fl
2412 5250 2494 5311 77;
2530 5249 2793 5312 Regulae
2828 5248 3154 5302 servandae
3191 5248 3254 5299 in
3296 5248 3542 5301 iudiciis

531 5341 692 5403 apud
721 5341 986 5403 Suprem.
1020 5341 1376 5405 signaturae
1403 5344 1510 5404 Ap.
1540 5343 1847 5405 Tribunal,
1875 5343 1911 5395 6
1938 5346 2113 5396 mart.
2145 5342 2294 5403 1912,
2326 5345 2442 5394 art.
2476 5340 2557 5393 26.

704 5438 732 5474 ⁴
770 5432 835 5484 Ο.
866 5433 950 5492 11,
982 5432 1048 5493 X,
1085 5434 1156 5484 de
1186 5431 1649 5493 probationibus,
1681 5434 1764 5494 11,
1795 5434 1878 5486 19.

706 5526 733 5563 ⁸
776 5524 834 5576 S.
867 5524 932 5577 C.
966 5524 1053 5585 0.,
1090 5525 1261 5577 lustr.
1301 5524 1367 5576 22
1407 5537 1542 5587 ang.
1580 5523 1727 5577 1840.
