3753 5871
1185 342 1364 393 uber
1407 340 1669 403 osanne
1703 366 1725 378 ·
1758 340 1847 392 Do
1886 341 2262 393 Promotou-2
3106 339 3221 398 δῶ

1493 574 1672 642 om.
1727 574 1927 642 2170.

399 719 483 787 Si
525 717 841 786 clericus
886 715 1362 784 residentiam
1418 715 1814 798 instauret,
1873 713 2345 797 Ordinarius,
2397 733 2545 782 non
2594 715 2812 782 modo
2865 715 3104 792 debet,
3153 716 3219 784 si

212 826 563 894 absentia
590 824 983 911 illegitima
1012 823 1270 906 fuerit,
1303 823 1373 895 ei
1404 822 1738 908 infligere
1772 823 2261 908 privationem
2294 824 2677 890 fructuum
2713 841 2852 908 pro
2891 828 3219 908 tempore

212 933 627 1016 absentiae,
670 931 761 999 de
796 949 942 1017 qua
973 931 1055 998 in
1085 948 1251 997 can.
1288 930 1488 1014 2381,
1534 930 1660 998 sed
1697 934 1945 1014 potest
1974 930 2226 1012 etiam,
2266 931 2331 997 si
2364 948 2583 998 casus
2616 931 2840 1014 ferat,
2880 950 3016 1016 pro
3052 949 3214 1016 gra--

208 1036 454 1110 vitate
493 1040 757 1125 culpae
794 1057 961 1106 eum
999 1056 1324 1124 congrue
1361 1038 1629 1123 punire
1664 1037 1714 1107 ¹.

1491 1234 1669 1303 ΟΔΝ.
1719 1232 1919 1301 2171.

402 1378 486 1446 Si
519 1376 837 1447 clericus
876 1376 1352 1445 residentiam
1393 1395 1538 1444 non
1587 1377 1986 1459 instauret,
2030 1376 2159 1444 sed
2196 1376 2576 1445 absentiae
2611 1396 2879 1445 causas
2918 1377 3213 1459 afferat,

215 1484 695 1569 Ordinarius‚
740 1485 1003 1553 accitis
1040 1484 1329 1552 duobus
1367 1485 1998 1588 examinatoribus
2047 1492 2124 1556 et
2164 1486 2564 1570 institutis,
2611 1487 2679 1553 si
2719 1504 2906 1570 opus
2956 1487 3214 1568 fuerit,

213 1591 665 1677 opportunis
699 1592 1421 1679 investigationibus,
1459 1592 1710 1661 videre
1743 1593 1961 1661 debet
1999 1611 2174 1660 num
2220 1612 2490 1661 causae
2529 1594 2681 1662 sint
2728 1594 3126 1680 legitimae.

1501 1790 1678 1857 OAN.
1724 1789 1923 1857 21⁷2.
2037 1850 2040 1853 ,

400 1929 508 2013 Si,
543 1929 825 1998 auditis
859 1929 1513 2011 examinatoribus,
1560 1930 2008 1997 Ordinarius
2038 1935 2335 1999 censeat
2368 1930 2731 1998 adductas
2766 1949 3034 1998 causas
3069 1950 3216 1999 non

212 2055 381 2106 esse
403 2038 799 2123 legitimas,
827 2056 1089 2105 rursus
1109 2038 1378 2106 clerico
1403 2037 1766 2123 praefigat
1796 2038 2195 2105 terminum
2222 2038 2425 2105 intra
2455 2056 2667 2122 quem
2701 2038 2943 2106 redire
2972 2039 3214 2123 debet,

211 2144 434 2212 salva
467 2162 753 2229 semper
791 2144 1210 2230 privatione
1240 2146 1623 2213 fructuum
1661 2165 1797 2231 pro
1842 2150 2173 2231 tempore
2209 2144 2612 2213 absentiae.

1498 2342 1674 2411 OAN.
1732 2342 1931 2410 2173.

400 2484 481 2552 Si
515 2484 882 2569 parochus
923 2485 1340 2553 amovibilis
1373 2484 1579 2552 intra-
1613 2484 2155 2569 praescriptum
2199 2489 2492 2570 tempus
2528 2505 2675 2554 non
2711 2486 3041 2570 redierit,
3085 2489 3214 2554 Or-

211 2592 564 2660 dinarius
605 2592 863 2660 statim
907 2594 1297 2678 procedere
1338 2597 1586 2678 potest
1625 2594 1721 2661 ad
1776 2594 2161 2678 paroeciae
2204 2594 2716 2679 privationem3
2763 2596 2829 2662 si
2885 2594 3214 2678 redierit,

213 2699 672 2767 Ordinarius
700 2700 829 2770 det
854 2700 922 2768 ei
947 2705 1423 2786 praeceptum
1461 2721 1552 2769 ne
1582 2719 1843 2768 rursus
1869 2699 2204 2770 discedat
2240 2701 2400 2769 sine
2428 2702 2709 2787 scripta
2748 2722 2886 2769 sua
2915 2702 3220 2770 licentia

215 2807 364 2874 sub
398 2825 632 2891 poena
678 2808 1121 2893 privationis
1156 2809 1541 2893 paroeciae
1575 2809 1738 2893 ipso
1773 2810 1978 2877 facto
2013 2808 2485 2876 incurrenda.

1347 3033 1356 3047 ·
1495 3001 1673 3069 ΟΔΝ.
1722 3000 1921 3068 2174.
1974 2943 1980 2949 ⁹

408 3143 441 3226 5
489 3145 554 3209 1.
607 3142 691 3211 Si
720 3143 1059 3219 clericus,
1100 3143 1227 3227 qui
1260 3141 1686 3210 beneficium
1716 3142 2189 3210 inamovibile
2218 3142 2529 3224 obtinet,
2563 3142 3039 3210 residentiam
3072 3161 3221 3209 non

217 3251 622 3334 instauret,
662 3251 788 3319 sed
821 3269 1048 3318 novas
1073 3250 1345 3334 alleget
1371 3249 1874 3333 deductiones,
1916 3249 2364 3339 ordinarius
2394 3268 2519 3317 eas
2547 3268 2714 3317 cum
2753 3250 3025 3318 eisdem
3056 3267 3217 3318 exa·

220 3356 720 3426 minatoribus
754 3359 849 3425 ad
884 3375 1187 3426 examen
1224 3362 1511 3425 revocet
1546 3357 1640 3425 ad
1680 3376 2012 3426 normam
2055 3376 2220 3426 can.
2261 3357 2459 3425 2171.

406 3466 439 3549 5
487 3464 553 3532 2.
606 3466 688 3534 Si
714 3483 847 3533 nec
874 3466 1081 3551 ipsae
1103 3465 1477 3551 legitimae
1499 3466 1795 3534 habitae
1819 3466 2131 3550 fuerint,
2165 3467 2614 3552 posthabitis
2639 3467 3019 3551 quibusvis
3051 3450 3223 3534 aliis

207 3570 807 3657 deductionibus,
834 3571 1280 3641 ordinarius
1302 3573 1573 3641 clerico
1599 3575 2013 3658 praecipiat
2037 3578 2123 3643 ut
2142 3575 2351 3643 intra
2369 3581 2662 3659 tempus
2682 3576 3223 3659 praescriptum

220 3682 344 3748 vel
388 3681 659 3749 iterum
716 3681 1358 3766 praescribendum
1409 3673 1662 3750 redeat
1716 3682 1853 3749 sub
1902 3693 2135 3767 poena
2181 3682 2625 3767 privationis
2670 3682 3002 3751 beneficii
3060 3683 3223 3768 ipso

217 3788 429 3858 facto
462 3789 908 3856 incurrenda
928 3788 980 3854 ².
1395 3858 1402 3862 ,

406 3896 439 3979 5
484 3897 553 3964 3.
606 3896 687 3965 Si
732 3917 881 3965 non
922 3898 1201 3981 redeat,
1255 3897 1699 3966 ordinarius
1739 3917 1905 3966 eum
1946 3897 2297 3966 beneflcio
2338 3899 2714 3983 privatum
2766 3898 3113 3983 declaret3
3157 3898 3220 3966 si

222 4005 505 4087 redeat,
550 4005 997 4074 Ordinarius
1029 4006 1220 4074 idem
1262 4006 1388 4075 det
1421 4009 1897 4092 praeceptum
1930 4007 2022 4100 de
2057 4026 2199 4091 quo
2230 4008 2310 4073 in
2343 4025 2507 4074 can.
2545 4006 2717 4074 2173
2754 4001 2807 4069 ⁸.

1486 4199 1664 4268 ΟΑΝ.
1723 4199 1921 4269 2175.

403 4344 690 4413 Neutro
726 4342 807 4411 in
840 4361 1021 4411 casu
1069 4341 1513 4410 Ordinarius
1579 4343 2010 4411 beneficium
2070 4361 2335 4412 vacare
2396 4343 2746 4426 declaret,
2820 4343 2967 4411 nisi
3026 4346 3220 4427 post-

222 4469 470 4537 quam,
510 4451 893 4537 perpensis
938 4470 1091 4518 uua
1124 4469 1291 4518 cum
1330 4451 1961 4519 examinatoribus
1998 4451 2366 4520 discessus
2404 4451 2821 4520 rationibus
2861 4469 3044 4536 quas
3078 4450 3216 4519 cle·
3300 4475 3307 4480 ·

223 4558 439 4626 ricus
456 4559 654 4627 forte
692 4559 1151 4643 allegaverit,
1187 4558 1510 4627 eiusdem
1546 4558 1932 4627 ordinarii
1973 4559 2349 4629 licentiam
2385 4560 2465 4627 in
2501 4560 2803 4645 scriptis
2839 4560 2933 4627 ab
2967 4559 3216 4628 eodem

219 4666 496 4735 clerico
533 4666 688 4753 peti
719 4666 1049 4751 potuisse
1079 4666 1528 4735 constiterit.

408 4927 432 4963 ²
470 4925 529 4980 8.
564 4926 629 4980 O.
661 4926 750 4987 0..
779 4926 1138 4987 Marsicam,
1176 4927 1243 4979 25
1274 4927 1416 4988 lun..
1448 4927 1515 4980 10
1544 4929 1647 4979 lul.
1688 4928 1834 4980 1712.

394 5022 419 5057 ⁸
470 5017 643 5071 Oonc.
675 5017 963 5080 Trident„
995 5030 1138 5071 sess.
1169 5018 1383 5078 XXIII,
1414 5020 1486 5070 de
1519 5019 1655 5079 ref..
1686 5031 1737 5070 c.
1769 5021 1819 5081 1:
1847 5019 2205 5072 Benedictus
2230 5019 2381 5080 XIV,
2410 5021 2598 5070 const.
2639 5033 2670 5069 ι
2698 5018 2789 5070 Λα
2818 5017 3136 5072 militantis
3167 5032 3217 5078 ι,

223 5109 293 5162 30
329 5111 504 5161 mart.
537 5107 686 5170 1742,
720 5108 747 5169 ὅ
782 5109 865 5160 14.
2499 5129 2504 5133 ·

393 5201 420 5239 ³
463 5198 530 5251 Ο.
564 5200 649 5259 11,
679 5200 746 5260 x,
783 5201 855 5251 de
897 5198 1127 5250 οἱα-ἰοί.
1158 5211 1272 5251 non
1307 5199 1702 5254 recidentibus
1736 5201 1799 5251 ln
1833 5198 2081 5250 eoeleste
2110 5200 2207 5251 vel
2240 5199 2594 5260 praebenda,
2639 5199 2755 5261 111,
2791 5202 2841 5262 4;
2873 5200 3048 5253 conc.
3086 5201 3215 5251 'I'rl-

223 5289 406 5350 dent„
434 5300 577 5341 sess.
601 5289 815 5352 XXIII,
839 5292 910 5341 de
935 5290 1074 5350 ret„
1098 5301 1149 5342 c.
1180 5292 1230 5353 13
1252 5290 1607 5344 Benedictus
1626 5291 1779 5354 XIV,
1809 5294 1995 5344 const.
2021 5305 2052 5341 ι
2074 5291 2164 5342 Λα
2188 5289 2506 5342 militantis
2529 5304 2579 5352 ι,
2603 5291 2671 5343 30
2691 5293 2866 5343 mart.
2897 5290 3046 5350 1⁷42,
3076 5291 3103 5352 ὅ
3127 5291 3211 5343 14.
