3753 5871
623 299 735 358 658
1763 300 1961 352 0060ae
1997 299 2160 353 lum
2207 300 2489 352 canonica

1896 524 2073 589 CAN·
2128 522 2325 590 2403.

798 664 944 744 Qui
977 666 1242 731 contra
1274 662 1816 748 praescriptum
1851 679 2017 729 can.
2057 660 2228 728 1406
2263 660 2438 730 fidei
2472 663 3005 748 professionem
3041 665 3206 733 sine
3250 665 3446 733 iusto
3473 666 3571 731 im·

622 772 1042 856 pedimento
1080 771 1417 839 emittere
1457 769 1809 857 negligat,
1851 773 2264 853 moneatur,
2317 770 2712 856 praefinito
2764 790 3053 856 quoque
3099 790 3430 858 congruo
3462 777 3573 840 ter-

621 879 843 963 mino;
892 897 1038 964 quo
1074 881 1482 954 transacto,
1523 881 1947 959 contumax,
1991 878 2217 946 etiam
2256 897 2389 964 per
2430 878 2921 963 privationem
2960 879 3209 962 officii,
3254 880 3573 961 beneficii,

619 987 1038 1073 dignitatis,
1091 986 1444 1070 muneris,
1507 986 1887 1070 puniatur3
1947 1004 2079 1054 nec
2136 986 2437 1054 interim
2484 986 2842 1069 beneficii,
2893 987 3141 1071 oflicii,
3189 988 3573 1073 dignitatis,

622 1094 950 1161 muneris
984 1094 1278 1161 tructus
1314 1092 1502 1161 tacit
1538 1110 1712 1160 suos
1751 1093 1801 1162 ².

1756 1427 2183 1497 TITULUS
2227 1428 2409 1495 xlx.

1284 1571 1385 1638 De
1430 1572 1652 1637 abusu
1695 1525 2072 1655 potestatis
2117 1570 2228 1639 vel
2273 1570 2496 1638 officii
2543 1571 3018 1640 ecclesiatici.

1880 1761 2057 1829 ΟΔΝ.
2099 1760 2298 1829 2404.

769 1904 1070 1971 Abusus
1109 1904 1504 1988 potesta-tis
1546 1902 2113 1985 ecclesiasticae,
2166 1903 2520 1989 prudenti
2571 1904 2887 1988 legitimi
2940 1905 3377 1990 Superioris
3413 1910 3571 1976 arbi·

604 2011 779 2096 trio,
818 2029 956 2097 pro
987 2012 1361 2098 gravitate
1394 2011 1657 2096 culpae
1695 2011 2080 2096 puniatur,
2122 2011 2327 2079 salvo
2364 2012 2829 2098 praescripto
2864 2031 3238 2081 canonum
3276 2018 3414 2101 qui
3451 2035 3571 2085 cer

601 2122 755 2186 tam
788 2135 1096 2202 poenam
1137 2119 1216 2186 in
1256 2117 1546 2202 aliquos
1584 2119 1862 2187 abusus
1897 2122 2246 2188 statuunt
2278 2118 2331 2186 ¹.

1867 2296 2047 2364 cm.
2097 2295 2297 2363 2405.

771 2419 1120 2489 vicarius
1162 2418 1624 2506 Capitularis
1662 2420 1887 2487 aliive
1925 2437 2178 2487 omnes
2217 2423 2371 2488 tam
2411 2420 2504 2489 de
2542 2421 2919 2505 Capitulo,
2964 2438 3187 2507 quam
3230 2422 3575 2501 extranei,

599 2528 725 2612 qui
765 2528 1284 2596 documentum
1318 2527 1694 2613 quodlibet
1727 2528 1826 2595 ad
1866 2528 2173 2596 Curiam
2215 2528 2703 2613 episcopalem
2746 2528 3126 2613 pertinens
3160 2530 3326 2598 sive
3361 2549 3493 2615 per
3518 2549 3577 2595 se

598 2634 750 2703 sive
789 2654 922 2719 per
959 2635 1192 2703 alium
1235 2635 1746 2703 subtraxerint
1780 2635 1900 2703 vel
1940 2635 2451 2704 destruxerint
2488 2636 2606 2704 vel
2644 2636 3049 2705 celaverint
3087 2638 3211 2705 vel
3252 2640 3573 2707 snbstan-

595 2742 882 2810 tialiter
922 2742 1504 2825 immutaverint,
1549 2742 1947 2810 incurrunt
1989 2744 2153 2829 ipso
2188 2743 2448 2811 facto
2426 2763 2505 2810 in
2548 2744 3395 2814 excommunicationem
3432 2747 3577 2814 Seii

597 2849 1070 2933 Apostolicae
1118 2850 1559 2934 simpliciter
1610 2856 2085 2933 reservatam,
2150 2856 2229 2919 et
2287 2852 2383 2919 ab
2435 2851 2840 2919 ordinario
2887 2852 3112 2919 etiam
3168 2853 3577 2938 privatione

594 2957 836 3042 officii,
873 2956 1231 3042 beneficii,
1268 2958 1494 3042 plecti
1537 2961 1944 3043 poterunt.-

1853 3117 2030 3185 om.
2078 3117 2276 3184 2406.

769 3238 803 3321 §
849 3241 916 3305 1.
967 3238 1401 3324 Quicunque
1443 3238 1681 3308 officio
1712 3243 2010 3308 tenetur
2042 3244 2212 3307 acta
2245 3240 2362 3307 vel
2398 3240 2839 3308 documenta
2872 3259 3002 3309 seu
3045 3241 3291 3310 libros
3338 3243 3575 3311 Curia·

591 3365 754 3414 rum
795 3347 1462 3415 ecclesiastica-rum
1503 3347 1618 3414 vel
1654 3347 1886 3414 libros
1917 3347 2368 3431 paroeciales
2405 3346 2868 3431 conficiendi,
2901 3348 3441 3418 conscribendi
3468 3357 3577 3417 aut

586 3454 1096 3538 conservandi,
1129 3456 1194 3522 si
1216 3474 1304 3523 ea
1325 3455 1626 3535 falsare,
1655 3455 2105 3538 adulterare,
2132 3455 2515 3524 destruere
2535 3455 2654 3523 vel
2677 3455 3053 3523 occultare
3074 3473 3575 3543 praesumpte

589 3562 716 3646 rit,
760 3581 897 3630 suo
933 3562 1168 3630 officio
1216 3563 1554 3647 privetur
1591 3563 1851 3630 aliisve
1894 3563 2246 3647 gravibus
2296 3563 2552 3648 poenis
2602 3563 2696 3630 ab
2738 3562 3144 3631 ordinario
3187 3582 3344 3648 pro
3384 3565 3578 3633 modo

582 3671 847 3755 culpae
882 3670 1243 3756 puniatur
1272 3668 1325 3738 ³.

754 3777 789 3860 ξ
834 3777 902 3844 2.
951 3778 1099 3857 Qui
1135 3797 1311 3847 vero
1347 3782 1543 3863 acta,
1579 3779 2020 3848 documenta
2049 3778 2167 3847 vel
2207 3779 2437 3847 libros
2467 3781 2602 3848 hos
2630 3779 2959 3864 legitime
2989 3781 3289 3865 petenti
3325 3782 3573 3850 exseri-

582 3885 776 3968 bere,
818 3887 1329 3955 transmittere
1377 3905 1504 3953 seu
1544 3887 1886 3956 exhibere
1924 3887 2173 3955 dolose
2213 3887 2737 3956 detrectaverit
2778 3887 3018 3955 aliove
3059 3889 3341 3972 quovis
3382 3888 3581 3958 modo

581 3992 895 4060 officium
932 4011 1148 4060 suum
1185 3993 1624 4077 prodiderit,
1673 3994 2090 4079 privatione
2126 3994 2345 4062 officii
2383 3995 2501 4063 vel
2548 3994 3027 4080 suspensione
3073 3996 3172 4063 ab
3210 3996 3485 4067 eoden-
3518 4005 3577 4063 et

578 4101 861 4168 mulcta
892 4101 988 4169 ad
1022 4101 1416 4170 arbitrium
1453 4101 1837 4171 ordinarii
1870 4122 2008 4188 pro
2048 4103 2419 4187 gravitate
2450 4121 2669 4171 casus
2703 4102 2956 4188 puniri
2992 4107 3247 4187 potest
3284 4105 3347 4172 ⁴.

1854 4276 2033 4344 cm.
2081 4275 2277 4342 2407.

750 4398 896 4478 Qui
931 4398 1204 4468 Curiae
1247 4399 1593 4468 officiales
1628 4418 1758 4468 seu
1804 4399 2287 4468 administros
2327 4399 2624 4485 quosvis
2659 4400 3226 4483 ecclesiasticos,
3274 4402 3571 4471 iudices,

574 4507 970 4576 advocatos
1010 4509 1127 4575 vel
1168 4512 1688 4596 procuratores
1729 4508 1948 4576 donis
1988 4513 2124 4578 aut
2168 4507 2836 4593 pollicitationibus
2888 4508 2985 4576 ad
3038 4510 3434 4580 actionem
3473 4506 3569 4576 vel

761 4734 785 4771 ¹
821 4735 888 4788 0.
936 4737 987 4795 1,
1035 4735 1108 4785 D.
1148 4734 1213 4797 G:
1249 4733 1425 4786 conc.
1464 4733 1755 4794 Trident„
1796 4744 1941 4785 sess.
1989 4733 2192 4793 mv,
2233 4735 2305 4784 ae
2342 4732 2477 4793 ret..
2517 4744 2568 4785 c.
2608 4732 2691 4794 12
2728 4743 2871 4785 sess.
2912 4732 3080 4792 XXV.
3126 4735 3201 4785 ac
3242 4735 3392 4795 ret„
3430 4745 3482 4785 e.
3524 4731 3565 4784 t

576 4825 721 4878 Plus
748 4824 850 4885 IV,
884 4827 1069 4876 const.
1101 4838 1133 4874 «t
1157 4824 1498 4875 Infamem
1524 4824 1694 4875 nobis
1726 4837 1776 4883 ι,
1805 4824 1870 4875 13
1896 4834 2030 4874 nov.
2060 4823 2209 4883 1564,
2241 4823 2267 4884 t
2297 4823 2346 4884 13
2373 4821 2432 4875 S.
2463 4822 2528 4875 C.
2559 4822 2649 4883 0.,
2679 4821 2937 4881 Nutu-a,
2971 4822 3039 4873 27
3065 4834 3199 4883 apr.
3232 4824 3394 4885 15ae
3422 4822 3561 4875 a*

579 4918 784 4972 caten..
810 4913 844 4965 2
873 4916 1021 4975 sept.
1056 4914 1205 4972 1599.
1234 4913 1312 4965 ad
1337 4913 1386 4975 a
1414 4913 1754 4972 catham..
1786 4912 1853 4965 m
1882 4914 2023 4972 lan..
2045 4914 2085 4965 9
2110 4912 2259 4964 febr.
2287 4912 2436 4972 1726,
2463 4912 2543 4964 ad
2569 4913 2619 4974 4:
2646 4912 3014 4970 mmmm„
3040 4911 3110 4964 m
3136 4924 3298 4973 apr..
3334 4917 3402 4966 11
3430 4913 3561 4964 mn

573 5004 722 5064 1782,
753 5004 833 5056 ad
860 5003 909 5067 23
941 5004 1099 5056 decr.
1130 5003 1196 5054 20
1222 5004 1342 5054 ian.
1379 5002 1525 5063 187·st
1555 5001 1614 5055 8.
1646 5002 1711 5055 C.
1743 5003 1818 5055 de
1845 5003 2019 5063 Pron.
2052 5002 2217 5063 Fide.
2246 5002 2314 5055 10
2338 5003 2460 5053 ian.
2492 5001 2641 5063 187&
2667 5001 2824 5053 decr.
2862 5001 2929 5053 16
2958 5002 3064 5054 iul.
3098 5002 3254 5055 1818.

739 5099 765 5135 ¹
811 5094 879 5147 0.
908 5095 990 5155 11,
1025 5093 1091 5145 0.
1129 5093 1213 5153 11,
1243 5094 1454 5153 u.1;c.
1490 5092 1541 5153 3,
1572 5093 1638 5152 X,
1670 5095 1741 5145 de
1768 5093 1992 5156 poenis,
2021 5092 2091 5152 V,
2119 5092 2204 5153 37;
2228 5104 2278 5143 c.
2309 5090 2360 5152 2,
2394 5094 2466 5145 dc
2495 5092 2785 5149 mutuo,
2822 5093 3240 5145 moricum
3269 5099 3335 5146 α
3360 5102 3559 5155 ηια-

572 5185 926 5243 muonibtu,
966 5184 1082 5244 111.
1116 5183 1198 5243 m,
1233 5184 1296 5234 in
1326 5182 1453 5243 V103
1482 5182 1655 5234 Cone.
1695 5182 1984 5240 Trident..
2018 5193 2161 5235 sess.
2195 5181 2394 5242 xxlv,
2429 5184 2501 5234 dc
2531 5181 2669 5242 ret„
2698 5193 2749 5233 c.
2781 5180 2833 5233 3.

742 5275 770 5312 ⁸
811 5274 878 5327 Ο.
914 5274 999 5334 33,
1029 5273 1113 5333 40,
1143 5272 1208 5326 O.
1240 5272 1374 5332 xn,
1410 5283 1465 5333 q.
1501 5270 1550 5323 2.

737 5365 767 5404 ⁴
811 5365 876 5416 0.
917 5364 1002 5423 33,
1033 5363 1117 5424 40,
1150 5362 1216 5415 C.
1250 5362 1384 5422 xn,
1417 5374 1473 5424 q.
1513 5361 1562 5423 a
1592 5362 1765 5413 Cone.
1799 5362 2088 5423 Trident„
2123 5375 2267 5415 sess.
2300 5361 2501 5422 xx1v,
2535 5363 2609 5413 dc
2637 5361 2775 5422 ret„
2806 5372 2858 5413 c.
2892 5361 2979 5424 m:
3011 5361 3376 5416 Benedictu-
3406 5357 3557 5413 m.

568 5457 752 5506 const.
787 5469 818 5504 ι
848 5455 938 5504 Ad
962 5454 1281 5505 militantis
1307 5467 1357 5512 ι,
1384 5451 1452 5505 30
1479 5454 1655 5503 mart.
1684 5451 1831 5512 1742,
1863 5452 1890 5513 5
1917 5453 1999 5514 44ς
2023 5455 2207 5504 const.
2237 5467 2268 5502 ι
2294 5453 2386 5504 Λᾶ
2414 5452 2816 5504 mmmmm
2842 5466 2895 5512 ι,
2923 5450 2992 5505 2²1
3017 5457 3199 5508 mart.
3236 5453 3387 5512 ΠΕ,
3417 5451 3451 5512 1
3476 5448 3555 5500 11
