3753 5871
1220 326 1396 376 Liber
1428 324 1730 374 Secundus
1771 350 1791 361 -
1825 325 1914 375 De
1957 324 2231 375 Personas
3144 320 3219 380 99

1490 602 1750 669 CAPUT
1789 580 1923 669 IV.

1270 725 1381 793 De
1416 723 1645 791 Curia
1687 726 2142 793 dioecesana.

1519 888 1697 955 CAN.
1735 888 1889 956 363.

398 1011 437 1093 5
485 1013 550 1076 1.
601 1012 832 1079 Curia
861 1013 1295 1080 dioecesana
1318 1017 1615 1078 constat
1639 1012 1794 1078 illis
1820 1011 2156 1095 personis
2184 1029 2370 1095 quae
2403 1010 2772 1095 Episcopo
2800 1010 3021 1077 aliive
3057 1010 3208 1094 qui,

220 1118 383 1186 loco
424 1119 801 1205 Episcopi,
843 1121 1230 1188 dioecesim
1272 1121 1487 1205 regit,
1532 1138 1740 1204 opem
1784 1124 2172 1204 praestant
2220 1120 2297 1185 in
2344 1119 2696 1204 regimine
2745 1119 2980 1186 totius
3019 1117 3208 1186 dioe-

217 1243 433 1292 cems.

394 1334 429 1416 ξ
475 1334 542 1400 2.
592 1335 838 1416 Quare
882 1335 976 1403 ad
1034 1354 1192 1403 eam
1243 1337 1620 1420 pertinent
1676 1337 2024 1403 Vicarius
2070 1336 2481 1417 Generalis,
2531 1335 2887 1417 officialis,
2934 1333 3212 1401 cancel-

218 1441 485 1523 larius,
535 1448 913 1526 promotor
950 1444 1309 1526 iustitiae,
1357 1445 1703 1512 defensor
1740 1444 2045 1522 vinculi,
2091 1444 2479 1531 synodales
2517 1443 2798 1510 iudices
2834 1446 2910 1510 et
2947 1442 3212 1509 exami-

222 1551 548 1632 natores,
589 1551 890 1634 parochi
931 1552 1417 1637 consultores,
1454 1552 1857 1634 auditores,
1899 1551 2200 1631 notarii,
2235 1570 2574 1618 cursores
2608 1554 2685 1618 et
2719 1550 3209 1634 apparitores,

1521 1708 1697 1775 CAN.
1737 1708 1891 1775 364.

402 1828 436 1910 ς
486 1831 551 1894 1.
601 1829 669 1894 N
675 1830 1035 1897 ominatio
1091 1848 1344 1896 eorum
1404 1830 1531 1914 qui
1585 1829 1968 1913 praedicta
2023 1822 2257 1895 officia
2310 1828 2426 1895 vel
2481 1846 2788 1894 munera
2844 1835 3211 1909 exercent,

219 1937 506 2020 scripto
546 1936 1048 2021 consignetur,
1086 1937 1181 2004 ad
1228 1955 1557 2004 normam
1590 1955 1754 2003 can.
1795 1937 1946 2003 159.

401 2043 435 2125 ς
483 2043 549 2109 2.
600 2044 668 2109 N
673 2044 984 2112 ominati
1013 2063 1185 2112 vero
1212 2045 1524 2113 debent:

485 2154 583 2216 1:¹²
627 2152 719 2218 In
745 2153 1086 2246 manibus
1110 2154 1461 2238 Episcopi
1492 2154 2003 2220 iusiurandum
2031 2159 2413 2236 praestare
2443 2153 2535 2219 de
2562 2170 2863 2219 munere
2896 2150 3215 2219 fideliter

219 2260 651 2340 exercendo,
693 2261 951 2344 quavis
984 2279 1463 2344 personarum
1494 2263 1920 2345 acceptione
1956 2261 2403 2346 posthabita3

485 2366 583 2432 2.⁰
628 2367 946 2451 Negotia
990 2368 1084 2435 ad
1126 2387 1203 2436 se
1229 2370 1665 2453 spectantia
1703 2370 1839 2436 sub
1876 2369 2328 2436 auctoritate
2364 2369 2716 2454 Episcopi
2755 2371 3082 2436 tractare
3118 2367 3214 2435 ad

221 2490 557 2541 normam
589 2474 798 2558 iuris;

483 2581 582 2648 3.⁶
629 2582 1007 2649 Secretum
1041 2602 1334 2651 servare
1364 2585 1569 2650 intra
1598 2583 1781 2652 fines
1810 2590 1886 2654 et
1925 2585 2324 2652 secundum
2359 2584 2652 2652 modum
2694 2603 2743 2651 a
2772 2585 2934 2651 iure
2973 2584 3087 2651 vel
3122 2584 3216 2651 ab

229 2686 602 2773 Episcopo
632 2689 1204 2757 determinatum
1260 2697 1314 2761 ¹.·
1520 2759 1674 2826 om
1735 2760 1866 2826 365

396 2884 510 2952 De
556 2883 874 2965 officiali,
926 2888 1344 2970 promotore
1389 2884 1748 2966 iustitiae,
1795 2885 2179 2973 defensore
2225 2884 2528 2967 vinculi,
2589 2884 2960 2951 iudicibus
3008 2901 3215 2969 syno-

218 2991 543 3069 dalibus,
585 2991 1076 3064 auditoribus.
1118 2994 1545 3060 cursoribus
1582 2997 1658 3061 et
1694 2994 2183 3078 apparitoribt
2318 2992 2705 3060 serventur
2754 2992 3215 3076 praescripta

214 3115 385 3165 can.
431 3099 826 3182 1573-15933
859 3101 949 3168 de
983 3101 1287 3167 vicario
1319 3100 1690 3181 Gener-ali,
1728 3100 2176 3167 cancellario
2210 3120 2256 3167 a
2290 3101 2526 3185 iisque
2563 3100 2902 3181 notariiS,
2947 3099 3213 3167 exami-

222 3205 615 3273 natoribus
672 3207 1150 3292 synodalibus
1207 3213 1282 3274 et
1328 3208 1670 3291 parochis
1715 3209 2298 3289 consultoribuS,
2343 3208 2804 3293 praescripta.
2849 3192 3214 3275 canonum

222 3313 353 3395 qui
385 3317 820 3396 sequuntur.

1104 3474 1268 3538 ΛΒΤ.
1314 3474 1367 3538 Ι.
1413 3510 1492 3520 -··
1535 3476 1631 3537 De
1685 3475 1952 3538 Vicat-io
2001 3473 2337 3537 Generali.
2387 3496 2394 3513 *

1510 3608 1687 3675 om.
1732 3609 1884 3675 366.

406 3725 441 3807 ξ
488 3727 553 3791 1.
604 3725 911 3806 Quoties
956 3731 1234 3793 rectum
1276 3727 1630 3794 dioecesis
1678 3727 1997 3812 regimen
2042 3727 2118 3794 id
2163 3728 2437 3811 exigat,
2484 3728 3050 3796 constituendus
3101 3733 3215 3795 est

219 3834 320 3900 ab
370 3834 741 3918 Episcopo
787 3834 1134 3901 Vicarius
1185 3834 1595 3915 GeneraIiS,
1641 3835 1765 3919 qui
1806 3836 2049 3920 ipsum
2092 3840 2459 3920 potestate
2501 3836 2882 3941 ordinaria
2924 3837 3003 3902 in
3056 3840 3215 3903 toto

217 3939 609 4007 territorio
640 3940 941 4008 adiuvet
987 3940 1040 4007 ².

392 4050 425 4133 ξ
474 4050 539 4116 2.
590 4051 937 4117 Vicarius
962 4049 1348 4117 Generalis
1368 4050 1596 4118 libere
1623 4051 1717 4118 ab
1742 4051 2114 4135 Episcopo
2137 4051 2597 4134 designatur,
2626 4051 2752 4135 qui
2778 4069 2942 4118 eum
2967 4055 3212 4135 potest

212 4160 316 4226 ad
352 4162 615 4226 nutum
649 4177 1016 4227 removere
1061 4156 1114 4223 ³.

404 4265 438 4346 ξ
483 4265 551 4332 3.
602 4267 815 4333 Unus
864 4270 1159 4334 tantum
1199 4265 1731 4348 constituatur,
1777 4265 1926 4332 nisi
1965 4265 2078 4332 vel
2125 4266 2405 4332 rituum
2456 4264 2853 4332 diversitas
2903 4265 3021 4332 vel
3064 4282 3210 4331 am·

214 4373 521 4458 plitudo
561 4373 915 4441 dioecesis
957 4373 1165 4440 aliud
1208 4373 1479 4457 exigat,
1526 4373 1687 4455 sed,
1723 4373 2028 4440 vicario
2073 4373 2420 4440 Generali
2474 4373 2776 4440 absente
2821 4374 2937 4439 vel
2989 4373 3210 4457 impe·

211 4480 408 4562 dito,
450 4480 863 4565 Episcopus
907 4481 1138 4548 alium
1175 4482 1628 4548 constituere
1665 4482 1912 4564 potest
1949 4480 2076 4566 qui
2113 4482 2274 4548 eius
2312 4482 2508 4548 vices
2546 4481 2893 4565 suppleat
2931 4479 2984 4546 ⁴.

409 4690 431 4725 ¹
469 4689 643 4741 Cone.
678 4688 965 4750 Trident„
1004 4701 1147 4741 sess.
1180 4689 1380 4749 XXIV,
1416 4690 1486 4740 ae
1520 4689 1655 4749 res„
1688 4701 1738 4740 c.
1782 4689 1865 4751 18;
1901 4688 1959 4742 Β.
1994 4689 2059 4743 O.
2104 4691 2380 4751 Constet„
2416 4691 2570 4743 decr.
2617 4706 2648 4742 α
2678 4690 2943 4741 Maxima
2977 4704 3119 4743 cura
3162 4708 3211 4752 ι,

213 4781 288 4831 a)
324 4791 461 4839 aug.
506 4778 655 4838 1910,
705 4790 835 4829 can.
875 4777 925 4839 ’ἲς
961 4778 996 4830 8
1042 4780 1155 4830 oct.
1199 4778 1347 4838 1910,
1400 4777 1477 4829 ad
1517 4778 1600 4839 12
1640 4778 1795 4833 decr.
1849 4780 1916 4831 15
1956 4780 2105 4831 febr.
2151 4780 2297 4842 1912;
2339 4779 2379 4832 S
2430 4780 2494 4832 0.
2528 4780 2616 4840 0.,
2659 4778 2916 4839 Nullius,
2961 4783 3027 4832 11
3069 4782 3214 4832 mall

212 4868 373 4926 1630,
406 4866 487 4918 ad
521 4868 572 4918 3.

364 4958 426 5000 ι’
472 4954 530 5007 S.
564 4955 629 5007 0.
665 4956 722 5007 Β.
756 4955 894 5016 om,
938 4956 1053 5007 lltt.
1088 4958 1307 5016 encycl.
1342 4956 1407 5007 20
1447 4958 1596 5008 febr.
1633 4956 1781 5017 1888,
1815 4969 1872 5008 n.
1911 4956 1959 5018 ²3
1999 4956 2154 5008 decr.
2191 4957 2256 5008 20
2289 4969 2416 5018 apr.
2461 4957 2608 5018 1898,
2646 4971 2701 5008 n.
2740 4957 2789 5019 2;
2824 4958 2882 5010 S.
2914 4957 2979 5010 0.
3015 4958 3119 5018 Ep.
3155 4960 3217 5010 et

214 5046 389 5107 neg„
424 5043 681 5102 Nullius,
710 5044 776 5095 22
801 5045 924 5096 dec.
955 5044 1102 5106 1628;
1132 5044 1469 5103 Alma-iem,
1498 5046 1533 5097 6
1568 5049 1716 5106 sept.
1750 5045 1898 5107 1⁷4&
1929 5045 1987 5098 S.
2020 5046 2085 5099 0.
2118 5045 2207 5106 0.,
2248 5046 2549 5104 Τααηιεη.,
2581 5047 2646 5098 20
2676 5048 2796 5098 lun.
2832 5046 2980 5107 1676,
3021 5047 3178 5102 adl.
3243 5098 3247 5102 .

396 5136 425 5173 ³
470 5134 536 5186 0.
568 5137 619 5194 1,
650 5135 717 5195 X,
747 5136 817 5186 ae
842 5134 1062 5195 maulia
1091 5137 1257 5193 iuris,
1290 5135 1359 5195 V,
1387 5137 1468 5196 413
1498 5134 1556 5186 S.
1590 5134 1654 5187 0.
1686 5135 1791 5195 Ep.
1821 5138 1885 5187 et
1917 5135 2080 5197 neg..
2111 5135 2411 5195 Arionem,
2445 5134 2510 5186 17
2533 5135 2676 5186 mail
2705 5135 2852 5197 15833
2877 5133 3214 5211 Asturica„

206 5226 250 5277 6
282 5225 432 5283 sept.
466 5222 615 5284 1748:
644 5223 703 5275 S.
735 5224 799 5275 0.
832 5223 921 5285 0.,
955 5223 1258 5282 Tuamen„
1287 5223 1353 5276 20
1392 5226 1512 5274 lun.
1546 5224 1694 5284 1676,
1736 5224 1814 5276 ad
1846 5227 1896 5285 13
1928 5222 1986 5276 S.
2018 5223 2084 5277 0.
2126 5224 2200 5277 de
2235 5226 2405 5285 Prop.
2441 5223 2605 5284 Fide,
2646 5224 2712 5276 29
2742 5223 2865 5276 dee.
2899 5223 3046 5276 1812.

401 5317 430 5352 ⁴
461 5312 526 5364 0.
576 5314 659 5371 14,
696 5313 763 5372 x,
812 5312 882 5362 de
917 5312 1106 5371 officio
1145 5311 1357 5363 iudicis
1393 5312 1700 5370 ordinarii,
1742 5313 1791 5373 1,
1838 5313 1922 5371 31;
1961 5313 2315 5365 Benedictus
2354 5311 2505 5374 XIV,
2554 5316 2738 5365 const.
2782 5328 2813 5364 α
2853 5314 2987 5364 Etsi
3025 5315 3217 5372 pasto·

208 5403 371 5453 razu
395 5418 445 5463 2,
473 5402 540 5454 26
564 5402 709 5454 man
736 5401 884 5459 1742.
918 5402 945 5463 ς
974 5402 1073 5462 1x,
1107 5415 1165 5453 n.
1196 5402 1342 5463 xx1;
1371 5402 1429 5454 s.
1465 5402 1530 5455 c.
1563 5390 1668 5462 Β».
1696 5406 1760 5454 et
1787 5403 1952 5464 neg„
1981 5402 2358 5461 muctam„
2393 5402 2458 5454 24
2483 5405 2659 5456 mart.
2692 5402 2840 5464 1599:
2876 5402 3214 5461 Almonem,

209 5493 253 5544 6
291 5493 438 5551 sept.
473 5489 623 5552 174&
661 5490 720 5541 8.
753 5489 819 5541 0.
854 5489 942 5551 0.,
975 5488 1261 5548 Romana,
1293 5489 1327 5541 6
1362 5490 1509 5541 mali
1538 5489 1684 5544 1898.
