3753 5871
519 282 629 340 &8
1663 286 1859 338 0⁰0oe
1897 286 2059 338 lma
2107 286 2387 338 Oeno-ld

525 471 967 539 antecedant
1010 472 1125 539 vel
1166 472 1299 540 illo
1336 474 1631 541 saeculo
1671 474 2124 559 perdurante
2163 475 2318 544 sint
2367 475 2593 558 edita,
2635 473 3028 542 dummodo
3076 475 3294 542 sacta
3335 475 3519 542 refe

527 584 701 644 rant
740 596 925 663 quae
962 580 1224 648 saltem
1271 585 1566 647 centum
1613 584 1790 648 ante
1827 600 2062 649 annos
2099 582 2551 668 contigerint
2587 601 2736 649 una
2774 599 2941 648 cum
2983 582 3247 666 populi
3287 578 3522 650 tradi·

527 684 727 752 tione
760 703 1136 770 nunquam
1177 688 1624 772 interrupta.

1795 834 1972 900 CAN.
2022 834 2216 899 2022.

698 970 1138 1052 Longissimi
1179 977 1534 1059 temporis
1581 976 1831 1042 cultus
1872 993 1918 1041 a
1963 975 2148 1043 Sede
2190 974 2622 1058 Apostolica
2660 973 3061 1058 permissus
3112 990 3249 1055 per
3298 972 3527 1039 docu-

525 1082 774 1146 menta
814 1098 1080 1147 coaeva
1121 1082 1503 1165 probatur.

1787 1394 2045 1460 CAPUT
2090 1395 2198 1460 ΙΙ.

1547 1535 1657 1601 De
1707 1534 2022 1601 testibus
2060 1542 2132 1602 et
2180 1535 2465 1619 peritis.

1804 1751 1981 1818 CAN.
2030 1749 2225 1816 2023.

694 1894 787 1959 Ιιι
821 1893 1284 1978 processibus
1314 1892 1885 1961 beatificationis
1916 1910 2166 1960 omnes
2198 1890 2759 1976 christifideles,
2803 1892 3008 1958 salvo
3047 1893 3534 1975 praescripto

522 2018 687 2066 can.
727 2000 924 2084 2027,
967 2001 1001 2082 5
1035 2000 1104 2083 2,
1142 2019 1216 2066 n.
1256 2004 1322 2083 1,
1363 2005 1736 2081 tenentur,
1774 2000 1949 2068 licet
1994 2018 2140 2067 non
2180 2000 2449 2082 vocati,
2495 2018 2579 2067 ea
2624 2000 2705 2065 in
2743 1998 3117 2067 Ecclesiae
3163 1999 3530 2066 notitiam

524 2107 876 2192 perferre,
921 2126 1107 2193 quae
1143 2113 1405 2176 contra
1445 2109 1797 2177 virtutem
1848 2112 1984 2177 aut
2021 2108 2383 2175 miracula
2435 2111 2570 2175 aut
2618 2107 3055 2193 martyrium
3106 2106 3330 2175 Servi
3388 2107 3529 2175 Dei

522 2214 767 2282 facere
798 2214 984 2298 ipsis
1016 2215 1411 2283 videantur
1455 2213 1506 2280 ¹.

1799 2341 1977 2408 om.
2025 2340 2221 2406 2024.

699 2485 1077 2569 Tanquam
1127 2488 1355 2551 testes
1413 2482 1725 2551 vocandi
1783 2483 1863 2550 in
1914 2483 2177 2566 primis
2226 2485 2405 2550 sunt
2460 2500 2508 2547 a
2554 2485 2972 2566 promotore
3022 2477 3225 2562 fidei,
3282 2481 3435 2548 etsi
3485 2499 3533 2545 a

525 2592 983 2675 postulatore
1018 2609 1165 2658 non
1205 2590 1520 2675 inducti,
1559 2592 1617 2658 ii
1652 2608 1903 2660 omnes
1949 2590 2076 2675 qui
2107 2608 2275 2658 cum
2317 2589 2547 2658 Servo
2589 2589 2730 2657 Dei
2764 2587 3375 2655 familiaritatem
3414 2587 3531 2655 vel

520 2697 1126 2765 consuetudinem
1162 2698 1604 2765 habuerunt.

1780 2821 1958 2889 ΟΑΝ.
2008 2821 2203 2887 2025.
2294 2820 2299 2825 ’

701 2963 735 3046 5
782 2966 848 3030 1.
899 2966 1169 3031 Omnes
1198 2964 1292 3031 de
1326 2962 1591 3048 quibus
1630 2964 1709 3029 in
1740 2981 1906 3029 can.
1942 2962 2140 3046 2023,
2182 2961 2380 3044 2024,
2418 2962 2562 3028 nisi
2595 2961 2742 3027 iam
2784 2965 3142 3044 tanquam
3176 2961 3421 3026 testes
3457 2977 3535 3025 se

523 3070 866 3138 inductos
899 3070 1276 3153 sciverint,
1310 3070 1489 3138 dare
1518 3070 1814 3138 litteras
1841 3070 2110 3137 debent
2143 3069 2237 3136 ad
2279 3069 2660 3153 proprium
2703 3067 3212 3148 Ordinarium,
3252 3067 3532 3151 quibus

525 3182 774 3245 utrum
802 3179 1406 3246 consuetudinem
1434 3196 1602 3245 cum
1638 3178 1866 3245 Servo
1901 3178 2041 3244 Dei
2069 3177 2489 3259 habuerint,
2521 3196 2619 3243 an
2654 3175 2956 3259 aliquod
2985 3175 3277 3241 factum
3308 3192 3527 3258 poeu·

524 3286 710 3354 liare
765 3286 1241 3370 aperiendum
1298 3290 1745 3371 cognoscant
1794 3290 1869 3353 et
1918 3285 2283 3371 quodnam
2330 3285 2519 3352 illud
2570 3285 2694 3368 sit,
2748 3282 3070 3350 breviter
3114 3287 3529 3365 exponant·

523 3393 969 3462 Ordinarius
1001 3413 1177 3462 vero
1208 3396 1343 3462 has
1385 3394 1680 3461 litteras
1715 3394 2123 3479 promotori
2159 3393 2331 3461 fidei
2368 3391 2988 3461 transmittendas
3017 3393 3259 3457 curet.

699 3502 733 3583 5
779 3501 847 3567 2.
897 3500 1253 3586 Religiosi
1285 3502 1402 3569 vel
1443 3502 1827 3588 religiosae
1863 3501 2160 3569 litteras
2194 3500 2579 3580 eiusmodi,
2618 3499 2867 3585 sigillo
2898 3498 3222 3581 clausas,
3272 3498 3526 3564 imme-

521 3609 725 3678 diate
762 3614 839 3677 et
876 3608 1155 3678 directe
1192 3609 1286 3677 ad
1339 3609 1818 3678 Ordinarium
1862 3613 1997 3678 aut
2039 3609 2209 3677 fidei
2259 3612 2750 3693 promotorem
2805 3606 3359 3689 transmittant,
3408 3606 3527 3674 vel

521 3717 976 3785 confessario
1012 3718 1322 3785 tradant
1360 3718 1486 3802 qui
1529 3716 1701 3784 illas
1742 3717 2286 3802 quamprimum
2325 3716 2423 3783 ad
2472 3715 2953 3783 ordinarium
2989 3714 3106 3781 vel
3147 3719 3523 3798 promoto-

527 3844 677 3891 rem
722 3823 895 3891 fidei
929 3824 1365 3892 deferendas
1397 3827 1631 3892 curet.

702 3931 736 4013 5
781 3931 848 3999 3.
900 3930 1292 4001 Illitterati
1333 3950 1485 4000 rem
1536 3933 1859 4018 parocho
1906 3934 2305 4016 exponant,
2353 3932 2479 4015 qui
2520 3932 2618 3999 ad
2668 3929 3150 3999 ordinarium
3188 3929 3312 3996 vel
3354 3947 3522 4013 pro·

524 4043 876 4106 motorem
923 4038 1094 4107 fidei
1129 4058 1287 4106 eam
1329 4039 1626 4107 referat.

1797 4163 1977 4230 ΟΑΝ.
2026 4163 2222 4229 2026.

704 4307 1137 4391 Superiores
1195 4307 1522 4392 religiosi
1589 4309 1800 4392 gravi
1860 4306 2311 4392 obligatione
2370 4310 2721 4375 tenentur
2786 4302 3098 4373 curandi
3141 4309 3227 4371 ut
3266 4320 3523 4369 omnes

526 4415 832 4495 subditi,
881 4416 1007 4500 qui
1059 4416 1351 4496 debent,
1399 4416 1758 4483 accedant
1800 4415 1896 4482 ad
1940 4415 2478 4500 deponendum,
2527 4432 2709 4500 quos
2754 4419 3000 4481 tamen
3059 4430 3192 4478 nec
3233 4410 3520 4479 directe

528 4541 659 4590 nec
705 4522 1064 4590 indirecte
1110 4523 1498 4606 impellant
1554 4524 1649 4590 ad
1694 4523 2119 4591 testandum
2166 4524 2247 4590 in
2305 4541 2532 4590 unum
2580 4521 2830 4607 potius
2878 4536 3095 4605 quam
3153 4519 3233 4584 in
3286 4518 3517 4584 alium

526 4647 844 4696 sensum.

1795 4753 1975 4820 CAN.
2023 4752 2220 4820 2027.

705 4895 739 4977 5
788 4897 853 4961 1.
904 4896 1431 4964 Admittuntur
1477 4901 1563 4963 ut
1601 4900 1829 4965 testes
1864 4895 2422 4981 consanguinei,
2461 4893 2737 4977 affines,
2786 4893 3224 4975 familiares,
3271 4892 3512 4959 haem-

526 5003 660 5071 tici
705 5020 990 5087 quoque
1030 5007 1102 5072 et
1145 5002 1502 5072 infideles.

704 5111 738 5194 5
784 5111 852 5177 2.
900 5111 1223 5179 Admitti
1276 5114 1690 5196 nequeunt:

786 5221 883 5285 1:
927 5218 1446 5286 confessarius
1477 5219 1575 5286 ad
1614 5237 1945 5287 normam
1976 5238 2141 5286 can.
2176 5218 2372 5302 1757,
2421 5219 2453 5302 5
2487 5218 2555 5301 3,
2589 5237 2663 5284 n.
2696 5216 2762 5300 23

709 5448 730 5483 ¹
770 5448 828 5500 S.
864 5447 933 5499 Β.
977 5448 1065 5509 Ο..
1098 5447 1254 5499 decr.
1291 5446 1356 5498 m
1388 5459 1523 5509 aug.
1567 5445 1714 5507 1918.
1748 5458 1804 5496 n.
1843 5445 1890 5497 1.
