3753 5871
541 309 616 370 08
862 293 871 298 “
1362 320 1367 326 ·
1679 317 1876 371 ouo·
1921 317 2084 370 nme
2123 319 2404 372 canonae«

724 500 757 582 ξ
802 500 871 566 2.
920 499 1417 589 Quapropter,
1472 505 2030 589 quaestionibus
2071 508 2329 577 ordine
2369 509 2764 579 iudiciario
2808 515 3224 583 tractandis
3266 517 3362 583 ad
3405 518 3533 586 tri·

546 609 774 677 bunal
810 617 1232 702 competens
1266 614 1594 682 remissis
1631 619 1708 684 et
1740 616 2093 684 incolumi
2125 637 2410 704 semper
2442 621 2604 689 iure
2636 623 3249 708 congregationis
3292 627 3370 695 S.
3409 628 3533 695 Of-

546 717 697 788 ficii
739 727 812 789 et
857 723 1472 808 congregationis
1516 724 1834 794 concilii
1874 728 2077 796 circa
2120 731 2417 814 negotia
2470 731 2564 798 ad
2611 732 2815 818 ipsas
2869 737 3310 819 spectantia,
3358 739 3536 806 haec

544 830 1040 918 congregatio
1085 836 1550 921 quaestiones
1591 855 1843 905 omnes
1887 858 2064 907 suae
2114 842 2652 924 competentiae
2696 843 2774 910 in
2831 845 3028 913 linea
3069 845 3538 930 disciplinari

543 942 852 1028 dirimit3
904 945 1032 1013 sed
1075 948 1141 1013 si
1194 948 1529 1031 quaestio
1569 953 1910 1016 vertatur
1950 951 2148 1018 inter
2193 952 2615 1036 religiosum
2662 954 2985 1022 sodalem
3031 961 3105 1023 et
3149 974 3536 1039 personam

546 1071 690 1121 non
731 1055 1176 1141 religiosam,
1214 1056 1403 1141 ipsa,
1431 1059 1878 1143 vpraesertim
1915 1061 2008 1128 ad
2043 1061 2480 1130 instantiam
2529 1065 2793 1158 partis,
2834 1071 3077 1150 potest
3124 1085 3431 1151 quoque,
3470 1067 3538 1134 si

542 1182 856 1250 aequum
893 1166 1358 1252 iudicaverit,
1406 1170 1710 1237 eandem
1759 1173 2258 1256 quaestionem
2305 1173 2398 1240 ad
2437 1175 2660 1241 aliam
2701 1175 3358 1261 congregationem
3399 1189 3538 1246 aut.

544 1275 877 1342 tribunal
913 1278 1288 1346 remittere
1322 1278 1371 1347 ¹.

723 1390 759 1473 ξ
804 1391 871 1459 3.
922 1392 1122 1460 Huic
1165 1394 1481 1479 denique
1533 1394 2111 1480 congregationi
2159 1402 2579 1494 reservatur
2631 1401 3007 1467 concessio
3050 1401 3535 1486 dispensatio-

545 1518 720 1568 num
753 1520 885 1678 ἐγ
917 1504 1078 1571 iure
1146 1506 1515 1573 communi
1584 1524 1723 1590 pro
1788 1506 2167 1575 sodalibus
2270 1508 2661 1593 religiosis,
2769 1509 2982 1578 firmo
3076 1512 3542 1596 praescripto

540 1630 705 1678 can.
889 1661 907 1694 ,
954 1613 987 1696 ξ
1029 1615 1073 1680 5
1115 1614 1166 1681 ².

1837 1742 2017 1807 cam.
2055 1740 2207 1808 252.

723 1879 757 1960 ξ
805 1882 871 1944 1.
921 1878 1413 1965 congregatio
1445 1879 1538 1947 de
1568 1878 2062 1966 Propaganda
2099 1881 2286 1949 Fide
2317 1882 2792 1950 missionibus
2829 1884 2925 1951 ad
2959 1884 3536 1968 praedicandum

544 1987 1027 2074 Evangelium
1060 1996 1136 2058 et
1167 1990 1606 2057 catholicam
1649 1991 2067 2058 doctrinam
2110 1996 2428 2076 praeest,
2466 1993 2849 2061 ministros
2885 1994 3334 2062 necessarios
3365 2012 3530 2061 con-

543 2100 798 2168 stituit
841 2106 916 2168 et
970 2105 1239 2182 mutat,
1286 2100 1868 2186 facultatemque
1923 2102 2146 2170 habet
2192 2103 2594 2185 tractandi,
2655 2104 2923 2188 agendi
2968 2110 3042 2172 et
3092 2102 3532 2188 exsequendi

543 2210 790 2277 omnia
830 2210 967 2277 hac
999 2211 1077 2278 in
1114 2229 1193 2278 re
1225 2210 1638 2278 necessaria
1671 2215 1749 2280 et
1780 2217 2225 2296 opportuna.

718 2324 752 2406 ξ
799 2325 865 2390 2.
915 2325 1152 2393 Curat
1184 2343 1272 2393 ea
1311 2326 1562 2392 omnia
1595 2343 1780 2411 quae
1813 2326 1909 2393 ad
1945 2326 2444 2395 conciliorum
2489 2326 3053 2395 celebrationem
3092 2333 3166 2395 et
3214 2329 3534 2413 recogni-

545 2435 816 2502 tionem
854 2436 930 2502 in
968 2435 1152 2503 locis
1188 2435 1330 2502 sibi
1366 2436 1717 2504 subiectis
1753 2436 2134 2521 pertinent
2171 2435 2225 2504 ⁸.

720 2548 753 2630 §
799 2549 866 2617 3.
917 2549 1103 2617 Eius
1149 2549 1571 2618 iurisdictio
1628 2550 1724 2617 iis
1790 2555 1904 2620 est
1961 2550 2526 2635 circumscripta
2588 2550 3033 2634 regionibus,
3098 2550 3250 2633 ubi,
3321 2567 3539 2617 sacra

541 2659 956 2727 hierarchia
992 2660 1316 2728 nondum
1345 2662 1783 2744 constituta,
1819 2665 2065 2729 status
2095 2661 2469 2728 missionis
2499 2666 2944 2746 perseverat.
2983 2662 3181 2730 Huic
3216 2662 3532 2747 congre·

539 2770 825 2854 gationi
866 2776 1044 2841 sunt
1073 2771 1298 2838 etiam
1341 2771 1713 2839 subiectae
1749 2772 2108 2854 regiones,
2149 2790 2359 2856 quae,
2405 2773 2547 2840 etsi
2581 2772 2998 2840 hierarchia
3040 2773 3227 2840 inibi
3260 2773 3533 2840 consti·

539 2885 708 2950 tuta
748 2881 873 2965 sit,
916 2881 1158 2950 adhuc
1195 2881 1623 2951 inchoatum
1663 2882 1947 2968 aliquid
1991 2884 2526 2968 praeseferunt.
2576 2883 2837 2951 Eidem
2880 2882 3165 2968 pariter
3216 2882 3533 2951 subsunt

540 2993 931 3061 societates
971 2992 1633 3061 ecclesiasticorum
1677 3012 1765 3061 ac
1804 2993 2221 3061 seminaria
2258 3012 2444 3078 quae
2476 2993 2844 3061 exclusive
2877 2994 3194 3062 fundata
3234 3000 3408 3060 sunt
3446 3012 3534 3061 eo

538 3103 708 3186 fine,
739 3109 825 3173 ut
851 3105 928 3169 in
953 3104 1061 3171 eis
1086 3103 1585 3171 instituantur
1609 3103 2062 3171 missionarii
2088 3122 2224 3188 pro
2250 3105 2522 3171 exteris
2557 3104 3054 3186 missionibus,
3092 3105 3534 3188 praesertim

540 3215 732 3298 quod
760 3215 1037 3282 attinet
1073 3215 1168 3282 ad
1202 3233 1452 3282 eorum
1488 3214 1806 3297 regulas,
1849 3214 2569 3281 administrationem
2601 3219 2826 3298 atque
2864 3220 3323 3298 opportunas
3359 3233 3528 3281 con·

535 3329 900 3397 cessiones
933 3330 1029 3395 ad
1063 3347 1350 3397 sacram
1384 3328 1926 3396 ordinationem
1962 3329 2429 3396 alumnorum
2466 3330 2863 3413 requisitas
2904 3328 2956 3394 ⁴.

712 3443 745 3526 §
792 3446 859 3509 4.
909 3444 1114 3511 Haec
1156 3448 1404 3512 autem
1449 3443 1946 3528 Congregatio
1985 3447 2281 3511 tenetur
2322 3443 2418 3510 ad
2457 3446 2955 3526 competentes
3006 3441 3531 3526 congregatio·

537 3574 666 3620 nes
696 3556 984 3623 deferre
1028 3555 1322 3637 negotia
1358 3573 1544 3639 quae
1579 3558 1716 3621 aut
1748 3553 1962 3620 fidem
1998 3553 2410 3636 attingunt,
2448 3555 2582 3620 aut
2614 3570 2880 3619 causas
2914 3551 3528 3634 matrimoniales,

533 3667 671 3731 aut
712 3663 1098 3749 generales⁴
1132 3681 1427 3730 normas
1463 3663 1664 3731 circa
1711 3681 2089 3731 sacrorum
2132 3663 2412 3731 rituum
2458 3663 2929 3746 disciplinam
2970 3662 3373 3730 tradendas
3409 3662 3530 3728 vel

534 3772 1136 3856 interpretandas
1177 3773 1230 3841 ⁸.

710 3885 743 3968 ξ
790 3887 856 3952 5.
907 3885 1118 3965 Quod
1150 3905 1323 3954 vero
1353 3891 1640 3969 spectat
1671 3887 1767 3954 ad
1799 3885 2088 3953 sodales
2129 3885 2534 3969 religiosos,
2571 3886 2824 3953 eadem
2857 3885 3350 3970 congregatio
3384 3886 3533 3953 sibi

530 3997 864 4066 vindicat
890 3997 1245 4082 quidquid
1283 3998 1664 4081 religiosos
1694 4015 1838 4082 qua
1870 3997 2400 4080 missionarios,
2432 3998 2584 4063 sive
2613 3996 2728 4064 uti
2755 3997 3087 4081 singulos
3115 3997 3268 4067 sive
3302 3997 3529 4062 simul

531 4113 891 4191 sumptos,
922 4108 1193 4193 tangit.
1225 4107 1602 4193 Quidquid
1636 4126 1811 4175 vero
1840 4108 2222 4193 religiosos
2257 4126 2405 4192 qua
2431 4106 2646 4190 tales,
2684 4109 2838 4175 sive
2867 4108 2980 4173 uti
3010 4106 3342 4191 singulos
3371 4107 3527 4174 sive

530 4220 751 4287 simul
803 4225 1137 4304 sumptos
1176 4220 1512 4301 attingit,
1555 4219 1649 4286 ad
1694 4219 2353 4303 congregationem
2402 4218 2910 4301 religiosorum
2960 4217 3275 4301 negotiis
3317 4235 3520 4301 prae·

529 4329 846 4413 positam
877 4330 1213 4397 remittat
1246 4335 1378 4397 aut
1409 4328 1783 4413 relinquat
1818 4329 1869 4395 ⁸.

698 4592 720 4627 ¹
760 4592 902 4642 Plus
929 4590 995 4651 X,
1024 4592 1209 4641 const.
1242 4603 1273 4640 ι
1302 4587 1572 4645 Sapienti
1604 4586 1848 4639 contiuo
1878 4603 1927 4649 ι,
1956 4586 2022 4639 29
2052 4587 2173 4638 iun.
2213 4585 2361 4647 1908,
2399 4586 2425 4646 3
2466 4587 2514 4647 1,
2547 4599 2605 4637 n.
2636 4586 2711 4645 5⁰,
2751 4586 2800 4637 2.

690 4682 718 4719 ²
759 4681 994 4737 Plus-X.
1023 4677 1209 4728 const.
1241 4689 1272 4726 ι
1303 4674 1571 4734 sapienti
1609 4674 1852 4724 commo
1881 4687 1931 4732 ι,
1963 4674 2028 4726 29
2061 4675 2182 4725 lun.
2215 4673 2364 4734 1908,
2400 4674 2426 4734 5
2467 4674 2516 4734 1,
2550 4685 2608 4725 n.
2641 4675 2717 4732 3⁰.
2750 4675 2799 4733 2,

691 4770 717 4802 ³
757 4767 816 4817 S.
853 4765 917 4816 C.
952 4765 1229 4825 consist„
1265 4763 1332 4815 12
1363 4775 1494 4814 nov.
1534 4763 1683 4823 1908,
1718 4763 1797 4814 ad
1830 4762 1966 4815 vn.

689 4861 717 4895 ⁴
760 4857 904 4907 Plus
939 4855 1005 4915 X,
1053 4857 1237 4905 const.
1280 4867 1311 4904 ι
1347 4852 1619 4912 sapienti
1663 4853 1910 4903 oonsilio
1947 4866 1996 4911 »,
2037 4853 2102 4903 29
2141 4853 2261 4903 iun.
2302 4852 2450 4912 1908,
2497 4853 2523 4913 ξ
2565 4853 2613 4911 Ι,
2653 4865 2710 4902 n.
2761 4850 2838 4913 6⁰,
2879 4852 2982 4912 1·3;
3022 4851 3080 4904 S.
3120 4851 3187 4903 c.
3237 4851 3524 4912 coum..

526 4946 595 4998 12
628 4956 760 4996 nov.
793 4943 941 5005 1908,
982 4942 1061 4995 ad
1101 4942 1151 5003 Ι,
1192 4940 1323 5002 xm
1364 4940 1650 4999 Romana,
1688 4941 1724 4993 0
1758 4953 1895 5003 aug.
1929 4942 2076 5001 1909,
2118 4941 2197 4993 ad
2245 4942 2311 5002 x:
2351 4941 2638 4998 Romana,
2670 4942 2735 4993 10
2782 4942 2905 4993 dec.
2940 4941 3085 5003 1909;
3126 4938 3416 4999 Romam,
3457 4941 3529 4993 15

688 5069 701 5084 .
799 5034 830 5083 1
868 5070 882 5083 .

527 5036 718 5159 mal-tl*
736 5033 898 5176 112138
926 5124 995 5183 Χ,
1021 5125 1206 5174 const.
1234 5137 1266 5172 α
1293 5120 1563 5181 Sapienti
1589 5119 1831 5170 oonsilio
1857 5133 1907 5178 ι,
1936 5118 2002 5172 29
2032 5121 2151 5170 iun.
2184 5119 2332 5178 1908,
2364 5119 2390 5179 5
2423 5119 2472 5178 Ι,
2500 5130 2558 5169 ιι.
2595 5118 2672 5179 00,
2708 5121 2757 5180 -1;
2786 5118 2845 5170 S.
2873 5119 2939 5170 c.
2976 5118 3258 5178 consist„
3289 5118 3356 5169 12
3383 5129 3521 5169 nov.

710 5224 745 5261 a
899 5248 913 5272 ,
1046 5250 1060 5262 .

526 5213 713 5336 1m⁸
748 5210 892 5353 {1²13
917 5211 1201 5361 vaconst.
1230 5315 1261 5352 ι
1286 5299 1558 5361 Sumenti
1589 5298 1833 5351 oonsilio
1867 5312 1917 5359 ιι,
1945 5298 2011 5351 29
2039 5299 2160 5350 iun.
2190 5296 2338 5357 1908,
2373 5295 2400 5357 S
2432 5298 2480 5357 1,
2509 5309 2566 5347 ιι.
2595 5296 2672 5357 00,
2703 5297 2752 5355 5;
2781 5296 2837 5347 S.
2867 5296 2933 5348 c.
2966 5295 3251 5354 Consist..
3284 5294 3351 5346 12
3378 5307 3513 5346 nov.

520 5389 669 5451 1908,
694 5390 772 5443 ad
795 5392 863 5452 V:
888 5390 1046 5442 Ordo
1071 5390 1398 5443 servandus
1423 5390 1486 5440 in
1516 5388 1575 5441 S.
1603 5388 2187 5451 congregationibus,
2215 5386 2658 5446 Tribunallbus,
2693 5383 2910 5439 Officiis
2938 5383 3240 5435 Romanae
3273 5382 3515 5443 curiae,

520 5481 585 5532 29
618 5483 764 5539 sept.
800 5480 947 5539 1908,
984 5479 1133 5532 Pars
1174 5479 1258 5538 11,
1295 5478 1547 5530 Normae
1589 5478 1935 5538 peculiares.
1981 5487 2106 5537 cap,
2151 5477 2199 5535 1,
2246 5488 2303 5526 ιι.
2343 5478 2418 5533 1⁰,
2454 5486 2506 5526 e.

2840 4686 2897 4724 ιι.
2930 4673 3005 4732 5⁶,
3045 4672 3094 4725 3.
