3753 5871
543 260 654 318 468
1678 259 1875 311 Gnaeo
1921 259 2084 311 ltu-u
2122 259 2404 312 Oanonioi

548 448 955 533 praemissa
1011 447 1248 514 divini
1304 446 1644 524 Nominis
1701 446 2168 515 invocatione
2204 452 2280 515 et
2319 465 2368 514 a
2403 447 2909 515 sacerdotibus
2978 447 3269 532 quidem
3332 450 3553 515 tacto

548 561 866 639 pectore,
905 574 952 622 a
985 555 1250 622 ceteris
1284 554 1648 637 fidelibus,
1694 556 1900 623 tacto
1937 553 2508 640 Evangeliorum
2545 542 2736 621 libro
2781 551 2833 622 ¹.
3481 577 3490 586 ·

726 663 759 746 ξ
806 662 873 730 2.
924 663 1156 729 Iudex
1201 666 1514 747 partem,
1561 664 1823 730 testem
1880 668 2015 731 aut
2059 662 2382 747 peritum
2438 663 2536 731 ad
2580 662 3099 730 iusiurandum
3147 662 3552 746 recipiens,

545 789 710 838 eum
746 770 1188 855 regulariter
1218 770 1826 840 commonefaciat
1858 776 2017 839 tum
2053 770 2145 839 de
2175 771 2576 839 sanctitate
2617 776 2831 838 actus
2863 775 2940 839 et
2978 770 3069 838 de
3100 770 3556 856 gravissimo

543 875 816 945 delicto
846 878 1037 963 quod
1073 877 1483 945 admittunt
1513 878 2005 946 iurisiurandi
2030 878 2455 961 violatores,
2496 885 2654 948 tum
2684 879 2908 946 etiam
2936 878 3028 947 de
3058 878 3340 963 poenis,
3386 878 3552 961 qui·

545 985 684 1054 bus
719 986 1015 1053 obnoxii
1058 985 1251 1053 fiunt
1284 987 1410 1069 qui
1446 985 1721 1052 falsum
1755 986 1835 1052 in
1871 985 2150 1054 iudicio
2184 987 2416 1055 iura-ti
2460 986 2856 1054 affirmant.

726 1094 759 1177 ξ
804 1094 872 1161 3.
923 1092 1451 1160 Iusiurandum
1499 1093 1898 1161 secundum
1937 1094 2334 1162 formulam
2371 1114 2418 1162 a
2464 1094 2706 1163 iudice
2742 1095 3129 1178 probatam
3169 1094 3558 1178 praestari

546 1203 762 1271 debet
794 1220 1041 1269 coram
1078 1201 1329 1269 eodem
1364 1201 1606 1269 iudice
1638 1207 1773 1270 aut
1814 1202 1975 1269 eius
2006 1202 2369 1288 delegato,
2406 1203 2753 1270 adstante
2790 1206 3104 1288 utraque
3148 1205 3282 1269 aut
3314 1201 3554 1269 alter·

549 1316 722 1379 utra
759 1312 996 1395 parte,
1038 1327 1223 1392 quae
1267 1310 1623 1388 interesse
1659 1309 2150 1378 iurisiurandi
2188 1311 2680 1395 praestationi
2725 1310 2928 1378 velit.

1814 1481 1991 1548 CAN.
2043 1481 2238 1548 1623.

726 1602 759 1685 ξ
808 1605 872 1667 1.
924 1604 1015 1668 In
1052 1603 1326 1671 iudicio
1369 1603 1741 1670 criminali
1776 1622 2087 1688 semper,
2134 1605 2213 1671 in
2247 1605 2711 1672 contentioso
2745 1609 2993 1672 autem
3039 1604 3104 1671 si
3138 1621 3227 1671 ex
3267 1601 3556 1671 revela·

548 1709 748 1778 tione
786 1709 1105 1778 alicuius
1150 1718 1364 1779 actus
1403 1711 1896 1796 processualis
1935 1711 2470 1796 praeiudicium
2510 1712 2851 1797 partibus
2893 1712 3235 1780 obvenire
3255 1711 3555 1795 possit,

548 1815 828 1886 iudices
860 1824 934 1887 et
966 1819 1366 1886 tribunalis
1405 1819 1784 1887 adiutores
1818 1826 2168 1889 tenentur
2198 1820 2294 1887 ad
2336 1823 2696 1888 secretum
2729 1818 2946 1887 officii
2988 1817 3043 1887 ².

725 1925 759 2008 ξ
805 1926 873 1993 2.
925 1926 1299 1996 Tenentur
1349 1927 1575 1995 etiam
1620 1945 1905 2013 semper
1947 1928 2043 1995 ad
2087 1928 2512 1996 inviolabile
2553 1931 2914 1996 secretum
2958 1926 3408 1995 servandum
3462 1926 3561 1994 de

547 2033 1003 2102 discussione
1032 2054 1217 2120 quae
1245 2037 1323 2103 in
1347 2036 1708 2105 tribunali
1736 2036 2106 2120 collegiali
2131 2041 2306 2105 ante
2325 2036 2703 2105 ferendam
2730 2036 3173 2103 sententiam
3196 2035 3554 2108 habetur,

550 2146 708 2209 tum
738 2143 962 2209 etiam
991 2142 1083 2211 de
1116 2143 1347 2211 variis
1377 2141 1756 2227 suffragiis
1784 2148 1859 2212 et
1891 2144 2363 2229 opinionibus
2394 2143 2662 2212 ibidem
2697 2144 3038 2228 prolatis.

726 2247 759 2330 ξ
806 2249 873 2315 3.
924 2249 1086 2317 Imo
1118 2251 1404 2334 quoties
1435 2269 1701 2319 causae
1728 2252 1846 2320 vel
1878 2252 2397 2336 probationum
2440 2254 2713 2319 natura
2743 2251 2924 2319 talis
2963 2251 3066 2318 sit
3096 2253 3181 2317 ut
3213 2269 3304 2318 ex
3346 2254 3554 2317 acto-

552 2374 714 2422 rum
751 2356 867 2424 vel
901 2358 1419 2440 probationum
1488 2359 1954 2444 evulgatione
2010 2359 2327 2426 aliorum
2386 2359 2591 2427 fama
2649 2359 3140 2445 periclitetur,
3176 2358 3295 2426 vel
3334 2376 3552 2442 prae·

553 2462 815 2531 beatur
873 2482 1058 2530 ansa
1127 2465 1483 2546 dissidiis,
1548 2470 1682 2535 aut
1753 2467 2184 2534 scandalum
2248 2467 2544 2536 aliudve
2582 2467 2659 2535 id
2703 2484 2935 2552 genus
2997 2465 3555 2533 incommodum

554 2569 869 2653 oriatur,
925 2570 1146 2638 iudex
1209 2572 1486 2657 poterit
1536 2577 1788 2655 testes,
1842 2573 2149 2659 peritos,
2215 2578 2468 2658 partes
2521 2592 2922 2658 earumque
2971 2572 3375 2641 advocatos
3423 2573 3553 2641 vel

553 2682 1071 2760 procuratores
1104 2679 1584 2748 iureiurando
1616 2681 2080 2767 adstringere
2111 2681 2206 2749 ad
2242 2684 2603 2750 secretum
2647 2681 3087 2749 servandum
3121 2681 3173 2748 ³.

1820 2856 1999 2925 CAN·
2056 2857 2252 2924 1624.

725 2979 958 3048 Iudex
997 2992 1073 3049 et
1111 2999 1360 3050 omnes
1397 2980 1798 3047 tribunalis
1834 2980 2286 3063 administri,
2332 2981 2712 3049 occasione
2750 2981 3017 3067 agendi
3058 2981 3347 3063 iudicii,
3392 3000 3552 3049 mu·

552 3103 730 3155 nera
775 3088 1073 3172 quaevis
1109 3092 1493 3171 acceptare
1536 3087 2023 3173 prohibentur
2059 3089 2109 3159 ⁴.

1829 3264 2007 3331 OAN.
2056 3262 2251 3330 1625.

729 3387 762 3470 ξ
811 3391 875 3455 1.
916 3388 1220 3455 Iudices
1264 3388 1389 3472 qui
1429 3406 1595 3454 cum
1634 3392 1834 3455 certe
1886 3396 1960 3457 et
2000 3388 2377 3457 evidenter
2416 3392 2915 3471 competentes
2960 3391 3161 3469 sunt,
3210 3386 3334 3454 ius
3389 3387 3549 3455 red·
3653 3380 3654 3403 ¹

552 3496 725 3564 dere
759 3500 1127 3575 recusant,
1157 3496 1276 3562 vel
1308 3496 1434 3580 qui
1465 3501 1737 3563 temere
1768 3514 1844 3563 se
1882 3501 2379 3580 competentes
2408 3496 2818 3571 declarant,
2860 3495 2975 3564 vel
3016 3495 3142 3580 qui
3173 3512 3262 3562 ex
3291 3494 3550 3579 cnlpa-

552 3603 685 3670 bili
725 3603 1173 3687 negligentia
1235 3607 1370 3672 aut
1421 3601 1592 3670 dolo
1658 3608 1906 3670 actum
1970 3603 2256 3669 nullum
2312 3621 2480 3670 cum
2540 3604 2858 3671 aliorum
2914 3603 3366 3671 detrimento
3433 3602 3550 3670 vel

555 3710 915 3777 iniustum
961 3716 1248 3795 ponunt
1289 3715 1423 3778 aut
1474 3710 1681 3777 aliud
1724 3709 2198 3796 litigantibus
2240 3710 2590 3778 damnum
2643 3711 3005 3792 inferunt,
3052 3713 3409 3777 tenentur
3466 3710 3555 3778 de

555 3817 846 3885 damnis
885 3825 959 3886 et
998 3819 1091 3885 ab
1128 3818 1530 3886 ordinario
1566 3819 1707 3886 loci
1745 3819 1886 3899 vel,
1926 3819 1990 3885 si
2035 3818 2127 3886 de
2163 3818 2534 3903 Episcopo
2578 3821 2873 3903 agatur,
2914 3836 2962 3885 a
3008 3815 3193 3885 Sede
3231 3818 3550 3902 Aposto-

554 3925 724 4007 lica‚
764 3926 857 3994 ad
903 3926 1340 3994 instantiam
1378 3927 1617 4010 partis
1653 3932 1787 4004 aut
1823 3927 2049 3995 etiam
2093 3946 2183 3995 ex
2218 3925 2477 4008 officio,
2524 3925 2873 4011 congruis
2907 3925 3164 4010 poenis
3208 3943 3355 4010 pro
3387 3944 3547 4010 gra·

553 4034 786 4101 vitate
821 4034 1083 4118 culpae
1122 4034 1374 4117 puniri
1414 4038 1749 4117 possunt,
1794 4053 1942 4101 non
1984 4034 2282 4102 exclusa
2319 4033 2535 4102 officii
2583 4033 2999 4118 privatione
3036 4035 3089 4103 ⁸.

736 4261 756 4296 ¹
794 4261 858 4312 Ο.
886 4259 967 4320 m,
994 4259 1058 4312 C.
1094 4260 1210 4319 ΙΙΙ,
1241 4272 1294 4322 q.
1325 4261 1377 4321 ὓς
1398 4271 1448 4311 c.
1481 4260 1532 4319 7,
1563 4260 1629 4317 X,
1658 4261 1728 4310 de
1764 4261 2093 4311 iuramento
2120 4258 2468 4319 calumniae,
2495 4260 2579 4320 ΙΙ,
2606 4260 2656 4321 ’ἴς
2679 4272 2728 4311 c.
2758 4261 2810 4320 5,
2841 4260 2908 4319 X,
2944 4260 3016 4309 do
3042 4255 3309 4319 trifidis,
3339 4259 3400 4308 ei
3435 4267 3546 4305 nc·

559 4350 851 4411 tendatis,
893 4353 954 4400 et
995 4349 1343 4409 impotentia
1395 4348 1659 4407 coenandi,
1705 4350 1805 4409 1v,
1850 4350 1934 4411 15;
1986 4348 2044 4401 S.
2078 4350 2143 4402 G.
2179 4348 2237 4401 S.
2271 4349 2409 4410 off..
2455 4350 2626 4403 instr.
2680 4348 2782 4409 (ad
2825 4349 2932 4409 1121».
2976 4348 3224 4413 Rituum
3267 4346 3544 4405 orient).

558 4453 613 4492 a.
658 4440 806 4499 1883,
840 4443 937 4494 tit.
975 4440 1090 4499 ΙΙΙ,
1129 4453 1186 4491 ιι.
1219 4440 1301 4500 123
1335 4438 1393 4492 S.
1429 4440 1494 4492 C.
1530 4440 1604 4491 de
1638 4440 1808 4501 Prop.
1847 4439 2012 4499 Fide,
2050 4442 2220 4491 lustr.
2258 4451 2314 4490 a.
2347 4439 2495 4498 1883,
2541 4452 2598 4490 ιι.
2632 4438 2713 4490 12.

732 4537 757 4571 ²
799 4530 865 4584 C.
892 4531 974 4589 20,
1009 4534 1080 4581 de
1106 4530 1439 4589 haereticis,
1467 4531 1533 4591 V,
1562 4531 1612 4590 2,
1647 4531 1709 4581 ln
1736 4531 1861 4591 V1⁰;
1886 4531 2006 4583 Lex
2032 4530 2269 4592 propria
2297 4529 2354 4583 S.
2385 4531 2454 4582 R.
2484 4530 2672 4582 Rotae
2694 4532 2756 4582 et
2787 4528 3142 4590 signaturae
3165 4526 3301 4586 Δρ..
3329 4526 3398 4579 29
3431 4528 3540 4578 lun

559 4622 706 4683 1908,
747 4633 875 4673 can.
908 4621 959 4681 8,
991 4621 1074 4682 36,
1113 4621 1140 4682 3
1171 4620 1221 4672 3.

738 4717 763 4752 ³
805 4713 863 4765 S.
901 4712 966 4763 Ο.
1008 4712 1066 4763 8.
1114 4710 1252 4770 off„
1293 4712 1461 4763 instr.
1503 4712 1568 4763 20
1611 4712 1760 4763 febr.
1799 4711 1948 4770 1806,
1985 4725 2042 4763 ιι.
2081 4713 2164 4773 14;
2200 4713 2369 4763 instr.
2418 4710 2519 4769 (ad
2556 4710 2660 4769 Ep.
2700 4709 2944 4761 Rituum
2986 4706 3261 4766 orient),
3303 4720 3364 4759 a.
3402 4706 3538 4759 1883.

561 4804 656 4856 tit.
695 4802 812 4860 111,
845 4816 902 4854 ιι.
936 4802 1017 4862 12;
1051 4803 1109 4854 8.
1141 4802 1206 4854 C.
1242 4803 1346 4862 Ep.
1380 4805 1442 4854 et
1474 4801 1638 4863 neg..
1675 4803 1844 4853 instr.
1882 4803 1947 4853 11
1988 4801 2110 4852 lun.
2148 4801 2296 4861 1880,
2331 4814 2388 4852 ιι.
2420 4800 2505 4859 18,
2536 4800 2619 4860 32;
2662 4798 2720 4850 S.
2753 4797 2820 4850 O.
2855 4797 2929 4850 de
2962 4797 3134 4856 Prop.
3172 4796 3344 4858 Fide,
3381 4798 3537 4848 insu.

560 4905 616 4943 a.
652 4891 799 4951 1883,
828 4904 885 4943 n.
915 4893 1131 4951 XVIII,
1160 4893 1388 4953 xxxln
1415 4892 1584 4943 lustr.
1622 4904 1678 4942 a.
1707 4891 1856 4951 1883,
1889 4905 1964 4953 ιι..
1984 4891 2065 4943 12.

732 4987 759 5021 ⁴
801 4982 866 5034 Ο.
899 4982 1012 5042 126,
1044 4984 1158 5042 129,
1190 4984 1305 5044 130,
1340 4983 1403 5035 C.
1440 4984 1488 5042 1,
1522 4995 1575 5043 q.
1611 4985 1734 5042 11c.
1766 4983 1849 5043 66,
1882 4983 1966 5042 71,
1998 4982 2081 5042 72,
2115 4983 2179 5034 O.
2221 4982 2320 5040 XI,
2356 4993 2411 5042 q,
2444 4981 2493 5042 3;
2521 4992 2571 5031 c.
2605 4979 2688 5039 15.
2729 4979 2794 5031 C.
2829 4978 2980 5039 XIV,
3013 4989 3068 5039 q.
3100 4977 3149 5038 ὃς
3178 4988 3229 5028 c.
3261 4978 3354 5038 10,
3384 4978 3449 5037 x,
3481 4976 3539 5024 de

562 5076 689 5125 vita
721 5077 779 5124 et
808 5072 1113 5123 honestate
1139 5072 1500 5130 clericorum,
1529 5074 1645 5132 111,
1673 5076 1721 5133 1;
1753 5086 1802 5124 c.
1832 5075 1915 5130 11.
1949 5075 2019 5124 de
2053 5072 2377 5131 rescriptis,
2408 5072 2457 5131 Ι,
2489 5071 2539 5130 3,
2570 5071 2631 5120 ln
2658 5070 2785 5132 V103
2808 5081 2858 5121 c.
2891 5070 2943 5127 1,
2977 5070 3049 5120 do
3074 5068 3378 5119 sententio
3404 5072 3462 5117 σι
3485 5076 3537 5112 rs

561 5165 848 5221 iudicata,
883 5163 966 5223 ΙΙ,
998 5164 1081 5222 14,
1117 5164 1178 5213 in
1211 5162 1340 5224 V1⁰;
1370 5162 1638 5215 Clemens
1670 5164 1820 5224 XIV,
1853 5175 1944 5224 ep.
1981 5164 2199 5224 encycl.
2246 5178 2277 5213 α
2311 5162 2491 5214 Decet
2526 5172 2701 5221 quam
2744 5159 2998 5210 maxime
3029 5172 3081 5219 ι,
3116 5157 3181 5209 21
3214 5162 3370 5219 sept.
3404 5156 3532 5211 lm.

564 5257 589 5315 fi
622 5256 703 5317 40:
741 5255 800 5307 S.
833 5254 898 5306 C.
934 5254 993 5305 S.
1026 5251 1164 5311 off„
1203 5253 1356 5304 decr.
1390 5253 1453 5303 24
1483 5257 1629 5313 sept.
1665 5254 1809 5312 1665,
1853 5266 2015 5314 prop.
2051 5253 2132 5312 26,
2169 5253 2365 5305 damn.

740 5346 766 5381 ⁵
802 5343 867 5394 O.
900 5342 949 5402 8.
981 5345 1063 5402 49,
1096 5342 1178 5400 60,
1211 5343 1293 5402 87,
1325 5343 1407 5402 88,
1443 5344 1507 5395 O.
1540 5345 1638 5401 XI,
1670 5356 1726 5404 q.
1759 5345 1807 5404 3:
1836 5356 1885 5395 c.
1921 5346 2002 5403 11,
2035 5345 2101 5404 X,
2135 5346 2206 5394 de
2239 5342 2700 5404 probationibus,
2743 5343 2825 5402 11,
2860 5342 2943 5403 193
2970 5352 3021 5392 c.
3053 5340 3105 5401 8,
3135 5341 3204 5400 X,
3246 5340 3325 5390 ae
3354 5339 3534 5387 inm·

566 5433 756 5484 nitate
790 5433 1189 5489 ecclesiarum,
1224 5434 1573 5491 coemeterii,
1610 5439 1668 5485 ct
1712 5446 1908 5484 rerum
1944 5436 2020 5484 ad
2065 5446 2164 5485 cas
2199 5434 2640 5493 pertinentium,
2681 5434 2796 5495 ΙΙΙ,
2843 5433 2925 5494 49ς
2958 5443 3009 5483 c.
3040 5431 3124 5489 15.
3163 5433 3235 5482 de
3273 5427 3455 5489 officio
3485 5425 3530 5472 εἰ
