3753 5871
1303 282 1479 333 mter
1509 282 1813 332 Secundae
1854 306 1874 318 ·
1910 281 1997 332 De
2038 282 2314 333 Persona
3196 281 3297 340 177

1592 502 1770 571 om.
1820 502 1974 570 609.

487 642 525 725 ξ
570 644 636 708 1.
688 642 771 709 Si
814 643 1145 724 ecclesia,
1183 643 1384 728 apud
1423 661 1644 729 quam
1689 642 1964 712 residet
1995 645 2486 712 communitas
2521 645 2892 730 religiosa,
2934 646 3038 713 sit
3072 645 3294 711 simul

305 750 771 835 paroecialis,
807 756 1166 834 servetur,
1193 770 1521 838 congrua
1549 753 1899 838 congruis
1933 753 2341 832 referende,
2371 753 2911 838 praescriptum
2939 771 3105 820 can.
3134 753 3289 820 415.

484 859 520 942 ξ
565 858 633 925 2.
682 860 777 926 111
813 860 1124 928 ecclesia
1161 860 1674 945 religiosarum
1710 878 1759 927 a
1794 860 1988 928 votis
2035 860 2189 928 sive
2227 861 2706 928 sollemnibus
2743 861 2897 928 sive
2945 861 3290 946 simplici·

303 965 444 1034 bus
475 967 816 1050 paroecia
847 968 1034 1053 erigi
1067 968 1347 1053 nequit.

485 1076 520 1159 ξ
564 1076 632 1145 3.
681 1077 1111 1162 Advigilent
1157 1077 1591 1162 Superiores
1634 1097 1727 1145 ne
1777 1076 2201 1145 divinorum
2245 1076 2645 1145 officiorum
2686 1078 2768 1145 in
2814 1079 3139 1162 propriis
3180 1098 3290 1146 ec·

297 1184 550 1252 clesiis
587 1185 988 1253 celebratio
1027 1186 1520 1254 catecheticae
1550 1185 2032 1254 instructioni
2069 1178 2210 1256 au‘f'
2248 1185 2635 1271 Evangelii
2668 1185 3178 1270 explanationi
3212 1186 3293 1253 in

299 1292 613 1360 eecleffia
637 1293 1038 1377 paroeciali
1065 1293 1470 1361 tradendae
1499 1298 2020 1362 nocumentum
2046 1294 2335 1379 afferat3
2363 1294 2721 1362 iudicium
2757 1298 3006 1362 autem
3038 1300 3291 1361 utrum

307 1404 828 1468 nocumentum
858 1400 1152 1481 afferat,
1186 1419 1438 1483 necne,
1471 1402 1567 1469 ad
1605 1402 1750 1470 loci
1785 1402 2265 1470 Ordinarium
2299 1403 2624 1486 pertinet
2667 1400 2717 1467 ¹.

1600 1574 1780 1642 CAN·
1821 1573 1975 1640 610.

482 1698 517 1780 ξ
562 1700 628 1763 1.
678 1698 772 1764 In
829 1698 1311 1783 religionibus
1363 1698 1517 1765 sive
1557 1697 1888 1766 virorum
1936 1698 2090 1765 sive
2145 1698 2563 1781 mulierum,
2613 1696 2880 1782 quibus
2922 1700 3039 1765 est
3080 1697 3290 1764 chori
3424 1745 3427 1746 ν

298 1806 684 1891 obligatio,
733 1807 814 1873 in
864 1806 1178 1891 singulis
1226 1806 1566 1873 domibus
1611 1806 1739 1873 ubi
1789 1810 2110 1891 quatuor
2168 1806 2431 1874 saltem
2483 1806 2641 1873 sint
2689 1804 3017 1889 religiosi
3062 1804 3292 1872 choro

298 1914 612 1998 obligati
656 1918 732 1982 et
774 1919 949 1981 actu
986 1913 1311 1999 legitime
1352 1932 1497 1980 non
1537 1913 1902 1998 impediti,
1943 1918 2019 1981 et
2063 1913 2287 1981 etiam
2334 1913 2744 1998 pauciores,
2787 1913 2854 1980 si
2891 1913 3001 1980 ita
3036 1913 3290 1980 ferant

294 2022 894 2102 constitutiones,
916 2020 1135 2089 debet
1156 2020 1251 2088 ad
1274 2038 1606 2087 normam
1625 2021 2246 2089 constitutionum
2267 2020 2597 2106 quotidie
2617 2020 2951 2088 divinum
2975 2019 3290 2088 officium

293 2129 787 2195 communiter
832 2128 1152 2211 persolvi
1197 2128 1249 2195 ².

476 2235 511 2317 ξ
557 2236 624 2302 2.
676 2235 907 2303 Missa
936 2254 1223 2320 quoque
1247 2234 1482 2303 officio
1506 2235 1657 2303 diei
1687 2236 2135 2320 respondens
2157 2234 2559 2302 secundum
2590 2235 2925 2302 rubricas
2961 2236 3289 2321 quotidie

294 2343 657 2411 celebrari
695 2344 911 2412 debet
957 2344 1038 2410 in
1084 2343 1563 2427 religionibus
1601 2343 1930 2410 virorum
1980 2347 2059 2411 et
2105 2342 2356 2424 etiam,
2402 2344 2643 2428 quoad
2685 2342 2848 2411 fieri
2898 2343 3160 2427 possit,
3205 2343 3286 2411 in

300 2450 782 2535 religionibus
810 2451 1198 2517 mulierum
1233 2451 1285 2517 ³.

478 2557 512 2641 ξ
557 2558 625 2625 3.
676 2559 768 2625 In
807 2559 1079 2626 eisdem
1123 2557 1605 2644 religionibus
1635 2557 1788 2624 sive
1821 2559 2152 2623 virorum
2194 2557 2346 2626 sive
2378 2557 2791 2640 mulierum,
2833 2557 3291 2626 sollemniter

297 2665 614 2749 professi
665 2666 791 2749 qui
842 2685 891 2733 a
928 2666 1153 2733 choro
1193 2665 1620 2746 abfuerunt,
1662 2664 1956 2746 debent,
2000 2664 2328 2748 exceptis
2365 2665 2764 2747 conversis,
2808 2665 3030 2732 horas
3069 2684 3281 2734 cano·

299 2771 506 2840 nicas
538 2773 888 2857 privatim
924 2773 1238 2839 recitare
1274 2773 1324 2837 ⁴.

1587 2877 1765 2947 CAN.
1817 2879 1971 2945 611.

472 3023 744 3091 Omnes
779 3022 1107 3108 religiosi
1152 3021 1305 3089 sive
1346 3021 1492 3087 viri
1530 3020 1682 3087 sive
1720 3020 2091 3101 mulieres,
2139 3019 2368 3085 libere
2404 3023 2716 3102 possunt
2754 3018 3050 3085 mittere
3088 3018 3283 3086 litte·

296 3148 447 3214 ras,
497 3131 688 3198 nulli
732 3131 1086 3198 obnoxias
1139 3128 1608 3213 inspectioni,
1657 3129 1751 3195 ad
1803 3128 2153 3195 Sanctam
2203 3126 2461 3194 Sedem
2484 3125 2812 3210 eiusque
2857 3125 2938 3192 in
2985 3126 3286 3194 natione

295 3238 680 3324 Legatum,
724 3238 819 3306 ad
858 3237 1330 3305 Oardinalem
1371 3236 1901 3309 Protectorem‚
1942 3235 2036 3301 ad
2078 3233 2420 3318 proprios
2470 3233 2904 3318 Superiores
2942 3235 3283 3316 maiores,

288 3347 392 3414 ad
435 3346 904 3430 Superiorem
953 3345 1216 3413 domus
1254 3345 1451 3412 forte
1489 3343 1890 3423 absentem,
1935 3342 2031 3408 ad
2084 3341 2563 3408 Ordinarium
2611 3342 2755 3408 loci
2804 3342 2929 3408 cui
2973 3342 3284 3410 subiecti

292 3452 451 3521 sint
490 3458 591 3535 et,
635 3455 703 3520 si
742 3458 1013 3538 agatur
1041 3453 1135 3520 de
1166 3450 1611 3519 monialibus
1647 3469 1834 3535 quae
1867 3450 2005 3518 sub
2040 3448 2493 3535 regularium
2528 3449 3043 3518 iurisdictione
3079 3454 3282 3533 sunt,

287 3560 518 3629 etiam
564 3561 659 3627 ad
701 3559 1135 3645 Superiores
1171 3558 1486 3626 maiores
1520 3558 1846 3641 Ordinis;
1883 3564 1957 3627 et
2002 3559 2096 3625 ab
2133 3559 2303 3626 istis
2338 3559 2680 3626 omnibus
2716 3558 3079 3642 praedicti
3118 3558 3280 3626 reli·

288 3666 509 3751 giosi,
545 3667 690 3734 viri
721 3670 855 3735 aut
885 3667 1255 3749 mulieres,
1296 3666 1591 3734 litteras
1631 3667 1807 3734 item
1841 3666 2117 3734 nemini
2151 3666 2651 3750 inspiciendas
2683 3666 3031 3750 recipere.

1583 3843 1762 3911 CAN.
1805 3843 1960 3910 612.

469 3983 779 4054 Praeter
812 3984 1351 4069 praescriptum
1382 4000 1547 4050 can.
1583 3983 1780 4067 1345,
1816 3983 1883 4050 si
1916 3984 2061 4051 loci
2093 3983 2539 4051 ordinarius
2571 3984 2663 4051 ob
2702 4001 3004 4051 causam
3046 3982 3279 4067 publi·

284 4108 456 4158 cam
509 4093 834 4160 sonitum
875 4109 1430 4179 campanarum,
1487 4109 1739 4176 preces
1781 4091 2075 4177 aliquas
2117 4092 2236 4159 vel
2280 4110 2498 4160 sacra
2538 4091 2925 4160 sollemnia
2972 4090 3281 4173 indicat,

291 4198 624 4284 religiosi
677 4218 954 4282 omnes,
1010 4201 1234 4269 etiam
1279 4200 1624 4284 exempti,
1673 4200 1967 4268 obedire
2011 4200 2303 4282 debent,
2353 4200 2581 4309 salvis
2623 4199 3285 4268 constitutionibus

285 4310 369 4374 et
404 4306 816 4393 privilegiis
853 4325 1030 4376 suae
1069 4309 1425 4391 cuiusque
1463 4306 1941 4392 religionis⁵.

475 4552 496 4587 ¹
535 4550 890 4603 Benedictus
918 4494 1069 4611 XIV,
1100 4561 1192 4611 ep.
1224 4549 1444 4610 encycl.
1480 4564 1511 4599 α
1540 4548 1673 4601 Etsi
1712 4549 1953 4600 minime
1984 4564 2035 4609 ι,
2071 4551 2104 4601 7
2140 4551 2293 4603 febr.
2329 4551 2476 4610 1742,
2514 4551 2542 4612 ς
2584 4551 2667 4603 15.

469 4643 495 4679 ²
533 4639 598 4692 0.
630 4642 681 4700 1,
721 4640 792 4691 dc
820 4640 1210 4691 celebratione
1237 4637 1553 4689 missarum
1581 4642 1641 4689 et
1679 4637 1816 4688 aliia
1851 4638 2071 4691 divinis
2101 4638 2328 4699 officiis,
2370 4640 2485 4699 111,
2521 4641 2606 4701 14,
2640 4641 2703 4691 ln
2740 4640 2944 4702 clem:
2976 4639 3035 4693 S.
3068 4639 3134 4692 0.
3168 4640 3275 4701 ΕΡ.

284 4733 354 4781 et
385 4730 549 4791 Res..
583 4729 737 4781 decr.
771 4729 837 4780 22
865 4741 998 4790 aug.
1033 4728 1180 4788 1814,
1221 4739 1278 4778 n.
1314 4727 1411 4790 X1;
1447 4725 1855 4785 cenomanen„
1897 4727 1964 4780 10
1995 4739 2122 4788 apr.
2160 4728 2307 4779 1844.

468 4824 495 4858 ⁸
539 4818 597 4872 S.
629 4819 695 4872 0.
736 4819 842 4880 Dp.
873 4822 936 4871 et
965 4818 1126 4879 neg..
1157 4817 1425 4875 tanuen„
1463 4816 1530 4867 18
1560 4816 1683 4867 dee.
1717 4816 1864 4878 161&
1904 4816 1965 4869 S.
1997 4818 2069 4868 R.
2101 4817 2188 4879 0.,
2228 4816 2466 4869 Ordinis
2496 4816 2812 4876 Minor-um,
2852 4817 2919 4869 13
2950 4818 3098 4869 febr.
3129 4816 3279 4879 1666,

287 4921 351 4959 n.
386 4908 437 4970 6;
472 4907 711 4960 Ordinis
749 4908 1045 4957 minorum
1086 4905 1548 4966 capuccinorum
1582 4905 1642 4955 S.
1687 4903 2013 4966 Franci-sci,
2046 4907 2079 4957 ‘1
2111 4907 2234 4958 dec.
2270 4905 2419 4966 1888,
2455 4907 2700 4969 ad-V11;
2734 4905 2890 4957 decr.
2928 4918 3056 4967 gen.
3092 4906 3126 4956 2
3152 4905 3275 4957 dec.

287 4996 441 5058 18⁹1:
485 4996 725 5047 ordinis
758 4997 1039 5046 Fratrum
1074 4995 1369 5045 Minoam
1400 4992 1746 5045 Provinciae
1782 4993 2053 5056 Apuliae,
2097 4995 2164 5048 19
2200 4994 2320 5046 lan.
2358 4995 2509 5055 1906.
2555 4994 2644 5047 ad
2676 4995 2759 5046 11.

465 5088 495 5123 ⁴
536 5085 595 5137 S.
628 5086 693 5139 0.
734 5087 841 5147 Dp.
872 5089 936 5138 et
965 5085 1128 5146 neg„
1163 5085 1572 5142 cenomanen„
1603 5085 1669 5136 19
1697 5095 1824 5145 apr.
1861 5084 2009 5146 1844:
2050 5084 2108 5137 S.
2145 5085 2216 5136 R.
2251 5085 2341 5145 0.,
2385 5083 2624 5135 Ordinis
2654 5082 3280 5142 praemonstratensis,

285 5177 325 5225 4
358 5186 495 5236 aug.
534 5174 683 5226 1877.

469 5266 495 5300 ⁸
532 5264 706 5316 conc.
733 5263 1022 5323 Trident„
1059 5275 1203 5315 sess.
1232 5264 1398 5321 XXV,
1429 5263 1500 5314 dc
1525 5262 1918 5323 mentatione,
1953 5275 2004 5314 c.
2037 5262 2119 5324 123
2148 5262 2505 5315 Benedictus
2536 5262 2690 5324 XIV,
2724 5265 2911 5315 const.
2944 5278 2976 5314 ι
3013 5263 3104 5313 Aa
3131 5262 3281 5311 mili-

290 5351 482 5402 tantis
516 5367 567 5412 ι,
605 5352 673 5404 30
706 5355 880 5404 mart.
919 5350 1067 5411 1742.
1106 5352 1133 5413 ς
1180 5352 1231 5414 'R
1268 5352 1327 5405 S.
1360 5353 1430 5404 R.
1462 5352 1551 5414 0.,
1592 5352 1748 5404 decr.
1796 5365 1929 5415 gen.
1969 5352 2004 5405 3
2041 5364 2167 5414 apr.
2218 5351 2367 5414 1821,
2405 5351 2485 5404 ad
2522 5354 2574 5409 1.
2605 5351 2654 5414 2;
2691 5350 2997 5409 Acumen„
3032 5351 3099 5402 16
3123 5350 3275 5401 febr.

285 5437 439 5501 1856.
483 5439 563 5492 ad
595 5439 664 5491 V.

421 5583 617 5632 vodan
649 5580 811 5633 lum
846 5581 1145 5634 canonici.
3096 5580 3152 5625 Β
