3753 5871
1361 394 1535 445 Liber
1564 392 1801 443 Tertius
1827 419 1848 430 ·
1878 392 1967 444 Do
1993 391 2190 443 Rebus
3162 390 3267 450 291

1559 615 1735 682 cm.
1785 613 1982 680 1014.

456 740 1015 807 Matrimonium
1056 738 1333 823 gaudet
1369 739 1623 806 favore
1664 738 1873 821 iuris3
1925 755 2153 823 quare
2199 738 2280 803 in
2317 737 2542 805 dubio
2581 738 2928 805 standum
2969 740 3084 804 est
3131 755 3267 820 pro

282 846 531 915 valore
610 845 1092 930 matrimonii,
1182 846 1412 916 donec
1492 846 1951 913 contrarium
2036 846 2415 931 probetur,
2511 844 2719 912 salvo
2807 844 3267 930 praescripto

279 971 444 1021 can.
493 953 666 1019 1127
702 953 753 1021 ².

1547 1061 1723 1129 OAN.
1774 1060 1971 1127 1015.

463 1184 497 1267 ξ
544 1187 610 1250 1.
661 1184 1220 1273 Matrimonium
1254 1184 1796 1267 baptizatorum
1842 1183 2172 1250 validum
2206 1184 2486 1251 dicitur
2517 1187 2796 1265 ratum,
2840 1184 2905 1249 si
2944 1182 3268 1250 nondum

281 1293 912 1360 consummatione
949 1292 1393 1376 completum
1435 1296 1570 1375 est;
1615 1296 1865 1359 ratum
1906 1297 1981 1359 et
2017 1295 2632 1375 consummatum,
2680 1292 2745 1359 si
2784 1292 2983 1359 inter
3018 1291 3265 1358 coniu-

283 1419 409 1486 ges
441 1400 681 1469 locum
716 1400 1060 1468 habuerit
1090 1400 1503 1488 coniugalis
1542 1404 1781 1483 actus,
1815 1400 1911 1468 ad
1948 1418 2159 1484 quem
2203 1405 2474 1467 natura
2508 1418 2644 1467 sua
2678 1399 3072 1467 ordinatur
3102 1417 3266 1466 con-

282 1512 570 1574 tractus
607 1507 1180 1575 matrimonialis
1207 1512 1283 1577 et
1315 1523 1459 1592 quo
1493 1508 1842 1590 coniuges
1875 1509 2069 1576 fiunt
2099 1527 2249 1575 una
2279 1527 2454 1575 caro
2485 1506 2538 1575 ².

422 1612 494 1697 ’ξ
540 1614 608 1681 2.
659 1616 1049 1683 Celebrato
1096 1615 1594 1697 matrImonio,
1639 1617 1703 1682 si
1741 1617 2091 1701 coniuges
2140 1616 2362 1683 simul
2402 1615 3016 1698 cohabitaverint,
3060 1634 3263 1700 prae·

281 1723 602 1790 sumitur
635 1724 1198 1804 consummatio,
1234 1723 1464 1791 donec
1499 1725 1958 1791 contrarium
1998 1725 2374 1809 probetur.
2557 1810 2569 1822 ο

460 1828 494 1911 ξ
539 1830 607 1897 3.
658 1831 1218 1899 Matrimonium
1262 1831 1462 1899 inter
1516 1849 1664 1900 non
1708 1831 2127 1916 baptizatos
2172 1831 2415 1900 valide
2468 1830 2944 1914 celebratum,
2990 1830 3272 1898 dicitur

282 1934 690 2019 legitimum
729 1938 783 2006 ³.

460 2043 494 2126 ξ
540 2046 608 2110 4.
659 2044 1218 2112 Matrimonium
1258 2045 1667 2112 invalidum
1706 2046 1987 2114 dicitur
2024 2044 2476 2131 putativum,
2498 2052 2501 2055 “
2525 2046 2590 2113 si
2632 2046 2712 2113 in
2751 2047 2942 2114 bona
2992 2046 3135 2115 fide
3171 2049 3266 2115 ab

287 2169 431 2219 una
463 2152 725 2219 saltem
758 2156 973 2235 parte
1003 2153 1453 2221 celebratum
1487 2154 1744 2234 fuerit,
1787 2153 2020 2221 donec
2055 2157 2369 2239 utraque
2410 2172 2586 2238 pars
2616 2155 2708 2223 de
2739 2154 3063 2223 eiusdem
3105 2156 3262 2222 nul·

281 2257 496 2327 litate
529 2263 738 2326 certa
774 2259 1043 2327 evadat
1068 2259 1120 2326 ⁴.

1554 2367 1730 2434 CAN.
1789 2367 1985 2435 1016.

456 2489 1018 2573 Baptizatorum
1046 2489 1597 2557 matrimonium
1628 2490 1914 2575 regitur
1945 2492 2107 2559 iure
2134 2510 2278 2558 non
2309 2492 2544 2560 solum
2571 2492 2847 2576 divino,
2886 2493 3010 2560 sed
3041 2494 3266 2561 etiam

278 2598 660 2678 canonico,
698 2598 903 2665 salva
937 2597 1424 2681 competentia
1463 2597 1708 2665 civilis
1745 2599 2141 2684 potestatis
2182 2600 2382 2667 circa
2418 2618 2612 2668 mere
2655 2587 2910 2668 civiles
2944 2601 3268 2670 eiusdem

280 2702 736 2772 matrimonii
776 2704 1082 2773 effectus
1107 2705 1159 2771 ⁵.

284 2980 340 3018 a.
374 2967 522 3027 1341,
556 2978 716 3027 prop.
758 2968 874 3028 102,
908 2968 1312 3028 Armenorum,
1346 2967 1564 3030 damn.;
1594 2967 1896 3029 Eugenlus
1927 2968 2009 3019 1V
2049 2967 2137 3027 (ln
2175 2967 2349 3020 Oonc.
2389 2968 2761 3029 Florentino,
2805 2970 2989 3020 const.
3026 2982 3057 3017 ι
3091 2966 3268 3018 Ema-

289 3058 413 3108 tate
449 3056 572 3106 Deo
607 3071 656 3117 ι,
696 3057 762 3107 22
793 3069 925 3108 nov.
962 3057 1111 3117 1439,
1151 3057 1178 3118 1
1221 3057 1304 3118 16;
1340 3056 1610 3108 Clemens
1653 3056 1823 3117 VIII,
1861 3057 2032 3109 instr.
2073 3071 2105 3107 ι
2139 3054 2562 3108 Sancummus
2601 3071 2651 3117 ι,
2689 3057 2754 3109 31
2799 3069 2934 3118 aug.
2972 3057 3120 3116 1595,
3159 3057 3186 3118 1
3219 3057 3271 3117 53

294 3146 568 3197 Urbanus
600 3145 770 3206 VIII,
804 3148 991 3197 const.
1040 3160 1071 3195 ι
1103 3144 1384 3205 Mannum
1420 3147 1482 3194 in
1518 3145 1755 3197 christo
1788 3160 1837 3206 ι,
1873 3146 1940 3198 20
1983 3148 2106 3198 lun.
2147 3146 2295 3208 1637;
2339 3146 2695 3197 Benedictus
2729 3146 2878 3205 XIV,
2915 3157 3006 3206 ep.
3043 3147 3263 3207 encycl.

285 3250 317 3286 ι
339 3234 780 3297 Matrimonii»,
806 3237 869 3286 11
892 3247 1021 3296 apr.
1047 3236 1193 3296 1741:
1213 3238 1398 3287 const.
1432 3250 1464 3286 ι
1491 3235 1603 3286 Dei
1633 3235 2011 3286 miseratione
2034 3249 2084 3294 a,
2108 3235 2142 3288 3
2164 3247 2297 3287 nov.
2325 3235 2472 3295 1741,
2504 3236 2531 3297 1
2563 3237 2612 3297 1;
2633 3238 2818 3286 const.
2847 3250 2877 3284 α
2908 3234 3042 3284 Etsi
3074 3237 3267 3294 pasto·

284 3323 434 3374 ralia
469 3338 518 3384 ι,
552 3323 619 3375 26
659 3324 802 3375 mall
838 3324 986 3383 1742,
1025 3324 1051 3384 2
1092 3324 1258 3385 VIII,
1293 3337 1351 3375 n.
1389 3325 1470 3386 113
1511 3336 1601 3384 ep.
1643 3339 1675 3375 ι
1716 3323 1919 3385 Nuper
1950 3326 2027 3375 aa
2063 3323 2183 3376 Noe
2219 3338 2268 3383 ι,
2306 3324 2372 3375 16
2404 3327 2579 3376 mart.
2612 3324 2759 3383 1743,
2798 3323 3097 3374 Protesslo
3130 3323 3267 3375 fidel

286 3413 603 3464 Maronitis
636 3424 912 3475 praescr.;
938 3424 1027 3473 ep.
1061 3414 1279 3474 encycl.
1313 3428 1344 3463 ι
1372 3411 1541 3464 Inter
1567 3413 1907 3474 omnivenas
1945 3428 1994 3474 ι,
2030 3414 2062 3464 2
2099 3414 2248 3466 tebr.
2280 3413 2426 3473 1744,
2461 3413 2487 3473 s
2519 3413 2602 3474 123
2634 3413 2952 3474 Gregorius
2983 3412 3133 3471 XVI,
3173 3423 3264 3473 ep.

282 3502 500 3563 encycl.
540 3517 571 3551 α
603 3500 817 3550 Mirari
860 3514 964 3553 vos
1000 3516 1049 3563 r,
1089 3503 1154 3554 15
1186 3513 1321 3564 aug.
1358 3502 1504 3564 18323
1538 3502 1682 3554 Plus
1727 3503 1825 3562 IX,
1868 3503 1984 3555 lltt.
2034 3513 2129 3562 ap.
2170 3517 2201 3552 ι
2236 3501 2326 3552 Aa
2365 3501 2733 3561 apostolicae
2770 3515 2820 3561 ι,
2859 3501 2925 3551 22
2955 3513 3088 3563 aug.
3121 3501 3269 3562 18513

285 3591 529 3643 allocut.
568 3605 606 3646 ι
630 3590 1086 3642 Acerbuaimam
1118 3606 1168 3652 ι,
1200 3592 1266 3643 27
1297 3595 1443 3653 sept.
1481 3591 1625 3653 1852:
1662 3603 1752 3652 ep.
1791 3606 1823 3642 ι
1867 3590 2072 3641 Verbis
2103 3590 2430 3650 eom-tmere
2462 3605 2511 3649 ιο,
2545 3591 2611 3642 15
2643 3603 2777 3651 aug.
2811 3589 2957 3650 1859:
2992 3589 3269 3651 syllabus

281 3692 569 3741 errorum,
598 3692 761 3742 prop.
788 3681 870 3743 67;
894 3681 1011 3732 Leo
1035 3682 1200 3742 XIII,
1225 3693 1317 3742 ep.
1343 3682 1563 3742 encycl.
1598 3696 1628 3731 α
1658 3681 1954 3731 Arcanum
1987 3695 2036 3740 n,
2062 3680 2129 3732 10
2152 3681 2301 3733 tebr.
2329 3679 2476 3740 1880;
2500 3691 2591 3740 ep.
2620 3680 2839 3740 encycl.
2871 3694 2900 3728 ι
2929 3677 3268 3727 Humanum

279 3780 462 3827 oenus
486 3785 537 3829 ι,
563 3770 629 3821 20
652 3781 778 3830 apr.
812 3769 959 3831 18843
989 3781 1079 3830 ep.
1111 3771 1330 3831 encycl.
1359 3786 1389 3820 α
1416 3770 1581 3831 Quod
1607 3770 1856 3821 multum
1885 3784 1934 3831 ι,
1962 3769 2028 3820 22
2050 3782 2184 3830 aug.
2217 3768 2364 3830 1886;
2391 3780 2481 3829 ep.
2512 3769 2732 3829 encycl.
2762 3783 2793 3817 α
2824 3766 3111 3819 car-itane
3142 3779 3268 3826 pro·

280 3856 693 3917 «uacuumque
724 3873 774 3917 ι,
810 3860 876 3911 19
908 3862 1082 3910 mart.
1118 3859 1265 3919 1894:
1293 3871 1384 3919 ep.
1423 3874 1454 3908 α
1486 3858 1827 3919 Lonoinqua
1859 3860 2064 3909 occani
2097 3873 2147 3919 ι,
2180 3859 2213 3911 6
2244 3859 2362 3909 lan.
2408 3858 2554 3917 1895:
2593 3859 2832 3910 allocut.
2880 3872 2909 3906 ι
2942 3854 3016 3906 In
3050 3854 3271 3906 utteris

284 3946 519 3997 Nostris
558 3962 607 4006 n,
639 3947 706 3998 18
731 3951 907 4000 mart.
941 3947 1087 4009 1895:
1118 3949 1357 4000 allocut.
1392 3963 1423 3998 ι
1451 3947 1681 4008 Afferre
1710 3947 2060 3998 iucundiora
2100 3962 2150 4008 ι,
2185 3948 2252 3999 16
2288 3947 2410 3999 dec.
2443 3948 2591 4007 1901;
2619 3959 2708 4007 ep.
2746 3961 2775 3995 ι
2808 3945 2960 3995 Dum
2994 3946 3183 3996 multa
3216 3960 3265 4004 »,

284 4036 350 4086 24
377 4036 499 4087 dec.
528 4036 674 4097 1902
702 4036 760 4088 S.
797 4037 863 4088 C.
903 4035 960 4088 S.
999 4036 1137 4098 off..
1166 4037 1231 4089 20
1255 4040 1431 4090 mart.
1459 4037 1607 4097 1675,
1643 4037 1722 4088 ad
1749 4038 1800 4098 2;
1835 4038 2006 4088 lnstr.
2045 4036 2147 4095 (ad
2175 4037 2279 4096 Ep.
2311 4035 2648 4095 Geneven.),
2679 4036 2711 4086 3
2740 4038 2887 4094 sept.
2917 4034 3064 4095 1772;
3093 4034 3264 4084 lustr.

294 4124 396 4181 (ad
447 4125 644 4176 Praer.
688 4127 796 4186 Ap.
840 4125 1217 4187 Moldavlne),
1259 4125 1324 4177 m
1364 4130 1539 4178 mart.
1581 4126 1729 4187 1817;
1769 4127 1940 4178 lustr.
1992 4125 2094 4184 (ad
2146 4125 2343 4176 Praei.
2392 4125 2656 4176 Misslon.
2715 4123 3067 4174 Martinlcae
3106 4123 3266 4183 etc.),

281 4215 317 4264 6
345 4215 448 4264 lul.
485 4213 632 4275 1817;
666 4215 986 4273 (Promont.
1023 4215 1222 4266 Bonae
1252 4213 1433 4276 Spei),
1463 4215 1530 4266 22
1566 4216 1669 4266 lul.
1700 4215 1849 4276 1840,
1882 4213 1960 4266 ad
1989 4216 2040 4275 1;
2068 4214 2239 4265 instr.
2280 4212 2381 4273 (ad
2413 4213 2537 4264 Vlc.
2569 4214 2677 4272 Ap.
2713 4212 2964 4271 Gallus),
2997 4211 3061 4262 28
3089 4213 3264 4262 mart.

284 4303 432 4364 1860,
456 4317 514 4356 n.
542 4306 591 4366 1;
629 4305 879 4366 (Natal),
906 4308 969 4357 11
995 4306 1098 4356 lul.
1131 4306 1279 4366 1866,
1308 4305 1384 4357 ad
1407 4305 1456 4367 6;
1483 4306 1651 4357 lnstr.
1679 4319 1734 4356 a.
1763 4305 1910 4366 186&
1938 4305 2109 4357 instr.
2147 4303 2248 4362 (ad
2275 4304 2381 4364 Ep.
2417 4303 2864 4363 Nesquallien.),
2897 4302 2961 4352 24
2979 4301 3099 4352 lan.
3122 4300 3270 4361 1877;

285 4396 458 4447 instr.
495 4395 597 4454 (ad
627 4397 732 4455 Ep.
767 4396 1012 4448 Rituum
1038 4396 1311 4457 Orlent.),
1336 4408 1392 4447 a.
1422 4395 1569 4456 188&
1596 4397 1653 4448 S.
1681 4396 1747 4448 0.
1776 4395 1849 4447 de
1873 4396 2045 4456 Prop.
2076 4394 2222 4446 Fide
2262 4394 2350 4453 (C.
2381 4395 2448 4446 G.
2468 4391 2878 4454 —Iaponlae),
2908 4392 2940 4443 7
2972 4392 3096 4443 dec.
3126 4391 3272 4453 1626;

293 4486 382 4546 (G.
415 4485 531 4546 G.),
563 4485 629 4538 21
663 4498 794 4536 nov.
827 4486 974 4549 16343
1002 4487 1119 4539 lltt.
1168 4486 1270 4547 (ad
1300 4486 1572 4539 Coadlut.
1606 4486 1904 4547 Superior.
1939 4486 2202 4538 Misslon.
2240 4486 2301 4536 ln
2332 4497 2435 4536 ora
2470 4484 2901 4543 Coromandel)‚
2933 4483 2966 4534 5
2998 4483 3082 4533 lul
3123 4481 3271 4543 1788:

286 4579 456 4629 lustr.
501 4577 603 4637 (ad
634 4578 738 4637 Ep.
779 4576 1319 4639 Graeco-Bumen.),
1349 4589 1405 4628 a.
1436 4577 1582 4638 1858ς
1612 4577 1783 4629 lustr.
1815 4578 1880 4628 31
1912 4577 2015 4627 lul.
2048 4576 2195 4636 1902,
2225 4589 2283 4626 n.
2317 4577 2368 4635 1,
2408 4576 2454 4627 t.
2473 4574 2705 4627 —Vlde
2733 4575 2916 4626 etlam
2947 4586 3077 4625 can.
3118 4574 3266 4625 1110.

467 4669 482 4702 ¹
527 4667 585 4719 S.
615 4667 680 4720 C.
713 4667 772 4720 S.
804 4668 942 4728 011..
974 4667 1040 4720 18
1066 4669 1242 4719 mart.
1279 4668 1427 4728 1903,
1459 4667 1538 4718 ad
1571 4668 1621 4718 2.
1650 4695 1718 4704 -
1743 4668 1892 4720 Vide
1918 4669 2102 4719 etiam
2130 4679 2260 4718 can.
2292 4667 2442 4726 1070,
2483 4666 2510 4726 ὅ
2541 4666 2590 4716 2.

466 4761 490 4795 2
518 4757 583 4809 0.
611 4757 695 4816 36,
723 4758 788 4809 0.
818 4758 1050 4816 XXVII,
1085 4770 1138 4818 q.
1169 4757 1218 4818 2;
1243 4769 1293 4807 c.
1322 4757 1373 4817 7,
1399 4757 1465 4817 Χ,
1495 4759 1566 4807 ae
1600 4755 1895 4814 divortiis,
1927 4756 2027 4815 IV.
2064 4757 2147 4808 19.

469 4851 493 4885 ³
523 4846 588 4897 Ο.
620 4846 671 4906 8,
704 4847 768 4898 C.
804 4847 998 4906 XXIX,
1035 4859 1088 4908 q.
1123 4847 1171 4907 23
1208 4857 1258 4898 c.
1291 4846 1341 4906 7,
1374 4847 1439 4907 X,
1478 4847 1549 4895 de
1590 4845 1883 4903 divor-me,
1918 4845 2018 4907 IV,
2051 4847 2133 4907 19;
2165 4845 2224 4897 S.
2260 4845 2326 4896 O.
2365 4844 2423 4897 S.
2468 4842 2605 4902 Off..
2643 4844 2814 4895 lustr.
2859 4842 2961 4901 (ad
2994 4841 3264 4901 Arcblep.

281 4937 654 4997 Quebecen.),
681 4935 748 4987 16
772 4938 919 4995 sept.
949 4935 1096 4994 1824,
1130 4934 1209 4987 ad
1233 4935 1285 4995 3,
1321 4935 1369 4997 6;
1396 4935 1461 4987 18
1487 4935 1607 4986 lun.
1635 4935 1781 4995 1856:
1806 4935 1978 4986 instr.
2025 4934 2154 4994 (pro
2183 4933 2307 4984 Vlc.
2345 4934 2450 4993 Ap.
2481 4932 2558 4984 ad
2592 4931 2841 4992 Gallas),
2872 4931 2938 4982 20
2965 4932 3085 4982 lun.
3117 4930 3265 4990 1866,

282 5027 362 5078 ad
390 5026 471 5087 ὣς
506 5025 756 5085 (Natal),
788 5026 851 5074 11
887 5025 990 5076 lul.
1021 5024 1169 5084 1866,
1207 5024 1285 5075 ad
1316 5024 1367 5083 7,
1398 5024 1449 5086 8;
1493 5024 1728 5085 (Slam),
1759 5024 1825 5074 22
1851 5036 1981 5075 nov.
2015 5022 2164 5083 1871,
2196 5022 2273 5074 ad
2305 5025 2580 5083 postrem.
2614 5020 2771 5082 dub.;
2811 5022 2980 5073 instr.
3025 5019 3126 5078 (ad
3158 5020 3263 5080 Ep.

283 5117 344 5166 S.
377 5114 649 5174 Albertl),
677 5116 710 5167 9
734 5114 856 5165 dec.
884 5113 1033 5172 1874,
1066 5126 1124 5164 n.
1153 5114 1235 5175 103
1260 5114 1325 5164 10
1347 5113 1471 5165 dec.
1499 5113 1646 5172 1885.
1673 5113 1750 5164 ad
1783 5115 1832 5175 1;
1869 5112 1971 5172 (ad
2003 5113 2128 5165 Vlc.
2156 5114 2264 5172 Ap.
2301 5111 2582 5172 Iaponlae
2610 5110 2865 5170 Medd),
2893 5111 2925 5159 4
2952 5109 3100 5161 febr.
3123 5109 3270 5169 1891ς

282 5204 349 5254 18
374 5202 518 5254 mall
543 5202 691 5262 1892,
720 5202 797 5256 ad
826 5202 876 5264 32
903 5201 961 5253 S.
998 5202 1063 5254 C.
1099 5201 1174 5254 de
1204 5203 1373 5263 Prop.
1414 5201 1559 5253 Flde
1591 5202 1682 5261 (C.
1721 5202 1784 5252 P.
1815 5213 1921 5261 pro
1950 5201 2074 5253 Sin.
2103 5227 2172 5238 —
2196 5201 2452 5251 Tunkln.
2491 5199 2839 5259 occident),
2870 5198 2936 5250 26
2964 5200 3085 5249 lun.
3117 5197 3265 5250 1820.

461 5295 489 5331 ⁴
525 5291 583 5343 S.
613 5293 677 5344 C.
712 5292 769 5345 S.
800 5293 916 5344 ΟΠ.
962 5291 1064 5351 (ad
1093 5291 1215 5343 Vlc.
1247 5293 1355 5352 Ap.
1387 5291 1669 5352 Iaponlae
1696 5290 1954 5351 Merum,
1981 5291 2015 5341 4
2050 5291 2199 5342 febr.
2234 5289 2382 5342 1891.

457 5385 484 5419 ⁵
523 5383 665 5434 Pius
692 5383 793 5441 VI.
821 5384 1006 5434 const.
1037 5397 1068 5431 α
1102 5384 1413 5431 Auctorem
1438 5381 1576 5440 fidei
1605 5396 1654 5441 ιο,
1682 5380 1748 5433 28
1771 5392 1906 5442 aug.
1936 5379 2083 5438 1794.
2121 5390 2283 5440 prop.
2315 5378 2399 5439 58,
2438 5377 2658 5440 synodi
2687 5376 3020 5436 pistorien..
3050 5375 3268 5436 damn.;

284 5472 430 5523 Pius
457 5472 556 5532 IX,
588 5472 826 5524 allocut.
863 5487 894 5522 ι
923 5470 1380 5523 Acerbloaimum
1408 5485 1458 5532 ι,
1497 5470 1562 5522 21
1593 5473 1740 5530 sept.
1781 5469 1929 5530 1852ς
1956 5470 2198 5521 allocut.
2232 5482 2264 5518 ι
2292 5465 2502 5519 Multis
2534 5466 2924 5527 mvibuaque
2956 5479 3006 5525 ι,
3047 5464 3112 5515 17
3141 5464 3265 5516 dec.

284 5560 434 5620 18⁰⁰:
457 5560 696 5612 allocut.
728 5575 760 5611 ι
788 5560 1103 5620 Nunquam
1129 5564 1286 5612 certe
1312 5574 1363 5621 r,
1398 5559 1464 5610 22
1495 5561 1615 5612 lun.
1653 5554 1800 5621 1863ς
1827 5559 1944 5611 Leo
1969 5558 2136 5618 XIII,
2167 5557 2284 5608 lltt.
2319 5572 2350 5607 ι
2380 5556 2450 5607 Gi
2483 5555 2670 5606 clamo
2700 5570 2749 5615 n,
2780 5556 2811 5605 1
2843 5555 2964 5606 lun.
2997 5553 3143 5614 1879:
3173 5564 3254 5613 ep
