3753 5871
498 392 575 452 5}
1638 394 1834 447 0060ae
1872 394 2034 448 lum
2083 394 2364 447 oamtoi

502 578 858 648 ricalibus
889 598 969 649 se
997 580 1382 661 subiicere,
1418 581 1515 649 ad
1557 584 1837 649 statum
1880 581 2242 665 laicalem,
2288 581 2615 667 legitime
2647 583 2962 667 probata
2994 584 3373 652 coactione
3414 591 3495 653 et

504 687 1059 757 ratihabitionis
1098 688 1419 772 defectu,
1468 689 1839 757 sententia
1881 690 2152 758 iudicis
2177 690 2602 783 redigatur,
2647 691 2808 759 sine
2854 691 3031 759 ullis
3082 692 3492 760 coelibatus

501 811 589 861 ac
621 795 970 862 horarum
1002 796 1527 864 canonicarum
1569 796 2153 882 obligationibus
2188 797 2237 865 ¹.

613 965 616 966 γ
683 903 719 984 5
765 902 831 968 2.
880 903 1187 972 coactio
1224 908 1474 973 autem
1508 909 1584 974 et
1611 903 1946 973 defectus
1977 905 2533 974 ratihabitionis
2565 905 2864 990 probari
2897 905 3169 996 debent
3198 905 3294 973 ad
3329 923 3493 973 nor·

499 1025 695 1076 mam
727 1027 892 1078 can.
930 1010 1329 1079 19934998.

1753 1291 2096 1364 SECTIO
2146 1291 2239 1364 ΙΙ.

1469 1439 1598 1523 Dc
1651 1438 2010 1523 clericis
2062 1440 2163 1523 in
2216 1438 2530 1544 specie.

1811 1669 1990 1738 CAN.
2029 1669 2184 1737 215.

680 1793 716 1876 5
762 1795 829 1860 1.
879 1794 1122 1863 Unius
1155 1811 1542 1878 supremae
1568 1793 2109 1861 ecclesiasticae
2136 1792 2533 1878 potestatis
2566 1796 2682 1861 est
2710 1792 3132 1877 provincias
3160 1792 3498 1860 ecclesia·

503 1901 757 1987 sticas,
790 1901 1181 1984 dioeceses,
1214 1901 1554 1969 abbatias
1582 1902 1700 1970 vel
1734 1901 2207 1986 praelaturas
2241 1901 2555 1986 nullius,
2583 1900 2991 1969 vicariatus
3021 1900 3499 1985 apostolicos,

500 2008 1012 2092 praefecturas
1053 2008 1504 2094 apostolicas
1544 2009 1850 2094 erigere,
1905 2009 2129 2078 aliter
2168 2008 2793 2091 circumscribere,
2838 2008 3193 2091 dividere,
3250 2008 3495 2091 unire,

1006 2115 1034 2153 8

501 2116 1059 2305 suppgigleffi
1014 2224 1178 2294 iure
1222 2224 1516 2292 nomine
1556 2223 1912 2292 dioecesis
1964 2222 2170 2291 venit
2225 2240 2510 2308 quoque
2554 2222 2858 2291 abbatia
2898 2223 3015 2289 vel
3061 2222 3500 2306 praelatura

504 2328 810 2410 nulliua·
848 2335 926 2400 et
958 2331 1252 2399 nomine
1282 2331 1661 2416 Episcopi,
1695 2331 1948 2400 Abbas
1979 2331 2095 2400 vel
2133 2330 2528 2399 Praelatus
2567 2328 2881 2414 nullius,
2915 2329 3063 2397 nisi
3094 2348 3185 2397 ex
3220 2333 3503 2397 natura

507 2439 616 2504 rei
645 2439 762 2505 vel
794 2439 1153 2506 sermonis
1186 2442 1539 2507 contextu
1573 2435 1782 2506 aliud
1815 2443 2130 2507 constet.

1805 2612 1983 2681 CAN·
2030 2611 2184 2679 216.

682 2740 718 2823 5
765 2742 831 2806 1.
881 2736 1370 2808 'territorium
1419 2736 1817 2807 cuiuslibet
1864 2736 2221 2805 dioecesis
2260 2737 2642 2805 dividatur
2682 2737 2763 2804 in
2802 2734 3201 2806 distinctas
3244 2740 3507 2821 partes

506 2848 1020 2932 territoriales3
1061 2847 1458 2932 unicuique
1495 2850 1744 2915 autem
1794 2845 1999 2930 parti
2042 2862 2179 2912 sua
2228 2844 2626 2929 peculiaris
2668 2844 2978 2912 ecclesia
3014 2862 3182 2912 cum
3224 2845 3507 2929 populo

504 2957 998 3026 determinato
1030 2960 1145 3024 est
1169 2954 1644 3038 assignanda.
1677 2973 2000 3039 suusque
2033 2954 2433 3039 peculiaris
2463 2959 2729 3036 rector,
2757 2958 3113 3038 tanquam
3150 2953 3506 3038 proprius

504 3065 829 3134 eiusdem
867 3069 1148 3150 pastor,
1188 3075 1302 3132 est
1335 3061 1872 3147 praeficiendus
1907 3081 2045 3146 pro
2080 3061 2493 3129 necessaria
2528 3061 2945 3128 anima-rum
2988 3077 3173 3127 cura
3214 3056 3269 3127 ⁸.

684 3171 718 3255 ξ
764 3171 831 3238 2.
883 3170 1063 3239 Pari
1102 3172 1318 3239 modo
1356 3170 1764 3239 vicariatus
1794 3170 2249 3254 apostolicus
2282 3173 2358 3238 et
2391 3168 2863 3256 praefectura
2895 3167 3331 3254 apostolica,
3371 3167 3505 3235 ubi

502 3280 878 3348 commode
910 3279 1073 3347 fleri
1106 3278 1365 3364 possit,
1410 3277 1847 3345 dividantur
1884 3276 1937 3345 ⁴.

686 3387 720 3471 ξ
765 3387 833 3455 3.
885 3385 1151 3456 Partes
1187 3387 1544 3455 dioecesis
1579 3386 1672 3454 de
1714 3385 1982 3471 quibus
2019 3385 2097 3451 in
2152 3383 2186 3467 ξ
2237 3386 2305 3466 1,
2350 3387 2528 3452 sunt
2565 3382 2971 3468 paroeciae,
3008 3386 3262 3468 partes
3303 3381 3500 3449 vica-

507 3496 748 3566 riatus
780 3496 1174 3580 apostolici
1202 3514 1296 3562 ac
1330 3494 1841 3580 praefecturae
1884 3493 2360 3578 apostolicae,
2402 3493 2467 3559 si
2512 3491 2910 3577 peculiaris
2947 3494 3192 3559 rector
3224 3489 3505 3559 eisdem

503 3602 739 3671 fuerit
762 3603 1213 3686 assignatus,
1249 3603 1727 3688 appellantur
1761 3602 2389 3688 quasi-paroeciae
2418 3600 2472 3668 ⁸.

681 3709 715 3793 ξ
761 3711 829 3776 4.
879 3710 1047 3777 Non
1077 3714 1393 3795 possunt
1421 3711 1580 3779 sine
1613 3710 1918 3795 speciali
1948 3711 2358 3794 apostolico
2388 3708 2683 3776 indulto
2719 3706 3079 3775 constitui
3115 3701 3510 3790 paroeciae

506 3836 643 3902 pro
682 3817 1117 3887 diversitate
1151 3818 1509 3886 sermonis
1544 3836 1671 3887 seu
1710 3818 2039 3886 nationis
2072 3817 2399 3885 fidelium
2442 3816 2522 3883 in
2565 3816 2817 3884 eadem
2850 3813 3158 3883 civitate
3191 3812 3311 3881 vel
3353 3815 3506 3880 ter·

671 4045 697 4082 ²
733 4044 1089 4097 Benedictus
1121 4044 1273 4105 ΧΠ,
1302 4045 1473 4097 instr.
1504 4059 1534 4095 α
1562 4044 1650 4095 Eo
1684 4043 1954 4103 quamvis
1984 4046 2241 4103 tempore
2267 4056 2318 4104 s,
2346 4043 2379 4093 4
2407 4042 2552 4094 maii
2580 4041 2729 4104 1745,
2763 4042 2792 4104 5
2828 4041 2910 4104 21:
2941 4040 2999 4095 S.
3030 4040 3097 4094 Ο.
3128 4040 3216 4101 Ο..
3257 4041 3504 4100 Yam„

505 4134 539 4183 2
562 4135 626 4186 et
657 4133 725 4186 16
751 4133 874 4186 dec.
906 4134 1054 4196 1⁸:193
1082 4133 1394 4192 Part-vien„
1430 4133 1497 4185 25
1526 4134 1670 4194 ian„
1701 4132 1768 4184 12
1799 4133 1903 4185 iul.
1933 4131 2081 4184 1721.

669 4225 697 4262 ²
736 4224 800 4276 O.
832 4226 885 4284 1,
916 4225 988 4275 D.
1021 4223 1120 4285 01;
1143 4235 1194 4275 c.
1226 4223 1310 4284 48,
1342 4224 1425 4283 49,
1457 4222 1522 4275 Ο.
1555 4223 1707 4283 XVI,
1743 4235 1799 4285 q.
1832 4224 1882 4284 15
1905 4234 1956 4274 c.
1987 4225 2039 4282 1.
2071 4223 2138 4284 X,
2176 4225 2248 4274 dc
2278 4210 2667 4273 translatione
2696 4219 2973 4282 episcopt,
3005 4220 3056 4281 1,
3086 4220 3137 4282 7;
3161 4231 3211 4272 c.
3244 4221 3296 4281 4,
3325 4220 3396 4281 Χ,
3428 4220 3511 4271 do

508 4313 695 4371 officio
735 4312 936 4374 leuati,
987 4313 1038 4375 Ι,
1068 4313 1152 4375 ³⁰3
1187 4323 1238 4364 c.
1270 4313 1321 4372 8.
1353 4313 1419 4373 Χ,
1461 4314 1533 4363 ae
1580 4313 1917 4368 excessibus
1955 4311 2355 4372 praelatorum
2395 4316 2453 4363 et
2496 4312 2885 4371 subditorum,
2925 4312 2997 4371 V,
3026 4310 3110 4372 313
3146 4321 3197 4361 c.
3248 4309 3300 4370 5.
3329 4309 3384 4371 6,
3426 4310 3510 4360 aa

506 4401 855 4461 praebendis
901 4404 959 4451 et
1003 4401 1414 4462 (uenientibus,
1453 4401 1568 4462 111,
1610 4401 1661 4463 2,
1701 4402 1766 4453 in
1803 4402 2124 4464 Extravag.
2174 4412 2340 4464 com.;
2378 4398 2734 4453 Benedictus
2770 4401 2922 4462 XIV,
2963 4402 3149 4452 const.
3193 4415 3223 4451 α
3253 4399 3507 4458 Aposto-

507 4491 657 4541 uoae
687 4490 995 4543 sor-vuum
1034 4505 1083 4552 ι,
1116 4493 1182 4543 14
1211 4493 1386 4543 mart.
1418 4489 1566 4552 1743,
1610 4491 1639 4553 5
1671 4492 1721 4551 2,
1753 4491 1802 4553 6;
1834 4493 2104 4545 Olemens
2135 4492 2301 4552 xln.
2335 4503 2425 4552 ep.
2461 4505 2492 4542 ι
2522 4490 2741 4541 mmm
2782 4503 2924 4541 sane
2956 4504 3006 4551 ι,
3041 4492 3108 4541 14
3140 4491 3316 4541 mart.
3349 4488 3511 4551 170ος

504 4590 594 4641 ep.
625 4593 656 4630 ι
688 4579 1098 4640 conflantibus
1127 4580 1309 4632 Nobis
1344 4595 1394 4642 ι,
1426 4578 1491 4633 26
1517 4585 1692 4634 mart.
1725 4582 1872 4641 1760,
1905 4582 1934 4644 5
1970 4581 2019 4643 2;
2047 4583 2189 4634 Pius
2218 4581 2316 4642 lx,
2349 4582 2588 4633 allocut.
2622 4596 2654 4631 α
2681 4579 3139 4631 Αοενὺίεείηιιιηι
3168 4592 3219 4638 ι,
3251 4578 3315 4629 m
3344 4582 3503 4638 sept.

504 4669 651 4731 1852;
680 4669 797 4721 Leo
826 4669 992 4731 ΧῙΙΙ,
1033 4673 1218 4723 const.
1261 4686 1293 4721 α
1323 4669 1617 4723 Romanos
1648 4669 1963 4732 Pontifices
1994 4685 2044 4732 ι,
2078 4671 2113 4723 8
2142 4672 2287 4722 maii
2316 4670 2464 4733 1881;
2504 4670 2648 4722 Pius
2677 4671 2744 4731 Χ,
2779 4672 2965 4722 const.
3005 4683 3036 4720 ι
3065 4666 3337 4727 sapienti
3367 4677 3507 4716 con-

505 4757 641 4807 silio
671 4773 720 4818 ιι,
764 4758 829 4809 29
859 4754 1007 4820 sept.
1047 4760 1195 4820 1908,
1235 4760 1261 4821 5
1301 4760 1350 4820 Ι,
1384 4772 1442 4810 n.
1475 4759 1550 4813 2⁰.
1596 4760 1645 4822 2;
1678 4760 1836 4813 Ordo
1870 4760 2198 4813 servandus
2232 4761 2295 4811 in
2333 4760 2389 4814 S.
2429 4760 3014 4823 congregationibus,
3050 4758 3507 4820 Tribunalibus,

507 4838 724 4899 Officiis
762 4848 1062 4908 Romanae
1101 4849 1336 4910 Curiae,
1380 4850 1446 4903 29
1486 4852 1634 4911 sept.
1687 4851 1834 4911 1908,
1880 4852 2028 4902 Pars
2070 4851 2153 4912 11,
2199 4851 2453 4903 Normae
2494 4851 2840 4912 peculiares,
2884 4861 3013 4910 cap.
3066 4848 3203 4909 VII,
3249 4850 3368 4900 art.
3416 4849 3513 4910 ΙΙ,

503 4946 561 4984 n.
598 4929 675 4996 6⁰,
711 4936 819 4987 10⁰.

665 5027 690 5063 ³
734 5025 906 5077 conc.
939 5027 1227 5089 Trident„
1260 5040 1402 5080 sess.
1436 5028 1588 5089 xlv,
1631 5031 1702 5080 de
1740 5030 1875 5089 res„
1907 5040 1959 5081 c.
1991 5031 2040 5092 93
2071 5041 2215 5081 sess.
2247 5029 2447 5090 XXIV,
2484 5032 2555 5081 de
2589 5028 2722 5089 ret„
2754 5040 2802 5079 c.
2835 5028 2918 5089 133
2958 5026 3316 5079 Benedictus
3345 5026 3515 5091 XIV,

401 5102 408 5109 ’
505 5117 690 5166 const.
741 5130 773 5165 α
801 5115 893 5164 Λα
927 5117 1247 5168 militantis
1276 5131 1326 5179 ι,
1368 5117 1436 5171 30
1471 5122 1646 5171 mart.
1678 5119 1827 5181 1742,
1871 5119 1898 5180 5
1937 5120 2017 5179 16:
2066 5118 2125 5171 S.
2157 5119 2222 5171 O.
2262 5119 2337 5171 de
2375 5120 2530 5181 Prop
2589 5118 2753 5181 Fide,
2796 5120 2914 5171 litt.
2955 5116 3175 5178 encycl.
3234 5116 3339 5175 (ad
3388 5118 3509 5180 Ep.

505 5203 776 5264 Indiam,
814 5203 881 5257 28
913 5217 1048 5267 aug.
1087 5206 1234 5259 1893.

663 5296 694 5332 ⁴
732 5293 907 5346 Oonc.
937 5294 1242 5357 Trident.,'
1262 5309 1404 5350 sess.
1434 5296 1634 5359 XXIV,
1672 5300 1743 5350 dc
1772 5299 1908 5358 res„
1936 5310 1987 5350 c.
2018 5300 2100 5361 1&
2128 5299 2484 5351 Benedictus
2512 5299 2663 5359 XIV,
2697 5300 2883 5351 const.
2915 5312 2946 5349 ι
2973 5296 3065 5348 Λα
3099 5295 3427 5350 militantis
3455 5315 3519 5361 s,

501 5382 568 5434 60
594 5385 768 5436 mart.
799 5383 947 5446 1742,
981 5384 1010 5446 5
1047 5384 1130 5437 16.

665 5474 690 5509 ⁵
732 5473 904 5525 Cone.
944 5475 1232 5536 Trident„
1274 5488 1418 5529 sess.
1461 5477 1660 5539 xxlv,
1713 5479 1784 5528 de
1832 5478 1968 5538 res„
2009 5491 2057 5531 c.
2091 5479 2172 5542 13;
2215 5477 2273 5531 S.
2306 5477 2371 5530 C.
2414 5477 2489 5530 de
2526 5479 2695 5541 Prop.
2753 5476 2917 5537 Pide,
2960 5477 3078 5529 utt.
3122 5478 3347 5539 encycl.
3401 5478 3523 5540 (ad

503 5559 701 5623 Deleg.
739 5564 844 5622 Ap.
882 5575 988 5625 pro
1030 5564 1315 5626 Oriente),
1352 5566 1387 5618 8
1417 5579 1549 5619 nov.
1583 5567 1729 5630 188ae
1767 5569 1884 5621 litt.
1920 5570 2122 5631 encyel
2195 5567 2297 5629 (ad
2328 5568 2433 5629 Ep.
2470 5567 2742 5629 Indiar.),
2779 5567 2844 5620 28
2879 5579 3011 5628 aug.
3050 5566 3199 5620 1893.
