3753 5871
1465 211 1828 264 Documenta
3033 214 3137 274 6⁹1

331 391 462 454 Ius
487 392 748 455 iamdiu
786 393 1134 455 firmatum
1168 400 1240 457 et
1268 395 1768 473 praescriptum
1796 395 2089 474 eligendi
2127 396 2508 458 Romanum
2543 397 2944 463 Pontificem
2976 400 3135 463 Suc·

127 514 486 563 cessorem
523 500 852 563 Nostrum
888 501 980 564 ad
1019 501 1314 566 Sanctae
1349 502 1696 566 Romanae
1734 502 2083 567 Ecclesiae
2121 502 2528 568 Cardinales
2563 506 2761 570 unice
2797 512 2870 570 et
2915 508 3133 585 priva·

125 607 286 671 tive
324 607 673 686 pertinere
702 608 1131 673 declaramus
1162 616 1234 674 et
1271 609 1602 673 edicimus
1640 614 1735 689 et,
1773 616 2113 689 quatenus
2151 628 2325 690 opus
2356 613 2475 691 sit,
2511 615 2637 676 hac
2673 615 2927 677 Nostra
2963 613 3134 677 Con-

127 714 520 779 stitutione
547 717 1007 794 approbamus
1037 722 1110 780 et
1138 718 1643 795 confirmamus,
1677 716 1955 782 excluso
1988 736 2274 798 prorsus
2303 724 2510 798 atque
2543 724 2800 784 remoto
2832 721 3139 799 quolibet

122 823 533 902 cuiuspiam
582 824 873 888 alterius
917 825 1422 888 ecclesiasticae
1467 826 1857 905 dignitatis,
1917 831 2046 890 aut
2090 825 2308 890 laicae
2355 828 2725 906 potestatis
2769 829 3140 893 cuiuslibet

122 930 407 1007 gradus
435 935 510 994 et
538 931 805 995 ordinis
832 931 1251 1012 interventu,
1286 933 1526 1011 quovis
1560 934 1874 1011 quaesito
1907 934 2132 997 colore
2170 939 2298 998 aut
2330 938 2692 1014 praetextu
2725 935 2934 999 etiam
2978 954 3131 1016 sup·

127 1038 384 1115 piendi
423 1055 674 1101 munus
720 1044 792 1103 et
839 1041 1017 1102 vices
1059 1039 1559 1119 Gardinalium,
1609 1059 1774 1104 casu
1814 1058 1947 1120 quo
1996 1042 2201 1105 iidem
2243 1060 2364 1120 per
2403 1044 2631 1106 orbem
2672 1044 2966 1122 dispersi
3008 1049 3135 1107 aut

125 1146 499 1224 deportati
534 1151 661 1210 aut
693 1147 834 1209 alio
867 1147 1171 1225 quolibet
1206 1149 1561 1211 obstaculo
1597 1147 2135 1228 praepediantur
2168 1149 2449 1214 comitia
2484 1151 2732 1215 habere
2767 1169 2891 1229 pro
2934 1169 3130 1214 cauo-

125 1253 301 1316 nica
342 1253 771 1318 Successor-is
816 1255 1055 1317 Nostri
1097 1255 1447 1319 electione.
1499 1257 1718 1331 Quam
1765 1257 1839 1318 in
1881 1274 2021 1320 rem
2070 1257 2650 1321 Constitutionem
2689 1258 2741 1320 f.
2786 1276 2844 1321 r.
2887 1260 2999 1321 Pii
3041 1261 3130 1321 1x

125 1360 547 1424 Decessoris
581 1362 821 1425 Nostri
859 1379 1034 1440 quae
1068 1362 1321 1441 incipit
1361 1382 1396 1422 α
1436 1364 1607 1425 cum
1645 1362 1977 1425 Romanis
2013 1363 2464 1441 Pontificibus
2504 1386 2538 1426 »
2590 1367 2700 1429 die
2741 1382 2808 1427 1v
2858 1367 3127 1430 Decem·

123 1468 288 1530 bris
321 1482 726 1529 mcccnxrx
755 1470 990 1532 datam
1021 1470 1502 1534 confirmamus
1527 1475 1600 1534 et
1631 1488 2057 1535 renovamus.
2094 1473 2190 1535 Ut
2220 1475 2451 1536 autem
2477 1474 2700 1552 magis
2723 1474 2948 1537 adhuc
2974 1492 3129 1537 cau·

123 1579 290 1637 tum
331 1576 454 1653 sit,
494 1594 583 1640 ne
616 1576 885 1640 alienus
920 1576 1075 1655 quis
1108 1578 1426 1641 electioni
1465 1579 1774 1656 quamvis
1810 1579 2190 1643 extrinsece
2224 1584 2500 1644 tautum
2549 1598 2694 1644 sese
2731 1581 3132 1660 interponat

122 1687 203 1747 et
246 1683 661 1761 immisceat,
697 1682 1103 1746 nominatim
1147 1685 1554 1764 derogamus
1589 1684 2221 1749 constitutionibus
2267 1687 2580 1766 Gregorii
2617 1687 2670 1749 X
2712 1689 2787 1750 in
2823 1686 3135 1750 Concilio

123 1791 584 1870 Lugdunensi
622 1811 658 1852 α
702 1791 832 1854 Ubi
875 1792 1257 1869 periculum
1302 1814 1363 1871 xo,
1410 1792 1783 1857 clementis
1817 1794 1881 1856 V
1917 1794 1991 1855 in
2027 1793 2336 1858 concilio
2374 1795 2747 1859 Viennensi
2789 1816 2825 1856 α
2862 1796 2966 1858 Ne
3001 1792 3130 1857 120-

123 1898 333 1958 mam’
374 1919 408 1959 n
439 1903 513 1962 et
547 1899 658 1960 Pii
694 1899 796 1961 IV
839 1918 872 1958 α
906 1898 993 1958 In
1033 1898 1364 1976 eliyendis
1396 1921 1428 1960 »
1465 1918 1594 1979 pro
1625 1918 1707 1964 ea
1738 1904 1938 1979 parte
1969 1918 2106 1979 qua
2136 1900 2452 1964 civilibus
2484 1906 2612 1966 aut
2644 1903 2952 1982 politicis
2989 1920 3125 1966 ma·

122 2004 557 2083 gistratibus
583 2005 915 2084 civitatis,
946 2006 1019 2068 in
1048 2024 1182 2086 qua
1210 2008 1500 2070 Romani
1530 2009 1891 2072 Pontificis
1920 2010 2164 2073 electio
2194 2010 2287 2072 sit
2314 2009 2745 2088 celebranda,
2784 2010 2890 2073 vel
2919 2011 3127 2074 etiam

125 2113 512 2192 Praelatis,
556 2114 984 2192 Rectoribus,
1022 2113 1442 2177 officialibus
1479 2117 1712 2194 Urbis,
1745 2116 2145 2195 Principum
2187 2116 2620 2194 Oratoribus,
2656 2117 2820 2180 aliis
2859 2119 3126 2195 quibus·

124 2220 240 2282 vis
281 2222 699 2298 potestatem
758 2221 1103 2300 tribuunt,
1148 2226 1232 2285 ut
1270 2221 1846 2301 praescriptiones
1907 2240 2036 2301 pro
2092 2223 2421 2287 electione
2484 2224 2803 2302 praefata
2863 2224 3130 2286 faciant

124 2328 514 2390 observari.

329 2434 753 2515 Derogamus
795 2436 1005 2500 etiam
1048 2437 1139 2499 iis
1184 2438 1441 2515 regulis
1485 2443 1559 2502 et
1602 2438 2261 2517 praescriptionibus
2305 2455 2479 2516 quae
2525 2456 2647 2517 per
2691 2438 3127 2517 Apostolicas

125 2542 603 2605 Romanorum
638 2540 1048 2606 Pontificum
1080 2544 1652 2623 Constitutiones,
1689 2546 1898 2609 etiam
1924 2546 1998 2607 in
2034 2545 2486 2610 Genera-libus
2513 2544 2845 2608 Conciliis
2876 2545 3124 2614 editas.

123 2653 263 2713 aut
295 2647 560 2727 alioqui
596 2650 876 2729 speciali
910 2652 1252 2715 mentione
1287 2651 1557 2731 dignas,
1599 2653 2006 2730 praefinitae
2042 2657 2207 2716 sunt
2239 2653 2423 2715 circa
2458 2651 2815 2717 electionis
2856 2656 3127 2731 tempus

123 2761 197 2820 et
232 2756 489 2835 locum,
528 2757 713 2820 circa
742 2757 1078 2822 Conclave
1115 2758 1392 2837 eiusque
1427 2760 1816 2822 clausura-m
1857 2757 2164 2838 aliasque
2202 2760 2489 2823 minoris
2519 2761 2842 2863 momenti
2876 2777 3009 2837 res,
3047 2764 3129 2824 ut

125 2869 307 2929 sunt
327 2863 825 2929 sollemnitates
851 2870 921 2929 et
942 2868 1406 2929 caeremoniae
1430 2884 1604 2945 quae
1626 2867 1936 2931 adhiberi
1962 2870 2483 2947 consueverunt,
2508 2830 2914 2930 nominatim
2942 2867 3128 2929 circa

124 2972 525 3036 custodiam
572 2971 956 3052 Conclavis,
1004 2974 1188 3037 circa
1231 2976 1853 3053 suppeditationem
1904 2993 2129 3039 rerum
2168 2976 2257 3038 ad
2305 2975 2560 3038 victum
2601 2976 2908 3054 aliosque
2945 2976 3127 3040 vitae
3251 3048 3255 3051 ,

124 3097 307 3142 usus
338 3080 856 3159 pertinentium,
891 3082 1056 3145 item
1089 3083 1272 3145 circa
1306 3099 1775 3161 personarum,
1811 3100 1984 3160 quas
2013 3084 2087 3145 in
2123 3082 2460 3146 Conclave
2491 3082 2747 3161 suscipi
2783 3086 3122 3160 oporteat,

124 3187 516 3264 qualitates
545 3192 619 3251 et
642 3205 1023 3267 numerum,
1060 3190 1176 3267 qui
1207 3193 1436 3252 tamen
1473 3194 1873 3254 consuetum
1909 3206 2045 3251 non
2074 3190 2382 3268 excedat,
2412 3190 2685 3268 aliaque
2714 3189 3142 3265 huiusmodi3·

125 3311 311 3373 quas
345 3298 585 3357 utrum
621 3313 854 3359 omnes
893 3297 991 3359 vel
1035 3296 1305 3374 aliquas
1345 3298 1605 3360 servari
1643 3301 1769 3360 aut
1808 3298 2059 3360 missa-s
2096 3297 2245 3361 fieri
2285 3300 2626 3376 oporteat,
2679 3297 2855 3374 quod
2905 3296 3126 3358 maior

125 3418 303 3479 pars
344 3402 913 3482 congregatorum
966 3402 1439 3468 Cardinalium
1485 3405 1888 3484 suffragium
1939 3405 2207 3482 tulerit,
2264 3404 2375 3466 ius
2426 3403 2581 3468 erit.
2633 3403 2921 3465 Maioris
2958 3403 3124 3466 item

128 3511 365 3589 partis
389 3516 954 3590 congregatorum
977 3511 1450 3575 cardinalium
1477 3513 1614 3575 erit
1636 3513 1996 3576 decernere
2018 3516 2276 3590 utrum,
2301 3512 2498 3578 nulla
2521 3510 2885 3575 interiecta
2906 3527 3123 3587 mora,

125 3624 200 3682 et
227 3623 403 3682 ante
436 3634 688 3681 nonum
725 3636 769 3682 a
793 3619 1062 3690 Nostro
1088 3620 1281 3682 obitu
1319 3619 1497 3682 diem
1530 3619 1776 3683 electio
1802 3618 2158 3698 celebrari,
2192 3623 2318 3683 aut
2344 3618 2555 3683 etiam
2586 3619 2647 3681 si
2679 3617 2993 3697 publicae
3023 3619 3124 3681 rei

126 3730 370 3789 status
397 3727 850 3805 perturba-tio,
881 3727 987 3789 vel
1013 3725 1154 3791 alia
1180 3726 1413 3817 gravis
1438 3743 1646 3789 causa
1672 3725 2082 3805 intercedat,
2110 3727 2542 3790 comitiorum
2571 3729 2846 3805 tempus
2870 3726 2944 3787 in
2981 3724 3121 3787 lon·

124 3834 291 3914 gius
330 3834 647 3912 protrahi
697 3836 1034 3912 oporteat;
1083 3851 1222 3913 quo
1267 3838 1610 3912 postremo
1650 3835 1727 3896 in
1776 3851 1942 3897 casu
1988 3851 2196 3913 penes
2232 3834 2499 3898 eosdem
2543 3831 2948 3897 cardinales
2988 3834 3123 3896 erit

127 3942 288 4020 pari
325 3939 530 4004 modo
565 3944 873 4020 potestas
913 3942 1093 4020 leges
1129 3941 1316 4004 circa
1348 3940 1740 4004 clausura-m
1777 3938 2140 4004 conclavis
2177 3941 2487 4018 aliasque
2523 3938 3122 4018 praescriptiones,

126 4055 212 4113 ut
249 4064 493 4127 supra,
537 4049 935 4113 moderandi
971 4053 1098 4112 aut
1138 4048 1347 4114 etiam
1392 4049 1773 4114 relaxandi.
1821 4050 1976 4124 Qua
2007 4066 2089 4112 ex
2125 4066 2200 4111 re
2234 4047 2640 4111 cardinales
2676 4064 2906 4110 omnes
2941 4064 2983 4109 a
3023 4048 3121 4108 iu-

124 4157 516 4218 risiurandi
553 4157 904 4236 religione,
943 4174 1078 4235 qua
1112 4157 1548 4236 supradictas
1585 4156 2191 4220 Praedecessorum
2227 4154 2635 4217 Nostrorum
2671 4152 3122 4217 Constitutio-

126 4280 253 4327 nes
288 4280 564 4327 servare
598 4264 1040 4342 promittunt,
1076 4263 1492 4327 absolvimus
1533 4269 1603 4327 et
1646 4263 2001 4326 absolutos
2043 4263 2192 4326 fore
2228 4262 2678 4339 declaramus,
2726 4278 2866 4322 non
2904 4261 3122 4323 solum

123 4372 200 4434 in
235 4369 617 4451 praedietis
645 4371 926 4433 illarum
962 4352 1622 4450 praescriptionibus
1653 4371 1739 4434 ad
1775 4369 2208 4434 comifiorum
2243 4373 2516 4447 tempus
2549 4372 2622 4432 et
2663 4367 2882 4430 locum
2919 4371 3125 4444 atque

126 4480 218 4542 ad
271 4477 615 4543 conclave
663 4478 944 4557 eiusque
995 4477 1384 4542 clausuram
1430 4478 1926 4556 spectantibus,
1971 4494 2201 4540 verum
2247 4477 2456 4540 etiam
2501 4477 2574 4538 in
2630 4475 2792 4538 aliis
2836 4475 3124 4537 minoris

125 4586 460 4649 momenti
494 4586 940 4649 caeremoniis
971 4589 1045 4650 et
1076 4585 1680 4660 sollemnitatibuS,
1719 4587 1778 4647 si
1813 4602 1986 4662 quae
2018 4586 2261 4647 harum
2299 4583 2686 4647 observatio
2729 4582 2827 4645 rei
2863 4581 3122 4645 exitum

127 4692 494 4757 retardare
519 4694 760 4770 possit.
791 4694 875 4755 In
900 4693 1149 4757 ceteris
1178 4696 1408 4756 tamen
1442 4711 1615 4772 quae
1646 4692 1873 4768 celeri,
1905 4709 2107 4769 quam
2143 4708 2565 4769 summopere
2595 4694 2936 4768 optamus,
2964 4688 3121 4750 novi

126 4799 496 4863 Pontificis
528 4800 847 4864 electioni
881 4818 1017 4862 non
1046 4800 1370 4876 officiant,
1409 4799 1702 4863 maxime
1734 4802 1965 4863 autem
1991 4798 2066 4859 in
2095 4798 2300 4861 rebus
2327 4814 2483 4859 cum
2510 4795 2823 4859 clausula
2849 4794 3117 4859 electio·

126 4926 283 4971 nem
336 4905 546 4970 aliter
591 4908 849 4970 factam
889 4907 1216 4972 irritante
1257 4907 1727 4986 praescriptis,
1772 4909 2050 4985 praeter
2097 4922 2178 4969 ea-
2221 4904 2484 4967 scilicet
2534 4903 2781 4981 quibus
2825 4921 2868 4965 a
2907 4901 3122 4965 Nobis

127 5016 537 5095 derogatum
572 5019 703 5093 est,
742 5014 1294 5078 Constitutioues
1329 5014 1518 5092 ipsas
1558 5013 2019 5101 obseryandgs
2053 5013 2478 5075 mandamus.

317 5123 475 5186 Etsi
517 5140 673 5186 vero
707 5124 1005 5201 ampla-m
1046 5123 1240 5186 illam
1274 5122 1677 5185 facultatem
1711 5105 2018 5199 collegio
2049 5118 2522 5183 cardinalium
2567 5117 3119 5183 concesserimus.

129 5231 541 5310 praesertim
588 5230 810 5308 quoad
850 5235 1122 5309 tempus
1156 5234 1226 5294 et
1263 5229 1484 5292 locum
1525 5229 1882 5294 electionis
1918 5227 2143 5291 futuri
2182 5227 2471 5290 Roma-ni
2513 5225 2895 5302 Pontificis,
2946 5223 3118 5286 nihil

127 5342 363 5401 tamen
396 5337 797 5401 innova-tum
829 5356 975 5402 esse
1007 5337 1459 5413 declaramus,
1503 5339 1646 5401 sive
1677 5340 2011 5415 quantum
2053 5336 2142 5398 ad
2183 5333 2562 5414 generalem
2599 5350 2935 5396 canonum
2970 5349 3114 5394 sau·
