3753 5871
1503 360 1867 412 Documta
3073 352 3180 413 067

190 549 416 613 donec
461 565 678 612 novus
721 546 1045 611 Pontiiex
1090 547 1415 626 eligatur,
1463 550 1676 623 utque
1718 544 1953 608 eadem
2000 543 2329 623 pecuniae
2376 543 2480 605 vis
2537 541 2613 603 in
2670 541 3179 605 subventionem

189 656 588 720 eorumdem
627 670 1002 735 pauperum
1038 658 1114 718 et
1157 670 1521 734 egenorum
1564 653 1737 716 Sede
1784 655 2072 714 vacante
2110 668 2232 730 per
2279 651 2505 730 ipsum
2554 648 3180 729 Eleemosynarium

192 764 639 843 dispensetur
674 780 756 826 ac
787 764 1132 844 erogetur,
1168 778 1343 842 quae
1376 762 1645 824 vivente
1679 760 2017 824 Pontifice
2051 759 2379 822 distribui
2417 759 2617 836 solet,
2664 757 2755 820 ad
2800 774 2996 836 quem
3031 757 3182 820 efle-

191 874 392 933 ctum
421 874 749 934 consueta
771 869 1103 934 mandata
1130 887 1177 933 a
1198 870 1426 934 tribus
1450 867 1940 933 cardinalibus
1960 885 2045 931 eo
2073 871 2380 946 tempore
2412 866 2485 929 in
2515 866 2774 930 Ordine
2800 865 3183 944 Prioribus,

194 995 326 1040 seu
354 977 708 1057 deputatis
741 977 1198 1057 expediantur
1231 978 1279 1040 ¹.

1490 1151 1729 1214 cnm·
1759 1151 1884 1213 IV.

526 1295 631 1358 Do
667 1294 903 1358 Sacris
939 1293 1266 1356 Romanis
1303 1290 1966 1371 Gonyreyationibus
2006 1306 2371 1369 earumque
2407 1289 2865 1370 facultatibus

1228 1401 1404 1465 Sede
1437 1400 1840 1480 Apostolica
1867 1402 2176 1461 vacante.

395 1602 499 1664 22.
553 1601 757 1664 Circa
802 1601 1178 1664 tacultates
1226 1599 1593 1663 Sacrarum
1631 1597 2106 1689 'Romanarum
2155 1594 2802 1676 congregationum,
2858 1594 3032 1659 Sede
3083 1611 3192 1657 va·

200 1714 437 1787 cante,
471 1709 621 1788 hae,
657 1725 829 1787 quae
861 1711 1264 1787 sequuntur,
1307 1724 1586 1770 normae
1618 1707 1704 1769 ab
1747 1705 2064 1768 omnibus
2105 1704 2478 1768 servandae
2521 1707 2710 1783 sunt,
2747 1720 2884 1766 non
2920 1704 3193 1767 obstan·

202 1817 406 1879 tibus
431 1815 812 1896 privilegiis
841 1815 1213 1895 quibusvis.

395 1924 496 1986 23.
530 1922 782 1987 Sacrae
800 1923 1402 2003 congregationes,
1432 1923 1667 1986 eadem
1691 1921 1864 1985 Sede
1884 1924 2193 2002 vacante,
2216 1920 2478 1984 nullam
2508 1923 2919 2000 potestatem
2947 1920 3202 1981 habent

205 2033 291 2093 in
329 2032 443 2111 iis,
482 2048 655 2110 quae
697 2031 870 2095 Sede
904 2031 1108 2110 plena
1144 2031 1370 2094 facere
1406 2034 1481 2095 et
1513 2030 1834 2109 expedire
1880 2047 2016 2093 nen
2065 2033 2356 2108 possunt
2391 2029 2528 2092 nisi
2564 2029 2755 2107 facto
2794 2027 2996 2089 verbo
3044 2041 3199 2087 cum

206 2138 460 2215 SSr‘t'to,
491 2139 595 2203 vel
636 2155 720 2200 eo
756 2139 1113 2200 audientia
1145 2136 1372 2219 Ssvi'ti,
1405 2140 1509 2203 vel
1539 2137 1770 2217 vigore
1810 2138 2212 2216 specialium
2255 2143 2323 2200 et
2358 2135 3064 2197 extraordinariorum
3096 2134 3198 2212 sa·

208 2247 584 2321 saltatum,
616 2264 788 2326 quae
817 2264 864 2309 a
891 2247 1197 2309 Romano
1231 2246 1565 2310 Pontifice
1597 2247 1988 2309 earumdem
2027 2245 2650 2326 Congregationum
2683 2244 3066 2307 Praefectis
3097 2240 3202 2306 vel

210 2355 629 2417 Secretariis
663 2354 941 2418 concedi
973 2354 1217 2417 solent.

403 2462 506 2523 24.
538 2462 940 2525 Facultates
970 2479 1126 2524 vero
1155 2479 1329 2540 quae
1357 2462 1531 2540 ipsis
1559 2479 1680 2540 per
1708 2462 2015 2525 Litteras
2039 2459 2460 2539 apostolicas
2494 2460 2876 2522 attributae
2906 2461 3095 2536 sunt,
3133 2461 3205 2521 et

213 2569 509 2649 proinde
540 2572 892 2648 tamquam
921 2569 1314 2633 ordinariae
1348 2574 1555 2647 atque
1583 2570 1892 2648 ipsarum
1930 2567 2551 2649 Congregationum
2584 2568 2907 2645 propriae
2932 2581 3202 2629 censen·

209 2683 367 2754 tur,
406 2695 525 2741 eae
554 2680 774 2740 morte
805 2677 1094 2740 Romani
1128 2676 1489 2739 Pontificis
1522 2694 1659 2740 non
1693 2676 2251 2755 exstinguuntur.

406 2785 507 2847 25.
550 2784 886 2847 Volumus
914 2788 1145 2847 tamen
1177 2788 1259 2847 ut
1289 2784 1399 2847 his
1436 2783 1894 2847 facultatibus
1933 2783 2308 2846 ordinariis
2343 2781 2595 2846 Sacrae
2629 2780 3210 2860 Congregationes

215 2892 647 2956 solummodo
677 2892 752 2954 in
783 2892 876 2955 iis
906 2892 1159 2971 gratiis
1185 2891 1655 2971 concedendis,
1691 2908 1864 2971 quae
1895 2890 2185 2954 minoris
2221 2890 2546 2954 momenti
2582 2891 2769 2968 sunt,
2806 2887 3041 2967 libere,
3085 2905 3212 2967 pro

213 3001 327 3064 rei
358 3001 901 3080 opportunitate,
927 3004 1240 3064 utantur.
1270 3001 1355 3063 In
1378 3000 1470 3063 iis
1497 3017 1657 3064 vero
1684 2997 2127 3078 expediendis
2150 2997 2685 3075 definiendisque
2710 2995 3007 3075 negotiis
3038 3012 3211 3074 quae

214 3108 545 3188 graviora
566 3107 671 3172 vel
693 3110 1131 3171 controversa
1154 3125 1303 3172 esse
1326 3108 1672 3187 videntur,
1697 3108 1874 3170 illud
1904 3107 2301 3184 statuimus,
2335 3108 2440 3185 ut,
2469 3106 2530 3168 si
2556 3122 2668 3169 res
2694 3104 2866 3168 talis
2894 3104 3013 3182 sit,
3039 3120 3213 3182 quae

217 3216 303 3277 in
330 3214 522 3278 aliud
548 3218 821 3294 tempus
852 3214 1117 3278 differri
1146 3216 1396 3294 valeat,
1433 3214 1674 3277 tuturo
1710 3214 2035 3277 Pontifici
2064 3216 2452 3277 reservetur
2479 3211 2795 3276 omnino:
2842 3210 2949 3272 sin
2981 3212 3213 3272 autem

220 3322 494 3386 nullam
535 3321 868 3386 admittat
909 3339 1193 3402 moram,
1236 3327 1406 3386 tunc
1449 3322 1520 3384 S.
1566 3321 1870 3401 collegio
1916 3321 2352 3384 concedimus
2400 3323 2484 3383 ut
2524 3318 2948 3382 committere
2992 3316 3218 3396 possit

219 3431 580 3510 negotium
610 3430 971 3494 Praefecto
999 3434 1069 3494 et
1094 3430 1361 3509 aliquot
1390 3429 1553 3492 aliis
1575 3429 2068 3493 cardinalibus
2090 3428 2242 3491 eius
2265 3425 2857 3507 congregationis,
2888 3426 2978 3488 ad
3012 3441 3214 3504 quam

224 3536 557 3602 Pontifex
594 3536 768 3600 illud
804 3537 1329 3601 examinandum
1369 3536 1840 3600 verisimiliter
1872 3535 2348 3614 commisisset,
2390 3535 2533 3614 qui,
2574 3533 2852 3613 negotio
2898 3534 3220 3595 accurate

227 3646 568 3724 discusso,
604 3662 688 3709 ea
719 3646 1013 3724 desuper
1042 3645 1401 3708 decernere
1436 3645 1728 3724 possint,
1775 3660 1900 3722 per
1930 3643 2203 3705 modum
2247 3646 2477 3705 tamen
2523 3640 2959 3721 provisionis,
3008 3640 3222 3702 donec

228 3753 539 3832 eligatur
574 3753 921 3831 Pontifex,
964 3770 1162 3832 quae,
1202 3753 1403 3815 iuxta
1441 3752 1675 3815 datam
1716 3750 1846 3814 sibi
1890 3768 1934 3814 a
1984 3750 2279 3814 Domino
2328 3749 2790 3828 prudentiam,
2841 3748 3113 3810 iuribus
3150 3751 3221 3809 et

228 3861 626 3925 rationibus
676 3860 1161 3924 ecclesiasticis
1224 3855 1693 3923 custodiendis
1750 3874 1832 3921 ac
1890 3857 2172 3922 tuendis
2227 3860 2398 3937 apta
2450 3861 2523 3921 et
2577 3859 3038 3920 consentanea
3070 3872 3220 3917 cen·

229 3968 507 4032 suerint
535 3970 583 4030 ¹.

1539 4099 1776 4162 Garm-
1808 4099 1895 4160 V.

1113 4241 1218 4304 De
1252 4239 1589 4317 exsequiis
1621 4238 1914 4302 Romami
1950 4236 2332 4314 Pontificis.

428 4438 530 4500 26.
573 4440 882 4501 Romano
917 4437 1254 4501 Pontiflce
1297 4438 1442 4500 vita
1479 4437 1743 4513 functo,
1784 4435 2193 4499 cardinales
2230 4431 2587 4511 exsequias
2635 4448 2762 4509 pro
2807 4431 2959 4493 eius
2995 4429 3229 4492 anima

229 4546 323 4610 de
358 4562 546 4608 more
576 4562 699 4623 per
727 4562 966 4616 novem
996 4545 1362 4609 continuos
1399 4545 1547 4608 dies
1581 4544 1993 4623 persolvent,
2028 4542 2167 4605 nisi
2209 4542 2393 4605 torte
2432 4541 2506 4602 in
2539 4540 2685 4603 illis
2715 4555 2955 4601 novem
2988 4537 3229 4599 diebus

234 4654 526 4733 aliquod
570 4654 825 4717 festum
863 4672 945 4717 ex
982 4654 1372 4733 praecipuis
1404 4657 1476 4717 et
1520 4653 1790 4732 magnis
1827 4652 2116 4729 incidat,
2158 4654 2444 4729 propter
2485 4649 2683 4711 cuius
2728 4644 3233 4710 observantiam

230 4763 603 4841 exsequiae
634 4762 1200 4825 intermittendae
1239 4762 1623 4837 videantur3
1655 4764 1822 4822 tunc
1856 4760 2037 4823 enim
2071 4759 2144 4820 in
2181 4774 2466 4821 numero
2500 4756 2768 4835 quidem
2813 4771 3049 4817 novem
3093 4751 3229 4815 die·

232 4887 398 4932 rum
439 4870 914 4947 exsequiarum
954 4870 1504 4932 intermissurum
1556 4870 1703 4933 dies
1743 4871 2237 4947 computantur
2278 4870 2326 4928 ³.
2377 4866 2626 4928 Tribus
2667 4881 2825 4928 vero
2868 4859 3232 4941 postremis

233 4978 488 5041 diebus
529 4977 920 5041 solemniori
963 4978 1106 5040 ritu
1149 4977 1504 5055 exsequias
1542 4975 2006 5051 celebrabunt;
2044 4979 2117 5038 et
2155 4974 2403 5037 ultima
2444 4971 2833 5036 earumdem
2885 4969 3227 5048 exsequia·

236 5103 406 5148 rum
448 5085 561 5148 die
601 5103 648 5148 a
681 5086 832 5149 viro
862 5085 1325 5149 ecclesiastico
1360 5085 1449 5148 ad
1485 5086 1611 5148 hoc
1648 5085 1981 5163 deputa-to
2026 5081 2391 5144 habebitur
2429 5081 2657 5142 oratio
2705 5098 2740 5138 «
2779 5078 2863 5139 de
2899 5073 3233 5151 Pontifics

234 5192 572 5268 defuncto
604 5213 663 5255 ».

433 5355 449 5388 ·
484 5352 654 5408 Clem.
689 5353 790 5406 xn
823 5354 1013 5408 Const.
1053 5376 1079 5402 ι
1102 5355 1474 5423 Apostolatus
1506 5355 1759 5421 officium
1784 5374 1833 5416 ι,
1867 5353 1901 5418 fi
1931 5351 2013 5406 w.

431 5453 452 5482 ⁸
485 5450 656 5505 clem.
691 5450 794 5504 xn
827 5451 1017 5505 Const.
1058 5473 1083 5499 α
1104 5452 1478 5521 Apostolatus
1509 5451 1766 5517 officium
1787 5471 1836 5512 ι,
1871 5450 1905 5517 g
1938 5451 2016 5503 18.

432 5550 453 5580 ⁸
484 5548 594 5604 crr.
628 5549 1041 5604 caeremoniale
1072 5549 1237 5618 Greg.
1271 5550 1369 5603 XV
1405 5569 1431 5596 ι
1453 5549 1624 5603 Decet
1654 5548 1992 5601 Romanum
2012 5568 2061 5609 ι,
2095 5559 2153 5599 1v
2186 5545 2319 5598 Idus
2350 5543 2509 5598 Mart.
2546 5542 2688 5598 1681.
