3753 5871
1599 325 1903 386 Ρησίοῦίο
3123 341 3247 382 xxv

269 519 543 604 comus
584 521 779 586 iuris
821 521 1156 586 canonica·
1200 516 1401 603 quod
1450 520 1735 599 vocant,
1783 513 2126 604 quamvis
2176 514 2514 584 nonnulli
2569 518 2945 603 negarent,
2997 517 3254 584 Extra-

264 660 608 745 vaaantes
655 655 956 727 Ioannis
1002 655 1209 726 XXII
1256 661 1329 725 et
1374 659 1959 743 Extremam&
2026 655 2445 724 Commune-3
2506 674 2726 742 posse
2781 653 2853 723 in
2919 674 3007 724 eo
3068 674 3257 725 com-

266 795 640 887 prehendi,
688 819 857 869 cum
905 798 1211 887 Corpori
1260 797 1463 883 iuris,
1511 797 1798 887 privato
1845 801 2136 867 tantum
2195 796 2530 882 consilio,
2592 796 2921 868 adiectae
2982 801 3251 867 essent.

268 940 467 1011 Idem
500 940 593 1010 de
623 945 867 1011 cetero
894 940 1169 1027 Corpus
1210 945 1404 1010 iuris
1446 942 1778 1008 canonici
1825 937 2246 1008 universum
2286 958 2402 1007 an.
2443 937 2613 1007 1582
2646 937 3042 1028 Gregorius
3073 935 3249 1005 XIII

262 1081 816 1153 accuratissime
862 1082 980 1152 edi
1028 1081 1267 1153 iussit.

444 1224 556 1293 Ab
615 1244 816 1294 anno
873 1223 1049 1293 1500
1107 1224 1204 1294 ad
1272 1223 1575 1294 Concilii
1640 1222 2052 1295 Tridentini
2110 1223 2708 1294 convocationem
2782 1222 2985 1291 nulla
3045 1240 3254 1290 cano-

264 1386 445 1435 num
491 1367 796 1456 sylloge,
844 1378 976 1437 nec
1026 1366 1313 1456 privata
1359 1385 1493 1436 nec
1539 1365 1835 1455 publica
1880 1364 2338 1449 auctoritate,
2391 1365 2721 1435 confecta
2779 1369 2910 1433 est.
2961 1362 3255 1433 Triden-

260 1510 419 1578 tina
480 1509 844 1595 Synodus,
903 1509 1023 1579 cui
1100 1507 1543 1579 christianae
1614 1508 2046 1596 disciplinae
2119 1509 2214 1577 ab
2281 1511 2523 1578 aetate
2594 1506 2835 1576 media
2909 1510 3252 1594 acceptae

261 1650 850 1722 emendationem
898 1650 1259 1721 catholica
1306 1651 1526 1722 debet
1573 1649 1922 1735 Ecclesia,
1967 1654 2090 1720 ius
2146 1649 2447 1720 inchoat
2496 1652 2968 1719 novissimum
2984 1673 3007 1731 ;
3057 1647 3252 1717 illius

262 1813 440 1862 vero
494 1791 677 1863 Acta
733 1793 984 1863 haberi
1053 1792 1311 1863 merito
1368 1799 1682 1881 possunt
1729 1792 2004 1883 sylloge
2052 1811 2418 1886 canonum
2478 1792 2568 1861 de
2619 1790 2758 1860 lide
2805 1796 2876 1860 et
2927 1789 3253 1862 moribus

262 1933 922 2023 praestantissima.

445 2077 878 2149 Gneoonms
937 2078 1136 2164 XIII,
1198 2100 1413 2169 quem
1495 2099 1725 2167 supra
1794 2076 2401 2163 memoravimus,
2470 2082 2981 2166 praeterquam
3052 2075 3254 2165 quod

262 2242 528 2290 novam
581 2219 927 2309 Corporis
975 2219 1157 2290 iuris
1201 2220 1534 2290 canonici
1580 2218 1978 2291 editionem
2029 2220 2333 2304 curavit,
2379 2219 2700 2291 decrevit
2753 2238 3052 2308 quoque
3113 2215 3256 2305 ple-

264 2365 545 2435 niorem
601 2363 830 2454 redigi
891 2364 1242 2454 syllogen,
1297 2384 1488 2452 quae
1550 2362 1968 2452 pontificios
2030 2363 2637 2451 complecteretur
2698 2382 3022 2433 canones
3083 2365 3254 2430 ante

266 2506 779 2577 Tridentinum
827 2508 1019 2576 latos
1089 2510 1164 2576 et
1225 2506 1300 2574 in
1356 2506 1680 2595 Corpore
1747 2505 1928 2576 iuris
1991 2504 2291 2574 minime
2339 2505 2936 2593 comprehensos,
2983 2502 3255 2592 quippe

264 2649 465 2738 quod
512 2649 626 2718 vel
676 2649 1159 2734 Channunia,
1206 2650 1344 2734 vel,
1390 2649 1487 2719 ad
1532 2668 1932 2733 summum,
1978 2648 2648 2733 Eoetravaqantibus
2702 2645 3001 2715 Ioannis
3047 2643 3253 2714 XXII
3377 2698 3390 2713 2

265 2795 341 2860 et
384 2793 1049 2878 Eoehavaaantibm
1105 2793 1609 2862 Commum'bus
1654 2790 2215 2875 terminabatur,
2261 2794 2344 2860 ut
2398 2790 2472 2858 in
2519 2787 2892 2859 volumine
2956 2786 3258 2858 Parisiis

266 2932 463 3003 edito
494 2954 614 3003 an.
653 2934 843 3003 1500.
880 2934 1060 3005 Rem
1109 2934 1328 3004 trium
1379 2933 1872 3005 cardinalium
1929 2931 2254 3005 Consilio
2287 2930 2758 3004 commissam
2794 2953 2994 3001 mors
3048 2930 3259 3001 inter·

267 3075 460 3164 cepit
507 3075 884 3146 Pontificis
932 3096 1129 3147 anno
1172 3078 1365 3161 1585,
1397 3082 1567 3166 post
1598 3076 2101 3148 Tridentinam
2141 3075 2523 3162 Synodum
2557 3074 2973 3144 absolutam
3025 3073 3257 3143 altero

267 3227 341 3290 et
385 3219 753 3290 vicesimo.
804 3219 1227 3290 Decessoris
1272 3221 1389 3291 sui
1437 3220 1808 3310 inceptum
1859 3221 2131 3290 er‘rus
2179 3219 2257 3304 V,
2304 3239 2453 3308 qua
2513 3217 2799 3289 solebat
2856 3216 3256 3296 alacritate,

268 3361 789 3449 perficiendum
841 3363 1188 3452 suscepit,
1236 3363 1457 3452 idque
1514 3363 1837 3434 muneris
1911 3361 2282 3433 Cardinali
2348 3361 2658 3431 Pinellio
2722 3359 3005 3445 detulit,
3067 3357 3258 3428 datis

266 3502 506 3573 eidem
554 3503 778 3575 sociis
823 3505 1437 3593 consortibusque
1485 3505 1824 3576 laborum
1886 3504 2169 3594 aliquot
2214 3502 2662 3575 doctissimis
2710 3501 2918 3586 viris;
2982 3522 3259 3586 verum,

268 3665 461 3730 cum,
507 3667 585 3716 re
630 3646 872 3717 adhuc
917 3645 1208 3732 infecta,
1256 3647 1507 3718 Sixtns
1553 3648 1882 3732 obiisset,
1932 3646 2303 3717 Chunus-rr
2337 3645 2505 3715 VIII
2546 3645 2873 3734 contigit,
2908 3649 2992 3715 ut
3036 3643 3253 3713 finem

271 3790 477 3878 operi
527 3789 959 3878 imponeret.
994 3789 1146 3860 Cal.
1177 3790 1371 3862 enim
1421 3792 1757 3880 augustis
1804 3811 1921 3860 an.
1962 3790 2154 3875 1598,
2188 3788 2601 3860 Cardinalis
2633 3787 2988 3858 Pinellius
3022 3786 3255 3857 eidem

201 3971 213 3988 ·
274 3931 605 4002 Pontifici
677 3932 1025 4003 volumen
1091 3933 1379 4018 obtulit,
1435 3933 1632 4023 quod
1698 3933 2236 4004 inscribebatur
2295 3933 2756 4002 Sancti-ssimi
2827 3932 2912 3999 D.
2975 3931 3060 3999 N.
3126 3931 3263 3999 Gle-

270 4079 530 4144 mcntis
573 4078 826 4161 Papae
885 4077 1058 4144 Vm
1096 4078 1528 4160 mordentem
1572 4079 1704 4147 sed
1750 4080 1933 4147 haec
1987 4097 2180 4145 nova
2224 4075 2523 4164 sylloge,
2578 4093 2768 4163 quae
2831 4073 3064 4143 tantis
3117 4080 3262 4142 stu-

271 4216 413 4287 diis
457 4222 534 4287 et
576 4216 956 4286 laboribus
1017 4221 1340 4302 steterat,
1389 4217 1760 4289 nescimus
1808 4239 1957 4307 quo
2005 4223 2243 4306 pacto,
2292 4222 2447 4286 tum
2497 4215 3054 4304 adprobatione,
3106 4219 3257 4283 tum

274 4359 861 4448 promulgatione
907 4360 1163 4431 caruit.
1212 4359 1429 4431 Liber
1475 4380 1647 4431 vero
1690 4361 2066 4449 Septimus
2114 4358 2629 4444 Decretalium‚
2677 4359 2957 4447 privata
3021 4363 3262 4428 aucto·

274 4503 486 4573 ritate
544 4523 591 4572 a
656 4501 1182 4574 iurisconsulto
1246 4505 1494 4574 Perno
1550 4505 1960 4574 Mar-mano
2011 4503 2349 4593 Ludguni
2412 4502 2654 4573 editus
2715 4522 2831 4571 an.
2885 4501 3077 4585 1590,
3124 4499 3260 4570 etsi

274 4646 527 4718 multis
585 4646 1036 4718 editionibus
1107 4646 1454 4738 Corporis
1516 4647 1697 4718 iuris
1758 4647 2094 4718 canonici
2157 4647 2233 4716 in
2289 4646 2790 4735 Appendicem
2855 4643 3261 4731 apposituS,

274 4811 655 4880 nunquam
710 4797 960 4862 tamen
1008 4792 1101 4861 ab
1136 4790 1564 4879 Apostolica
1597 4791 1785 4862 Sede
1833 4790 2294 4879 approbatus
2341 4795 2472 4873 est,
2521 4787 2697 4876 quin
2749 4787 2896 4854 imo
2946 4786 3017 4854 in
3072 4787 3265 4856 Indi-

269 4954 430 5002 cem
478 4932 831 5003 librorum
880 4932 1418 5022 prohibitorum
1470 4939 1582 5004 est
1628 4931 1922 5004 relatuS.

452 5075 686 5144 Iacuit
745 5077 1074 5164 profecto
1133 5098 1250 5148 res
1309 5077 1399 5147 ad
1453 5083 1768 5149 aetatem
1828 5097 2066 5165 usque
2131 5081 2503 5156 nostram;
2567 5070 2708 5141 nisi
2769 5070 2973 5160 quod
3044 5070 3264 5141 Benn-

270 5236 532 5289 mcrus
577 5217 764 5328 ᾉΝ,
820 5218 1305 5290 Decessorum
1360 5220 1673 5310 vestigia
1728 5223 2182 5309 persecutuS,
2229 5236 2416 5307 quas
2487 5214 2725 5304 primo
2777 5213 3259 5285 Pontificatus

267 5359 629 5433 sexennio
674 5359 1004 5430 ediderat
1049 5362 1637 5448 constitutiones,
1684 5384 1812 5433 eas
1857 5368 1932 5432 et
1978 5361 2321 5431 collectas
2367 5357 2601 5428 voluit
2646 5364 2721 5429 et
2752 5358 3264 5447 promulgavit,

269 5504 469 5575 datis
538 5502 799 5575 litteris
858 5502 954 5573 ad
1018 5503 1411 5593 magistros
1479 5511 1550 5576 et
1606 5505 1985 5576 auditores
2050 5501 2541 5574 Bononiensis
2608 5501 3018 5574 studiorum
3091 5499 3262 5572 Uni·
