3753 5871
421 258 531 317 ³00
1559 254 1755 306 ooaeae
1802 251 1963 304 luris
2003 251 2284 304 cononici

1703 475 1881 543 CAN.
1932 474 2126 541 1052.

601 618 1081 701 Dispensatio
1111 617 1204 683 ab
1228 615 1753 699 impedimento
1776 613 2452 698 consanguinitatis
2475 612 2590 680 vel
2621 611 3032 696 affinitatis,
3067 630 3413 681 concessa

426 727 503 792 in
548 726 800 810 aliquo
839 724 1343 808 impedimenti
1379 722 1643 808 gradu,
1682 722 1906 803 valet,
1947 721 2121 789 licet
2156 723 2236 788 in
2275 721 2634 806 petitione
2678 721 2792 787 vel
2829 721 2910 785 in
2947 720 3413 787 concessione

423 852 631 901 error
661 833 860 900 circa
891 832 1202 916 gradum
1234 830 1645 914 irrepserit,
1676 830 2072 898 dummodo
2099 828 2378 913 gradus
2409 847 2664 897 revera
2702 828 3063 896 exsistens
3093 827 3197 896 sit
3233 829 3415 896 inte·

428 943 605 1020 rior,
653 946 785 1008 aut
829 941 1001 1005 licet
1045 940 1417 1006 reticitum
1460 939 1691 1014 fuerit
1735 938 1941 1004 aliud
1988 933 2587 1020 impedimentum
2644 936 2967 1004 eiusdem
3022 936 3291 1020 speciei
3334 937 3410 1002 in

428 1048 719 1131 aequali
762 1047 878 1113 vel
918 1046 1272 1112 interiore
1303 1045 1540 1130 gradu
1589 1043 1637 1110 ¹.

1688 1204 1864 1272 CAN.
1924 1204 2119 1270 1053.

597 1347 799 1413 Data
834 1365 883 1413 a
922 1346 1200 1414 Sancta
1241 1345 1428 1413 Sede
1463 1345 1925 1429 dispensatio
1960 1362 2183 1427 super
2217 1343 2693 1411 matrimonio
2730 1345 2896 1409 rato
2941 1346 3021 1409 et
3056 1360 3202 1409 non
3247 1359 3411 1410 con·

422 1459 792 1521 summato
829 1454 942 1521 vel
974 1454 1179 1521 facta
1220 1453 1609 1538 permissio
1641 1453 2009 1520 transitus
2040 1452 2135 1519 ad
2170 1452 2362 1519 alias
2395 1451 2699 1536 nuptias
2739 1452 2829 1519 ob
2863 1456 3414 1536 praesumptam

419 1563 757 1647 coniugis
796 1567 1129 1643 mortem,
1165 1562 1563 1630 secumfert
1594 1578 1880 1645 semper
1907 1559 2532 1644 dispensationem
2565 1560 2659 1626 ab
2695 1556 3218 1643 impedimento
3250 1576 3411 1641 pro

421 1670 757 1738 veniente
802 1689 891 1737 ex
934 1670 1307 1737 adulterio
1361 1688 1527 1736 cum
1574 1668 2060 1753 promissione
2105 1668 2218 1735 vel
2265 1668 2760 1736 attentatione
2806 1666 3288 1748 matrimonii,
3349 1667 3414 1734 si

423 1795 569 1861 qua
615 1795 800 1861 opus
857 1777 983 1855 sit,
1035 1779 1335 1844 minime
1383 1797 1554 1845 vero
1598 1777 2227 1865 dispensationem
2273 1778 2367 1845 ab
2414 1776 2934 1861 impedimento
2980 1777 3073 1845 de
3132 1794 3277 1861 quo
3334 1776 3413 1842 in

419 1901 584 1951 can.
634 1884 830 1967 1075,
873 1902 999 1950 nn.
1038 1883 1107 1967 2,
1146 1885 1191 1951 3
1224 1885 1273 1951 ².

1694 1998 1874 2068 Gau.
1926 1999 2121 2066 1054.

597 2143 1078 2225 Dispensatio
1114 2162 1159 2210 a
1198 2143 1480 2211 minore
1520 2143 2047 2228 impedimento
2093 2161 2463 2224 concessa,
2510 2142 2719 2211 nullo
2768 2143 2921 2209 sive
2960 2142 3413 2226 obreptionis

422 2249 575 2317 sive
601 2250 1102 2334 subreptionis
1128 2252 1313 2319 vitio
1342 2251 1716 2334 irritatur,
1748 2253 1892 2320 etsi
1930 2252 2150 2320 unica.
2179 2270 2406 2319 causa
2435 2252 2683 2319 finalis
2712 2252 2791 2318 in
2829 2250 3170 2336 precibus
3198 2269 3408 2335 expo·

421 2356 568 2424 sita
607 2356 804 2425 falsa
837 2358 1073 2427 fuerit
1104 2358 1156 2426 ³.

1689 2473 1868 2542 CAN.
1931 2474 2125 2541 1055.

602 2613 1212 2696 Dispensationes
1276 2632 1501 2698 super
1576 2615 1895 2699 publicis
1961 2615 2506 2699 impedimentis
2571 2616 2973 2684 ordinario
3036 2618 3414 2683 oratorum

421 2720 874 2798 commissas,
913 2725 1358 2805 exsequatur
1403 2722 1848 2789 Ordinarius
1910 2723 2036 2808 qui
2093 2723 2389 2790 litteras
2436 2723 2981 2791 testimoniales
3035 2723 3243 2791 dedit
3299 2724 3415 2791 vel

422 2844 673 2910 preces
720 2828 1137 2896 transmisit
1191 2830 1286 2896 ad
1338 2828 1595 2897 Sedem
1652 2831 2183 2914 Apostolicam,
2230 2830 2523 2898 etiamsi
2571 2831 2848 2915 sponsi,
2899 2849 3045 2916 quo
3087 2837 3414 2915 tempore

422 2937 874 3003 exsecutioni
918 2937 1168 3003 danda
1220 2940 1335 3005 est
1374 2938 1856 3020 dispensatio,
1908 2939 2168 3006 relicto
2209 2939 2414 3005 illius
2452 2940 2810 3008 dioecesis
2851 2940 3230 3008 domicilio
3280 2944 3418 3008 aut

426 3043 1066 3126 quasi-domicilio,
1112 3044 1188 3110 iu
1232 3044 1456 3111 aliam
1500 3046 1888 3114 dioecesim
1933 3047 2411 3115 discesserint
2451 3067 2597 3115 non
2652 3046 2974 3131 amplius
3021 3047 3412 3130 reversuri,

426 3151 707 3219 monito
738 3153 986 3219 tamen
1020 3152 1423 3221 ordinario
1458 3152 1600 3221 loci
1641 3154 1720 3220 in
1762 3173 1907 3239 quo
1946 3155 2500 3223 matrimonium
2530 3157 2968 3225 contrahere
2999 3157 3318 3242 cupiunt
3356 3155 3409 3224 ⁴.

1686 3348 1862 3415 CAN.
1912 3347 2105 3414 1056.

594 3487 922 3573 Excepta
965 3488 1253 3556 modica
1291 3485 1542 3573 aliqua
1584 3487 2088 3572 praestatione
2128 3507 2215 3556 ex
2260 3488 2488 3557 titulo
2526 3506 3013 3573 expensarum
3055 3488 3410 3556 cancella·

425 3594 577 3662 riae
609 3595 683 3661 in
716 3595 1395 3679 dispensationibus
1434 3615 1572 3679 pro
1605 3614 1748 3663 non
1781 3596 2256 3680 pauperibus,
2291 3595 2618 3663 locorum
2650 3597 3033 3664 Ordinarii
3073 3614 3413 3665 eorumve

422 3701 788 3783 officiales,
837 3703 1230 3787 reprobata
1271 3704 1529 3788 quavis
1565 3704 1946 3770 contraria
1986 3703 2543 3786 consuetudine,
2590 3710 2987 3789 nequeunt,
3033 3704 3414 3772 occasione

418 3827 802 3877 concessae
837 3810 1441 3894 dispensationis,
1480 3810 2051 3878 emolumentum
2092 3811 2325 3877 ullum
2355 3811 2667 3897 exigere,
2703 3812 2848 3878 nisi
2879 3812 3056 3880 haec
3087 3811 3414 3881 facultas

420 3936 463 3984 a
507 3920 776 3985 Sancta
818 3918 1003 3986 Sede
1036 3937 1376 4002 expresse
1407 3919 1515 3987 eis
1545 3919 1724 3987 data
1757 3920 2011 4000 fuerin
2043 3924 2118 3988 et
2149 3921 2213 3987 si
2248 3920 2646 4005 exegerint,
2689 3922 3038 3987 tenentur
3068 3920 3163 3988 ad
3201 3920 3406 3988 resti-

421 4026 779 4092 tutionem
811 4025 863 4092 ⁸.

599 4271 612 4304 ¹
656 4269 794 4330 Reg.
828 4270 910 4328 35,
945 4270 1029 4328 63,
1062 4269 1131 4320 R.
1168 4270 1205 4321 J
1212 4307 1247 4330 .,
1282 4270 1343 4321 in
1377 4270 1503 4330 V103
1536 4269 1594 4322 S.
1632 4270 1774 4321 Pius
1806 4270 1874 4329 V,
1908 4272 2092 4323 const.
2129 4287 2160 4321 α
2194 4270 2615 4323 sanctissimus
2657 4273 2814 4338 »,‚2o
2852 4284 2986 4334 aug.
3020 4272 3168 4332 1500,
3203 4272 3229 4333 1
3260 4273 3311 4324 1.

605 4363 628 4395 ²
663 4355 720 4408 S.
756 4358 820 4408 C.
860 4359 931 4410 de
966 4357 1384 4416 Sacramentis.
1427 4359 1582 4410 decr.
1616 4359 1649 4410 3
1682 4360 1801 4410 iun.
1844 4359 1991 4410 1912.

603 4451 627 4486 ³
660 4448 716 4498 S.
747 4448 888 4498 Pius
913 4449 981 4504 V.
1012 4452 1195 4500 const.
1226 4464 1255 4499 α
1280 4449 1704 4500 Sanctissimae
1730 4463 1778 4508 ιο,
1805 4449 1870 4500 20
1894 4462 2026 4510 aug.
2056 4449 2202 4510 1500,
2233 4450 2259 4511 1
2294 4452 2343 4510 1;
2368 4450 2425 4502 S.
2458 4451 2524 4503 C.
2560 4449 2619 4501 S.
2653 4449 2790 4510 011„
2818 4450 2885 4502 12
2915 4450 3037 4502 dec.
3068 4450 3216 4511 1748,
3248 4449 3326 4501 ad
3354 4449 3404 4510 2

421 4538 580 4589 Ordo
616 4537 942 4588 servandus
984 4538 1041 4587 in
1081 4539 1139 4589 S.
1186 4538 1769 4597 congregationibus,
1807 4539 2248 4600 Tribunalibus,
2285 4538 2503 4592 Officiis
2547 4539 2848 4591 Romanae
2884 4539 3120 4600 Curiae,
3157 4540 3224 4591 29
3258 4542 3407 4599 sept.

421 4627 567 4686 1908,
603 4627 750 4678 Pars
783 4627 863 4684 11,
898 4626 1149 4678 Normae
1181 4628 1524 4688 oecullares.
1565 4640 1692 4687 cap.
1731 4628 1865 4686 vn,
1899 4630 2013 4681 art.
2051 4605 2166 4690 iil,
2198 4641 2258 4679 n.
2293 4628 2401 4679 210.

602 4723 622 4752 ¹
665 4717 721 4765 S.
755 4717 818 4766 C.
856 4716 913 4766 S.
949 4716 1064 4768 Off.
1102 4717 1528 4778 (southwark),
1560 4718 1627 4768 22
1649 4730 1779 4768 nov.
1813 4717 1959 4778 1865:
1987 4719 2101 4770 litt.
2127 4719 2346 4780 encycl.
2380 4713 2446 4770 2)
2470 4718 2618 4769 febr.
2647 4717 2795 4775 1888,
2821 4718 2900 4769 ad
2922 4720 2974 4779 4,
3000 4718 3050 4778 ὗς
3078 4717 3113 4769 0
3136 4717 3239 4769 iul.
3266 4716 3412 4779 180oe

423 4805 481 4854 8.
512 4804 576 4855 O.
606 4805 680 4856 de
708 4804 875 4864 Pron.
910 4805 1072 4865 Fide,
1113 4805 1229 4857 litt.
1271 4807 1372 4864 (ad
1400 4808 1522 4859 Vic.
1554 4809 1661 4867 Ap.
1697 4806 2050 4866 Maduren.),
2081 4808 2114 4858 9
2149 4811 2296 4868 sept.
2327 4807 2475 4867 1801;
2507 4809 2565 4860 S.
2604 4806 2853 4867 Poenit„
2884 4807 2919 4859 0
2957 4807 3105 4858 febr.
3137 4806 3285 4858 lm.

601 4897 625 4930 ⁵
664 4895 836 4943 Cone.
867 4895 1154 4950 Trident..
1192 4908 1334 4947 sess.
1366 4897 1564 4954 xxlv.
1600 4897 1671 4946 de
1700 4897 1812 4956 res.
1842 4895 2123 4954 maerim..
2157 4908 2207 4947 c.
2238 4897 2287 4956 ὃς
2314 4896 2584 4948 Clemens
2609 4897 2761 4956 XIV,
2790 4908 2881 4957 ep.
2911 4897 3130 4957 encycl.
3170 4910 3200 4946 α
3228 4894 3410 4945 Decet

422 4993 595 5040 quam
626 4984 881 5032 maxime
913 5000 961 5042 ιι,
994 4985 1056 5034 21
1090 4988 1236 5044 sept.
1279 4985 1425 5044 1709,
1463 4985 1489 5046 1
1522 4986 1689 5046 17-193
1722 4986 1779 5037 S.
1813 4985 1878 5036 C.
1915 4984 1973 5035 S.
2007 4985 2144 5045 011..
2179 4986 2246 5037 12
2278 4986 2395 5036 ian.
2440 4985 2587 5045 1709,
2621 4999 2676 5037 n.
2718 4986 2802 5045 11,
2834 4986 2884 5047 33
2928 4985 3219 5045 (Mission.
3258 4983 3408 5036 Novi

422 5072 680 5130 menei),
707 5072 771 5122 22
796 5073 916 5123 iun.
946 5074 1091 5128 1893:
1116 5073 1174 5125 S.
1210 5074 1273 5125 O.
1303 5074 1390 5132 C..
1420 5074 1762 5130 Kilmoren„
1788 5074 1820 5125 3
1846 5075 1949 5125 iul.
1979 5075 2125 5128 103⁴.
2161 5074 2238 5125 ad
2262 5076 2312 5135 ὗς
2341 5075 2661 5126 Ονωιατεη.
2693 5080 2755 5127 et
2781 5073 3162 5134 Minaeum..
3191 5074 3256 5127 28
3290 5075 3407 5126 ian.

422 5161 566 5218 1882:
599 5162 655 5212 S.
690 5162 754 5212 C.
782 5162 857 5213 de
885 5163 1053 5222 Pron.
1089 5163 1233 5214 Fide
1267 5163 1354 5220 (O.
1384 5162 1451 5215 G.
1484 5190 1551 5200 —
1576 5164 1917 5223 Naxivan.).
1945 5166 2007 5214 14
2034 5164 2150 5214 ian.
2178 5163 2325 5224 171ος
2349 5164 2416 5216 17
2446 5164 2596 5216 febr.
2629 5165 2776 5227 1772ς
2800 5165 2971 5217 instr.
3010 5162 3109 5222 (ad
3135 5163 3407 5222 Archiep.

427 5248 789 5309 Hiberniae),
826 5251 890 5301 25
924 5252 1043 5301 iun.
1076 5251 1227 5311 1701ς
1264 5253 1430 5303 instr.
1485 5252 1587 5310 (ad
1624 5252 1728 5312 Ep.
1767 5252 2136 5313 Quebecen.),
2175 5258 2204 5304 4
2241 5255 2345 5306 iul.
2384 5254 2531 5315 1793:
2573 5253 2728 5306 decr.
2765 5254 2831 5306 13
2867 5265 2994 5314 apr.
3035 5250 3183 5311 1807,
3219 5263 3278 5303 n.
3313 5250 3411 5312 1x;

431 5338 519 5392 (G.
558 5338 624 5389 G.
655 5366 721 5375 -
749 5339 1146 5400 Bai-dstown),
1180 5343 1209 5392 1
1240 5353 1366 5401 apr.
1395 5340 1542 5394 1810.
1579 5341 1657 5392 ad
1686 5343 1735 5403 1;
1770 5342 1858 5400 (G.
1892 5342 1959 5393 G.
1989 5370 2054 5378 —-
2084 5343 2452 5404 Hiberniae),
2489 5343 2555 5395 12
2581 5344 2728 5395 febr.
2763 5343 2909 5405 1821;
2937 5342 3108 5394 instr.
3148 5340 3250 5399 (ad
3281 5339 3405 5390 vic.

424 5428 530 5484 Ap.
567 5426 790 5478 Indiar.
824 5427 1099 5489 orient.),
1133 5430 1167 5482 8
1196 5431 1342 5489 sept.
1388 5429 1534 5491 1800,
1569 5441 1627 5481 n.
1661 5430 1743 5481 52.
