3753 5871
498 252 608 312 478
1633 253 1827 304 codes
1872 250 2035 303 Iuris
2074 249 2355 304 canonici

1771 492 1949 559 om.
1993 490 2190 559 1659.

677 633 711 716 ξ
759 634 824 699 1.
875 633 1326 701 Procurator
1377 652 1467 702 ne
1512 631 1723 718 prius
1768 651 1815 700 a
1862 633 2106 702 iudice
2150 633 2599 701 admittatur
2650 651 2868 717 quam
2919 631 3241 717 speciale
3289 649 3512 697 man-

500 740 759 809 datum
808 741 905 809 ad
965 741 1137 809 lites
1198 740 1584 825 scriptum,
1634 741 1862 810 etiam
1912 741 1994 808 in
2054 741 2257 810 calce
2304 741 2543 827 ipsius
2590 740 3001 823 citationis,
3054 739 3515 807 mandantis

499 848 1039 933 subscriptione
1067 848 1461 931 munitum,
1493 852 1568 917 et
1594 848 1862 933 locum,
1892 848 2111 932 diem,
2148 866 2466 917 mensem
2494 854 2569 917 et
2596 867 2872 916 annum
2902 848 3257 930 referens,
3286 846 3513 932 apud

498 953 829 1022 tribunal
879 954 1303 1037 deposuerit
1334 954 1400 1022 Ψ.
1498 995 1507 1004 -

677 1061 712 1145 ξ
757 1061 823 1128 2.
874 1062 1084 1141 Quod
1108 1063 1171 1130 si
1195 1063 1558 1130 mandans
1580 1062 1898 1130 scribere
1925 1063 2231 1146 nesciat,
2257 1063 2392 1130 boc
2415 1062 2659 1147 ipsum
2683 1082 2772 1131 ex
2796 1063 3173 1147 scriptura
3193 1063 3516 1130 constet

501 1187 790 1238 necesse
833 1174 968 1246 est,
1023 1176 1099 1239 et
1141 1170 1508 1254 parochus
1559 1170 1676 1238 vel
1720 1171 2059 1239 notarius
2101 1171 2373 1239 Curiae
2414 1170 2532 1238 vel
2573 1170 2722 1239 duo
2765 1173 3018 1252 testes,
3064 1170 3227 1238 loco
3283 1187 3509 1237 man·

500 1275 775 1359 dantis,
816 1277 1247 1344 mandatum
1289 1270 1744 1363 subsignent.

1764 1436 1941 1503 CAN.
1988 1435 2183 1503 1660.

674 1560 1110 1629 Mandatum
1146 1559 1692 1643 procurationis
1733 1561 2100 1628 asservari
2135 1560 2350 1629 debet
2382 1561 2462 1628 in
2505 1561 2695 1629 actis
2735 1578 3027 1628 causae.

1764 1737 1941 1804 om.
1987 1736 2184 1804 1661.

673 1853 1123 1938 Advocatus,
1176 1860 1263 1923 ut
1309 1871 1577 1921 causae
1625 1853 2123 1939 patrocinium
2172 1853 2558 1938 suscipiat,
2611 1853 2883 1921 habeat
2930 1871 3220 1921 necesse
3273 1857 3396 1920 est
3456 1871 3512 1920 a

499 1963 712 2045 parte
749 1962 864 2030 vel
896 1979 945 2028 a
980 1961 1224 2029 iudice
1260 1961 1843 2029 commissionem
1874 1962 1972 2029 ad
2010 1963 2253 2030 instar
2282 1961 2618 2030 mandati
2653 1961 3175 2046 procuratorii,
3210 1960 3307 2028 de
3339 1978 3510 2045 qua

497 2067 578 2135 in
619 2068 810 2135 actis
852 2071 1194 2135 constare
1235 2068 1450 2137 debet
1491 2067 1544 2134 ¹.

1761 2195 1938 2262 CAN.
1985 2194 2179 2262 1662.

671 2318 840 2395 Nisi
883 2319 1199 2405 speciale
1233 2319 1664 2386 mandatum
1699 2319 2068 2402 babuerit,
2113 2323 2553 2403 procurator
2589 2336 2738 2386 non
2773 2319 3020 2402 potest
3055 2314 3508 2384 renuntiare

495 2427 800 2507 actioni,
832 2426 1238 2494 instantiae
1266 2428 1381 2494 vel
1419 2427 1610 2495 actis
1638 2427 2139 2508 iudicialibus,
2181 2444 2314 2494 nec
2343 2425 2780 2510 transigere,
2817 2422 3120 2510 pacisci,
3154 2439 3500 2506 compro·

497 2535 793 2604 mittere
828 2535 907 2601 in
947 2534 1295 2617 arbitros,
1357 2534 1647 2604 deferre
1712 2537 1845 2604 'aut
1905 2536 2181 2604 referre
2249 2534 2792 2610 iusiurandum,
2832 2537 2911 2602 et
2946 2529 3357 2617 generatim
3404 2548 3504 2599 ea

497 2659 713 2727 agere
744 2660 884 2727 pro
924 2641 1190 2726 quibus
1232 2642 1350 2709 ius
1385 2642 1699 2727 requirit
1733 2643 2165 2712 mandatum
2211 2641 2526 2726 speciale
2576 2639 2630 2707 ⁸.

1769 2820 1947 2889 cm.
1999 2820 2195 2888 1663.

672 2939 859 3006 Tum
907 2947 1347 3025 procurator
1387 2948 1546 3013 tum
1584 2944 1990 3014 advocatus
2026 2948 2340 3029 possunt
2386 2963 2435 3011 a
2470 2944 2739 3026 iudice,
2790 2944 2968 3012 dato
3005 2942 3327 3026 decreto,
3375 2960 3494 3010 re-

495 3044 674 3129 pelli
710 3045 864 3117 sive
896 3068 984 3117 ex
1019 3049 1255 3119 officio
1289 3051 1441 3121 sive
1476 3051 1571 3120 ad
1616 3052 2056 3121 instantiam
2091 3053 2357 3137 partis,
2397 3052 2600 3120 iusta
2634 3056 2881 3121 tamen
2926 3050 3018 3118 de
3051 3066 3304 3118 causa.

1759 3228 1938 3295 om.
1987 3228 2181 3296 1664.

674 3346 708 3430 5
755 3348 822 3414 1.
870 3348 1233 3416 Advocati
1271 3353 1349 3416 et
1389 3353 1909 3434 procuratores
1947 3356 2260 3434 possunt
2308 3350 2401 3418 ab
2443 3370 2529 3419 eo
2569 3369 2615 3418 a
2657 3369 2802 3436 quo
2838 3349 3232 3418 constituti
3272 3353 3492 3432 sunt,

496 3454 878 3539 removeri,
940 3456 1148 3522 salva
1194 3456 1643 3542 obligatione
1702 3457 2033 3526 solvendi
2082 3457 2479 3526 honoraria
2527 3459 2712 3543 ipsis
2758 3458 3029 3542 debita3
3088 3475 3343 3525 verum
3395 3461 3497 3524 ut

496 3563 806 3630 remotio
841 3561 1183 3630 effectum
1220 3564 1607 3648 sortiatur,
1649 3583 1940 3633 necesse
1977 3570 2092 3634 est
2138 3570 2227 3635 ut
2260 3566 2445 3651 ipsis
2484 3566 2898 3649 intimetur,
2937 3570 3039 3647 et,
3081 3565 3148 3632 si
3193 3564 3292 3631 lis
3328 3564 3491 3631 iam

486 3674 909 3739 contestata
929 3671 1187 3753 fuerit,
1216 3672 1433 3741 iudex
1460 3677 1535 3742 et
1560 3672 1872 3742 adversa
1896 3692 2073 3758 pars
2095 3676 2449 3744 certIores
2471 3675 2659 3742 facti
2685 3674 2841 3743 sint
2867 3674 2960 3743 de
2985 3671 3389 3740 remotione
3415 3669 3482 3739 ⁴.

671 3773 706 3857 ἓ
752 3774 820 3841 2.
869 3774 1061 3844 Lata
1086 3776 1468 3847 definitiva
1505 3780 1900 3863 sententia,
1934 3780 2054 3848 ius
2080 3784 2158 3850 et
2189 3779 2502 3849 officium
2532 3778 2985 3865 appellandi,
3022 3778 3089 3846 si
3117 3776 3495 3845 mandans

494 3901 641 3951 non
681 3886 973 3966 renuat,
1022 3885 1489 3967 procuratori
1525 3889 1776 3955 manet
1818 3889 1872 3957 ⁸.

676 4147 697 4182 1
734 4147 799 4200 G.
834 4147 919 4209 28,
955 4147 1021 4210 Χ,
1056 4149 1128 4199 de
1160 4146 1483 4209 rescriptis,
1522 4149 1572 4212 1,
1603 4150 1654 4212 8;
1682 4162 1734 4203 c.
1764 4151 1849 4211 18,
1882 4150 1947 4212 Χ,
1992 4152 2063 4202 «ie
2104 4149 2567 4209 renunciatione,
2599 4149 2651 4210 1,
2693 4150 2744 4211 93
2774 4159 2826 4201 c.
2861 4151 2913 4211 1,
2942 4149 2994 4211 9,
3024 4148 3109 4209 12.
3139 4148 3207 4209 Χ,
3244 4147 3317 4199 de
3348 4157 3485 4206 ρω-

494 4236 886 4296 curatoribus,
920 4238 971 4298 1,
999 4237 1083 4300 38:
1108 4250 1157 4291 c.
1189 4240 1241 4300 1,
1271 4239 1356 4301 88,
1389 4240 1460 4290 ae
1488 4239 1769 4291 electione
1800 4245 1860 4292 et
1891 4240 2064 4291 eiecti
2092 4242 2404 4301 potestate,
2444 4239 2495 4302 Ι,
2525 4238 2577 4301 6,
2608 4239 2673 4291 in
2709 4238 2837 4302 V103
2872 4248 2923 4290 c.
2955 4239 3007 4299 4,
3040 4238 3113 4290 ae
3141 4237 3485 4297 meus-ato·

493 4327 679 4387 ribus,
716 4327 765 4389 1,
795 4329 881 4389 19,
914 4328 977 4379 in
1006 4329 1134 4390 V103
1161 4341 1211 4381 c.
1243 4331 1295 4390 1,
1328 4331 1401 4381 ae
1438 4329 1952 4390 appellationibus,
1994 4330 2077 4391 11,
2108 4331 2194 4392 15,
2237 4331 2300 4381 in
2328 4329 2458 4392 V103
2487 4330 2750 4392 Regulae
2781 4322 3107 4382 servandae
3138 4327 3203 4379 in
3235 4325 3484 4379 indicus

493 4418 653 4479 apud
684 4417 742 4471 S.
774 4419 844 4470 R.
881 4418 1069 4471 Rotae
1097 4419 1403 4480 Tribunal,
1433 4420 1466 4470 4
1495 4431 1630 4481 aug.
1662 4421 1811 4480 1910,
1847 4420 1873 4481 1
1913 4422 1962 4482 4;
1990 4421 2252 4483 Regulae
2289 4420 2615 4472 servandae
2654 4420 2717 4471 in
2747 4417 2987 4471 indiciis
3014 4416 3174 4479 apud
3207 4415 3477 4478 Suprem.

495 4509 851 4571 signatrix-ae
884 4510 990 4569 Ap.
1030 4509 1335 4569 Tribunal,
1371 4509 1404 4561 6
1434 4512 1611 4562 mart.
1646 4509 1793 4572 1912,
1838 4512 1954 4562 art.
1999 4509 2084 4572 12,
2117 4521 2169 4561 c.

665 4605 690 4639 2
735 4600 856 4651 Lex
890 4600 1125 4660 propria
1160 4599 1218 4652 S.
1252 4600 1323 4651 R.
1357 4600 1545 4653 Rotae
1571 4603 1635 4653 et
1675 4601 2030 4662 signaturae
2061 4602 2197 4661 Ap..
2229 4599 2295 4652 29
2331 4600 2455 4652 iun.
2488 4598 2637 4659 1908,
2669 4609 2798 4649 can.
2831 4597 2915 4658 18,
2952 4597 2978 4658 1
3010 4596 3063 4649 3.

666 4695 691 4731 ³
731 4690 796 4742 Ο.
833 4690 884 4750 7,
918 4690 984 4751 Χ,
1023 4691 1093 4742 de
1128 4690 1191 4739 in
1222 4689 1511 4750 {uteorum
1549 4690 1946 4749 restitutione,
1984 4692 2034 4754 1,
2070 4692 2151 4753 41;
2191 4702 2241 4742 c.
2277 4691 2328 4750 9,
2360 4690 2425 4750 Χ,
2473 4691 2544 4740 ae
2588 4686 2851 4746 arbitris,
2887 4686 2939 4749 1,
2973 4686 3056 4749 433
3088 4697 3139 4738 c.
3177 4685 3261 4746 69,
3290 4684 3359 4741 Χ.
3399 4685 3476 4735 ae

493 4779 1008 4841 appellationibus,
1052 4779 1521 4831 recusationibus
1563 4784 1621 4832 et
1659 4780 2068 4839 relationibus,
2109 4781 2192 4845 11,
2231 4780 2314 4841 283
2359 4791 2409 4832 c.
2460 4780 2511 4839 4,
2541 4778 2594 4840 5,
2635 4781 2706 4831 de
2755 4774 3255 4838 procuratoribus,
3294 4774 3346 4835 1,
3386 4775 3474 4832 19,

492 4871 555 4922 in
587 4871 711 4932 V103
740 4870 881 4933 Reg.
915 4871 1001 4934 81,
1035 4872 1089 4922 R
1138 4871 1219 4931 J„
1254 4871 1317 4922 in
1349 4871 1474 4933 V103
1505 4870 1765 4932 Regulae
1805 4871 2132 4923 servandae
2164 4870 2227 4922 in
2268 4868 2506 4922 indiciis
2545 4866 2705 4929 apud
2740 4866 2798 4920 S.
2832 4867 2905 4918 B.
2940 4866 3132 4918 Rotae
3164 4863 3475 4922 Tribunal.

488 4963 523 5013 4
554 4973 687 5022 aug.
721 4961 867 5022 1910,
903 4962 929 5023 1
958 4963 1074 5023 149,
1104 4974 1162 5013 n.
1202 4962 1252 5014 3.
1271 4959 1501 5014 -Vsde
1538 4961 1719 5014 etiam
1748 4972 1879 5013 can.
1920 4961 2070 5022 1740,
2102 4960 2131 5022 ff
2162 4960 2211 5011 2.

663 5058 692 5093 ⁴
733 5051 797 5105 C.
829 5053 912 5113 83,
944 5053 1011 5114 Χ,
1045 5053 1117 5103 de
1143 5050 1470 5113 rescriptis,
1500 5051 1552 5113 1,
1581 5051 1632 5113 33
1660 5063 1709 5103 c.
1741 5052 1793 5112 8,
1824 5052 1875 5111 4,
1907 5051 1958 5113 6,
1989 5051 2041 5112 8,
2072 5050 2155 5111 13,
2187 5051 2253 5110 Χ,
2288 5051 2359 5101 de
2389 5046 2888 5109 procuratoribus,
2920 5046 2971 5106 1,
3009 5045 3093 5109 383
3119 5057 3171 5098 c.
3210 5046 3263 5106 1,
3300 5045 3369 5103 Χ,
3400 5042 3479 5093 ae

489 5142 711 5203 reculis
740 5142 910 5201 iuris,
942 5143 1009 5194 V.
1045 5144 1126 5205 ss;
1157 5154 1206 5194 c.
1240 5142 1290 5203 2,
1321 5141 1372 5202 8,
1405 5142 1477 5193 de
1516 5140 2015 5202 procuratoribus,
2057 5140 2107 5201 1,
2136 5141 2221 5201 19,
2254 5140 2317 5191 in
2355 5139 2483 5202 V103
2515 5137 2574 5191 8.
2607 5137 2673 5190 Ο.
2706 5138 2814 5199 Ep.
2847 5140 2910 5190 et
2941 5136 3107 5202 Bag..
3140 5135 3474 5195 Ammine,

487 5235 556 5289 18
581 5236 728 5294 sept.
761 5233 908 5295 1861;
933 5234 1054 5285 Lex
1079 5233 1316 5294 propria
1350 5231 1409 5285 S.
1439 5231 1509 5282 R.
1542 5232 1730 5284 Rotae
1756 5234 1819 5300 et
1847 5230 2202 5293 signaturae
2236 5231 2367 5292 Ap..
2395 5228 2462 5281 29
2496 5230 2617 5280 iun.
2649 5227 2799 5289 1908,
2837 5226 3165 5289 Appendix,
3194 5237 3323 5286 cap.
3358 5222 3477 5282 1113

486 5326 752 5388 segulae
773 5323 1100 5377 servandae
1122 5324 1185 5375 in
1208 5323 1446 5376 iudiciis
1469 5321 1629 5384 apud
1653 5321 1917 5401 Suprem.
1953 5321 2309 5385 signatur-ae
2338 5321 2445 5382 Ap.
2470 5319 2776 5381 Tribunal,
2807 5317 2842 5371 6
2863 5321 3039 5371 mart.
3066 5315 3216 5378 1912,
3242 5315 3359 5366 art.
3384 5312 3468 5365 00.

662 5418 691 5455 ⁸
727 5414 794 5466 Ο.
827 5416 912 5475 11,
943 5414 1027 5475 14,
1058 5413 1125 5474 Χ,
1159 5414 1230 5464 de
1259 5410 1759 5473 procuratoribus,
1792 5411 1843 5475 1,
1874 5412 1959 5464 88.
