3753 5871
477 312 581 372 186
1608 314 1806 366 Gom
1848 313 1883 365 Ι
1884 314 2013 367 urie
2051 314 2333 368 cameos

1779 537 1957 606 Om.
2007 537 2159 606 642.

655 676 689 758 ξ
737 678 803 743 1.
852 676 1183 757 Quilibet
1217 678 1621 761 professus,
1656 679 1751 745 ad
1790 679 2164 746 saeculum
2208 696 2608 763 regressus,
2646 679 2820 747 licet
2852 678 3125 761 valeat,
3160 679 3255 746 ad
3301 696 3465 746 nor·

478 808 672 857 mam
723 807 888 857 can.
935 792 1089 874 641,
1134 808 1384 858 sacros
1426 791 1722 858 ordines
1772 809 2134 875 exercere,
2179 791 2613 875 prohibetur
2654 795 2903 859 tamen
2957 792 3117 858 sine
3159 809 3347 859 novo
3390 795 3468 858 et

476 901 783 986 speciali
821 902 1139 971 Sanctae
1182 903 1394 971 Sedis
1430 903 1770 971 indulto:

740 1019 838 1084 1.⁰
881 1017 1226 1098 Quolibet
1279 1018 1630 1087 beneficio
1678 1019 1759 1086 in
1812 1019 2141 1087 basilicis
2183 1019 2586 1087 maioribus
2628 1020 2744 1087 vel
2786 1019 3220 1101 minoribus,
3266 1023 3341 1087 et
3385 1019 3470 1085 in

475 1132 807 1199 ecclesiis
843 1131 1417 1210 cathedralibus;

737 1247 835 1312 2.⁰
879 1245 1227 1326 Quolibet
1256 1248 1685 1333 magisterio
1715 1252 1790 1316 et
1830 1248 2065 1317 officio
2105 1249 2184 1316 in
2229 1248 2666 1317 Seminariis
2695 1248 3101 1316 maioribus
3132 1253 3209 1316 et
3240 1248 3468 1316 mino·

482 1360 688 1427 ribus
711 1377 838 1427 seu
858 1360 1214 1446 collegiis,
1242 1360 1322 1427 in
1347 1361 1615 1445 quibus
1632 1360 1890 1429 clerici
1911 1360 2347 1444 educantur,
2381 1361 2701 1446 itemque
2725 1362 2806 1427 in
2836 1360 3471 1431 Universitatibus

478 1476 555 1540 et
602 1472 1011 1556 Institutis,
1063 1491 1250 1558 quae
1284 1473 1673 1559 privilegio
1710 1474 2119 1558 apostolico
2153 1473 2479 1560 gaudent
2514 1474 2942 1542 conferendi
2988 1474 3265 1559 gradus
3305 1491 3466 1541 aca-

480 1584 822 1669 demicos3

742 1701 840 1768 3.⁰
883 1701 1335 1786 Quocunque
1365 1702 1599 1770 officio
1627 1703 1744 1770 vel
1775 1721 2078 1772 munere
2108 1704 2188 1771 in
2221 1703 2473 1771 Curiis
2505 1702 3046 1788 episcopalibus
3085 1708 3161 1772 et
3190 1703 3272 1769 in
3306 1703 3471 1769 reli·

478 1813 710 1898 giosis
737 1814 1077 1881 domibus
1106 1814 1259 1882 sive
1289 1813 1619 1882 virorum
1651 1815 1804 1883 sive
1836 1816 2256 1897 mulierum,
2297 1816 2590 1884 etiamsi
2622 1821 2894 1901 agatur
2926 1815 3020 1884 de
3058 1815 3468 1901 Congrega—

479 1926 812 1995 tionibus
850 1926 1304 1994 dioecesanis
1346 1926 1395 1994 ¹.

664 2041 698 2123 ξ
743 2042 811 2107 2.
864 2042 1067 2110 Haec
1098 2043 1352 2111 valent
1381 2061 1666 2128 quoque
1700 2043 1792 2111 de
1822 2044 1919 2110 iis
1950 2044 2077 2129 qui
2106 2049 2282 2113 vota
2311 2045 2787 2129 temporaria,
2819 2045 2936 2112 vel
2973 2045 3473 2112 iuramentum

483 2155 1098 2239 perseverantiae,
1129 2156 1245 2224 vel
1274 2156 1684 2240 peculiares
1716 2157 2070 2241 quasdam
2101 2157 2625 2241 promissiones
2660 2157 2757 2225 ad
2796 2174 3129 2224 normam
3169 2174 3474 2223 suarum

476 2269 1097 2338 constitutionum
1133 2269 1525 2338 ediderunt
1559 2275 1634 2338 et
1665 2271 1759 2338 ab
1800 2270 2073 2338 eisdem
2113 2270 2527 2355 dispensati
2567 2269 2901 2354 fuerunt,
2938 2271 3005 2337 si
3037 2287 3170 2355 per
3204 2288 3330 2337 sex
3363 2270 3473 2336 in·

482 2379 731 2462 tegros
773 2398 1008 2447 annos
1043 2380 1316 2449 eisdem
1354 2381 1571 2467 ligati
1606 2382 1894 2450 fuerint
1933 2381 2001 2468 ³„
2563 2364 2566 2365 ⁷

1786 2600 1964 2666 CAN.
2009 2599 2161 2666 643.

659 2739 694 2821 ξ
741 2740 808 2805 1.
857 2738 1004 2819 Qui
1047 2758 1088 2807 e
1135 2739 1512 2822 religione,
1560 2740 1856 2824 expleto
1896 2744 2238 2808 votorum
2293 2740 2910 2825 temporariorum
2957 2744 3286 2825 tempore
3341 2746 3481 2809 aut

484 2854 787 2921 obtento
830 2851 1514 2920 saecularizationis
1557 2852 1878 2935 indulto,
1932 2852 2413 2938 egrediantur
2449 2853 2567 2920 vel
2616 2872 2706 2921 ex
2747 2852 3000 2921 eadem
3041 2853 3328 2921 fuerint
3368 2852 3478 2921 di·

491 2964 723 3047 missi,
763 2963 952 3030 nihil
987 2969 1297 3048 possunt
1328 2968 1658 3048 repetere
1692 2964 1783 3031 ob
1815 2963 2221 3048 quamlibet
2255 2982 2551 3049 operam
2592 2964 2934 3049 religioni
2970 2961 3480 3049 praestitam&

662 3081 696 3163 ξ
742 3080 810 3147 2.
862 3081 945 3149 Si
980 3085 1227 3149 tamen
1259 3080 1606 3163 religiosa
1633 3081 1793 3148 sine
1825 3081 2001 3150 dote
2037 3086 2332 3166 recepta
2357 3082 2593 3150 fuerit
2632 3099 2764 3149 nec
2794 3100 2882 3150 ex
2913 3081 3238 3166 propriis
3264 3080 3484 3149 bouis

486 3191 781 3260 sibimet
825 3192 1211 3277 providere
1253 3194 1525 3274 valeat,
1576 3194 1836 3278 religio
1879 3212 1970 3262 ex
2014 3194 2333 3262 caritate
2376 3194 2609 3262 eidem
2654 3193 2834 3262 dare
2882 3193 3101 3263 debet
3154 3211 3242 3261 ea
3291 3211 3484 3278 quae

488 3304 974 3389 requiruntur
1009 3310 1093 3373 ut
1128 3306 1346 3374 modo
1373 3310 1541 3374 tuto
1568 3324 1655 3374 ac
1689 3306 2156 3374 convenienti
2184 3307 2481 3374 domum
2521 3306 2798 3389 redeat,
2834 3325 2921 3373 ac
2950 3305 3335 3391 providere
3363 3310 3480 3388 ut,

489 3418 821 3486 naturali
863 3418 1240 3503 aequitate
1280 3424 1599 3498 servata,
1646 3437 1777 3502 per
1817 3419 2120 3504 aliquod
2162 3422 2479 3503 tempus,
2523 3422 2783 3486 mutuo
2822 3436 3182 3486 consensu
3229 3418 3343 3486 vel
3397 3417 3481 3484 in

481 3546 665 3596 casu
699 3529 1079 3598 dissensus
1120 3531 1214 3598 ab
1249 3530 1652 3600 Ordinario
1686 3532 1830 3599 loci
1871 3530 2540 3615 determinandum,
2588 3531 2890 3600 honeste
2933 3531 3175 3599 vivere
3213 3530 3479 3614 possit.

1775 3742 1954 3810 om.
1995 3743 2149 3810 644.

666 3887 701 3970 ξ
748 3888 815 3953 1.
863 3889 1236 3972 Aposta-ta
1291 3905 1339 3954 a
1387 3885 1742 3971 religione
1787 3886 2069 3955 dicitur
2128 3887 2508 3972 protessus
2557 3905 2604 3954 a
2650 3886 2847 3955 votis
2897 3886 3278 3971 perpetuis
3326 3886 3486 3955 sive

491 3998 969 4067 sollemnibus
1020 4000 1172 4068 sive
1230 3999 1691 4084 simplicibus
1751 4000 1878 4084 qui
1925 4019 1967 4068 e
2010 4000 2229 4067 domo
2278 3999 2626 4084 religiosa
2669 3999 3056 4085 illegitime
3101 3998 3488 4084 egreditur

487 4131 657 4179 cum
701 4114 950 4180 animo
992 4132 1137 4179 non
1184 4112 1563 4193 redeundi,
1619 4112 1736 4180 vel
1778 4113 1930 4197 qui,
1977 4113 2119 4180 etsi
2172 4113 2504 4208 legitime·
2542 4130 2904 4198 egressus,
2963 4130 3111 4179 non
3159 4112 3353 4180 redit
3396 4131 3489 4179 eo

488 4225 742 4293 animo
776 4230 860 4294 ut
894 4225 1280 4309 religiosae
1312 4225 1771 4293 obedientiae
1811 4243 1969 4293 sese
2001 4225 2419 4294 subtrahat.

673 4340 708 4423 ξ
753 4340 820 4406 2.
873 4341 1296 4409 Malitiosus
1320 4342 1639 4423 animus,
1674 4341 1767 4410 de
1796 4342 2046 4426 quoin
2081 4341 2115 4425 ξ
2145 4344 2212 4425 1,
2250 4341 2414 4410 iure
2439 4340 2967 4425 praesumitur,
2998 4340 3066 4408 si
3094 4340 3491 4426 religiosus

492 4456 699 4524 intra
736 4473 1055 4523 mensem
1102 4474 1233 4523 nec
1287 4474 1622 4524 reversus
1671 4455 1906 4523 tuerit
1947 4473 2079 4523 nec
2126 4455 2508 4540 Superiori
2551 4456 2879 4522 animum
2925 4453 3281 4522 redeundi
3332 4471 3484 4521 ma·

494 4568 955 4638 nifestaverit
994 4568 1047 4635 ⁴.

672 4684 705 4766 §
751 4683 818 4752 3.
868 4684 1264 4771 Fugitivus
1297 4690 1410 4753 est
1445 4686 1596 4770 qui,
1635 4685 2311 4771 sine-Superiorum
2355 4685 2684 4769 licentia,
2729 4684 3027 4752 domum
3069 4682 3494 4768 religiosa-m

483 4798 767 4867 deserit
794 4816 962 4866 cum
1002 4799 1251 4867 animo
1280 4801 1376 4867 ad
1418 4799 1844 4885 religionem
1883 4799 2237 4868 redeundi
2283 4798 2336 4866 ⁸.

684 5091 704 5126 ¹
745 5089 803 5142 8.
832 5090 897 5142 G.
929 5090 1035 5149 Dp.
1070 5093 1133 5142 et
1158 5089 1323 5152 neg„
1351 5089 1416 5142 31
1445 5090 1562 5140 lan.
1592 5089 1740 5150 1899,
1772 5088 1850 5141 ad
1874 5088 1924 5151 2;
1951 5088 2010 5141 8.
2046 5088 2112 5141 O.
2145 5087 2220 5139 de
2253 5087 2588 5149 Religionis,
2617 5085 2773 5139 decr.
2811 5085 2877 5138 15
2903 5086 3026 5136 iun.
3056 5085 3205 5144 1⁹⁰0.
3236 5096 3296 5136 n.
3326 5085 3490 5136 1⁶40.

674 5190 701 5226 2
742 5184 800 5236 S.
836 5183 901 5236 Ο.
934 5183 1009 5236 de
1040 5183 1372 5244 Religiosls,
1406 5182 1623 5235 declar.
1664 5182 1699 5235 5
1728 5194 1854 5244 apr.
1896 5182 2042 5234 1910.

672 5282 698 5318 ³
740 5277 797 5329 S.
839 5277 905 5330 Ο.
941 5277 1045 5337 Bp.
1076 5279 1140 5330 et
1168 5276 1331 5338 Res„
1366 5275 1587 5335 Aquen.
1619 5279 1680 5328 ot
1713 5274 2050 5332 melonem,
2081 5276 2145 5326 11
2184 5275 2359 5326 mart.
2392 5271 2540 5325 1898.

672 5376 702 5411 ⁴
741 5370 915 5423 Oonc.
951 5369 1239 5430 Trident„
1276 5380 1420 5421 sess.
1455 5368 1623 5429 xxv,
1661 5369 1733 5421 ao
1772 5366 2166 5427 tentatoribus.
2200 5377 2251 5418 c.
2294 5366 2378 5419 19.

670 5469 697 5505 ⁸
737 5463 911 5516 conc.
944 5462 1231 5524 Trideut„
1265 5474 1393 5515 ωσι
1440 5461 1609 5522 XXV,
1641 5462 1714 5512 do
1743 5459 2137 5521 remulco-ibus,
2176 5471 2228 5512 c.
2262 5461 2313 5511 4.
