<?xml version="1.0" encoding="UTF-8"?>
<!DOCTYPE html PUBLIC "-//W3C//DTD XHTML 1.0 Transitional//EN"
    "http://www.w3.org/TR/xhtml1/DTD/xhtml1-transitional.dtd">
<html xmlns="http://www.w3.org/1999/xhtml" xml:lang="en" lang="en">
 <head>
  <title>
</title>
<meta http-equiv="Content-Type" content="text/html;charset=utf-8" />
  <meta name='ocr-system' content='tesseract 3.04.00' />
  <meta name='ocr-capabilities' content='ocr_page ocr_carea ocr_par ocr_line ocrx_word'/>
</head>
<body>
  <div class='ocr_page' id='page_1' title='image "./codexiuriscanon00xgoog_0757.png"; bbox 0 0 3753 5871; ppageno 0'>
   <div class='ocr_carea' id='block_1_1' title="bbox 569 318 2431 379">
    <p class='ocr_par' dir='ltr' id='par_1_1' title="bbox 569 318 2431 379">
     <span class='ocr_line' id='line_1_1' title="bbox 569 318 2431 379; baseline -0.005 -3"><span class='ocrx_word' id='word_1_1' title='bbox 569 318 678 379; x_wconf 78' lang='lat'><strong>706</strong></span> <span class='ocrx_word' id='word_1_2' title='bbox 1708 319 1905 371; x_wconf 72' lang='grc' dir='ltr'><strong>Οοάοο</strong></span> <span class='ocrx_word' id='word_1_3' title='bbox 1942 318 2104 370; x_wconf 70' lang='lat' dir='ltr'><strong>luris</strong></span> <span class='ocrx_word' id='word_1_4' title='bbox 2153 319 2431 371; x_wconf 65' lang='lat' dir='ltr'><strong>oemio(</strong></span> 
     </span>
    </p>
   </div>
   <div class='ocr_carea' id='block_1_2' title="bbox 529 502 3558 5437">
    <p class='ocr_par' dir='ltr' id='par_1_2' title="bbox 567 502 3558 1338">
     <span class='ocr_line' id='line_1_2' title="bbox 572 502 3552 584; baseline 0 -17"><span class='ocrx_word' id='word_1_5' title='bbox 572 505 1042 584; x_wconf 87' lang='lat' dir='ltr'><strong>permittentis</strong></span> <span class='ocrx_word' id='word_1_6' title='bbox 1087 503 1622 584; x_wconf 69' lang='lat' dir='ltr'><strong>appellationem</strong></span> <span class='ocrx_word' id='word_1_7' title='bbox 1668 502 1745 565; x_wconf 92' lang='lat' dir='ltr'><strong>in</strong></span> <span class='ocrx_word' id='word_1_8' title='bbox 1794 504 2185 568; x_wconf 86' lang='lat' dir='ltr'><strong>devolutivo</strong></span> <span class='ocrx_word' id='word_1_9' title='bbox 2233 520 2281 566; x_wconf 87' lang='lat' dir='ltr'><strong>a</strong></span> <span class='ocrx_word' id='word_1_10' title='bbox 2338 503 2525 566; x_wconf 83' lang='lat' dir='ltr'><strong>mala</strong></span> <span class='ocrx_word' id='word_1_11' title='bbox 2573 504 2912 568; x_wconf 79' lang='lat' dir='ltr'><strong>relatione</strong></span> <span class='ocrx_word' id='word_1_12' title='bbox 2959 504 3552 582; x_wconf 56' lang='lat' dir='ltr'><strong>ExaminatoruQ</strong></span> 
     </span>
     <span class='ocr_line' id='line_1_3' title="bbox 569 611 3557 692; baseline -0.001 -17"><span class='ocrx_word' id='word_1_13' title='bbox 569 612 1132 692; x_wconf 84' lang='lat' dir='ltr'><strong>quemadmodum</strong></span> <span class='ocrx_word' id='word_1_14' title='bbox 1161 613 1450 676; x_wconf 88' lang='lat' dir='ltr'><strong>innuere</strong></span> <span class='ocrx_word' id='word_1_15' title='bbox 1484 612 1808 676; x_wconf 87' lang='lat' dir='ltr'><strong>videntur</strong></span> <span class='ocrx_word' id='word_1_16' title='bbox 1837 613 2043 676; x_wconf 86' lang='lat' dir='ltr'><strong>verba</strong></span> <span class='ocrx_word' id='word_1_17' title='bbox 2074 611 2241 675; x_wconf 86' lang='lat' dir='ltr'><strong>illa:</strong></span> <span class='ocrx_word' id='word_1_18' title='bbox 2278 612 2344 674; x_wconf 87' lang='lat' dir='ltr'><strong><em>N</em></strong></span> <span class='ocrx_word' id='word_1_19' title='bbox 2346 627 2420 674; x_wconf 85' lang='lat' dir='ltr'><strong>eo</strong></span> <span class='ocrx_word' id='word_1_20' title='bbox 2448 611 2959 692; x_wconf 73' lang='lat' dir='ltr'><strong>praedictorum</strong></span> <span class='ocrx_word' id='word_1_21' title='bbox 2988 611 3557 674; x_wconf 51' lang='lat' dir='ltr'><strong>Embaton-</strong></span> 
     </span>
     <span class='ocr_line' id='line_1_4' title="bbox 567 720 3558 800; baseline -0 -17"><span class='ocrx_word' id='word_1_22' title='bbox 567 721 1000 797; x_wconf 76' lang='lat' dir='ltr'><strong>relationem,</strong></span> <span class='ocrx_word' id='word_1_23' title='bbox 1030 722 1394 800; x_wconf 74' lang='lat' dir='ltr'><strong>quomimas</strong></span> <span class='ocrx_word' id='word_1_24' title='bbox 1421 722 1887 783; x_wconf 69' lang='lat' dir='ltr'><strong>evocationem</strong></span> <span class='ocrx_word' id='word_1_25' title='bbox 1915 721 2192 797; x_wconf 75' lang='lat' dir='ltr'><strong>habeat,</strong></span> <span class='ocrx_word' id='word_1_26' title='bbox 2227 722 2374 782; x_wconf 75' lang='lat' dir='ltr'><strong>ulla</strong></span> <span class='ocrx_word' id='word_1_27' title='bbox 2403 720 2776 797; x_wconf 66' lang='lat' dir='ltr'><strong>devotatio,</strong></span> <span class='ocrx_word' id='word_1_28' title='bbox 2813 724 2883 782; x_wconf 80' lang='lat' dir='ltr'><strong>et</strong></span> <span class='ocrx_word' id='word_1_29' title='bbox 2909 721 3329 799; x_wconf 73' lang='lat' dir='ltr'><strong>appellatio,</strong></span> <span class='ocrx_word' id='word_1_30' title='bbox 3359 723 3558 782; x_wconf 65' lang='lat' dir='ltr'><strong>atina</strong></span> 
     </span>
     <span class='ocr_line' id='line_1_5' title="bbox 568 828 3557 908; baseline -0 -16"><span class='ocrx_word' id='word_1_31' title='bbox 568 831 660 892; x_wconf 79' lang='lat' dir='ltr'><strong>ad</strong></span> <span class='ocrx_word' id='word_1_32' title='bbox 704 829 947 892; x_wconf 78' lang='lat' dir='ltr'><strong>Sedem</strong></span> <span class='ocrx_word' id='word_1_33' title='bbox 989 830 1487 908; x_wconf 77' lang='lat' dir='ltr'><strong>Apostolioam,</strong></span> <span class='ocrx_word' id='word_1_34' title='bbox 1533 829 1675 891; x_wconf 76' lang='lat' dir='ltr'><strong>sive</strong></span> <span class='ocrx_word' id='word_1_35' title='bbox 1720 829 2022 892; x_wconf 70' lang='lat' dir='ltr'><strong>eiusdem</strong></span> <span class='ocrx_word' id='word_1_36' title='bbox 2067 828 2268 892; x_wconf 68' lang='lat' dir='ltr'><strong>sodis</strong></span> <span class='ocrx_word' id='word_1_37' title='bbox 2321 828 2642 908; x_wconf 64' lang='lat' dir='ltr'><strong>Legatos,</strong></span> <span class='ocrx_word' id='word_1_38' title='bbox 2687 833 2814 891; x_wconf 72' lang='lat' dir='ltr'><strong>aut</strong></span> <span class='ocrx_word' id='word_1_39' title='bbox 2874 828 3396 908; x_wconf 59' lang='lat' dir='ltr'><strong>Vico-Lemma,</strong></span> <span class='ocrx_word' id='word_1_40' title='bbox 3442 835 3557 891; x_wconf 69' lang='grc' dir='ltr'><strong>ωε</strong></span> 
     </span>
     <span class='ocr_line' id='line_1_6' title="bbox 569 936 3539 1015; baseline 0 -18"><span class='ocrx_word' id='word_1_41' title='bbox 569 937 894 1013; x_wconf 76' lang='lat' dir='ltr'><strong>Nuntios,</strong></span> <span class='ocrx_word' id='word_1_42' title='bbox 934 953 1055 999; x_wconf 73' lang='lat' dir='ltr'><strong>seu</strong></span> <span class='ocrx_word' id='word_1_43' title='bbox 1095 937 1500 1015; x_wconf 72' lang='lat' dir='ltr'><strong>Episcopos,</strong></span> <span class='ocrx_word' id='word_1_44' title='bbox 1531 940 1657 998; x_wconf 80' lang='lat' dir='ltr'><strong>aut</strong></span> <span class='ocrx_word' id='word_1_45' title='bbox 1689 936 2291 1014; x_wconf 72' lang='lat' dir='ltr'><strong>Metropolitanos,</strong></span> <span class='ocrx_word' id='word_1_46' title='bbox 2322 936 2693 1014; x_wconf 74' lang='lat' dir='ltr'><strong>Primates,</strong></span> <span class='ocrx_word' id='word_1_47' title='bbox 2722 937 2831 997; x_wconf 82' lang='lat' dir='ltr'><strong>vel</strong></span> <span class='ocrx_word' id='word_1_48' title='bbox 2863 936 3325 998; x_wconf 69' lang='lat' dir='ltr'><strong>Patn’archae</strong></span> <span class='ocrx_word' id='word_1_49' title='bbox 3356 938 3539 998; x_wconf 72' lang='lat' dir='ltr'><strong>inter</strong></span> 
     </span>
     <span class='ocr_line' id='line_1_7' title="bbox 568 1040 3558 1123; baseline 0.001 -20"><span class='ocrx_word' id='word_1_50' title='bbox 568 1043 799 1122; x_wconf 74' lang='lat' dir='ltr'><strong>posita</strong></span> <span class='ocrx_word' id='word_1_51' title='bbox 842 1044 1203 1120; x_wconf 76' lang='lat' dir='ltr'><strong>impediat,</strong></span> <span class='ocrx_word' id='word_1_52' title='bbox 1248 1047 1374 1105; x_wconf 78' lang='lat' dir='ltr'><strong>aut</strong></span> <span class='ocrx_word' id='word_1_53' title='bbox 1419 1040 1819 1121; x_wconf 75' lang='lat' dir='ltr'><strong>suspendat.</strong></span> <span class='ocrx_word' id='word_1_54' title='bbox 1882 1042 2011 1107; x_wconf 88' lang='lat' dir='ltr'><strong>Cui</strong></span> <span class='ocrx_word' id='word_1_55' title='bbox 2059 1044 2403 1107; x_wconf 87' lang='lat' dir='ltr'><strong>sanctioni</strong></span> <span class='ocrx_word' id='word_1_56' title='bbox 2460 1043 2829 1123; x_wconf 73' lang='lat' dir='ltr'><strong>respondet</strong></span> <span class='ocrx_word' id='word_1_57' title='bbox 2870 1045 3080 1108; x_wconf 85' lang='lat' dir='ltr'><strong>etiam</strong></span> <span class='ocrx_word' id='word_1_58' title='bbox 3127 1042 3558 1108; x_wconf 77' lang='lat' dir='ltr'><strong>Constitutio</strong></span> 
     </span>
     <span class='ocr_line' id='line_1_8' title="bbox 568 1151 3555 1232; baseline 0.001 -20"><span class='ocrx_word' id='word_1_59' title='bbox 568 1152 812 1232; x_wconf 87' lang='lat' dir='ltr'><strong>Piana,</strong></span> <span class='ocrx_word' id='word_1_60' title='bbox 859 1152 1236 1215; x_wconf 79' lang='lat' dir='ltr'><strong>admittens</strong></span> <span class='ocrx_word' id='word_1_61' title='bbox 1291 1151 1825 1230; x_wconf 77' lang='lat' dir='ltr'><strong>appellationem</strong></span> <span class='ocrx_word' id='word_1_62' title='bbox 1868 1151 1946 1213; x_wconf 90' lang='lat' dir='ltr'><strong>in</strong></span> <span class='ocrx_word' id='word_1_63' title='bbox 1993 1152 2384 1215; x_wconf 84' lang='lat' dir='ltr'><strong>devolutivo</strong></span> <span class='ocrx_word' id='word_1_64' title='bbox 2426 1153 2515 1215; x_wconf 88' lang='lat' dir='ltr'><strong>ab</strong></span> <span class='ocrx_word' id='word_1_65' title='bbox 2561 1151 3030 1215; x_wconf 82' lang='lat' dir='ltr'><strong>irrationabili</strong></span> <span class='ocrx_word' id='word_1_66' title='bbox 3085 1152 3357 1216; x_wconf 86' lang='lat' dir='ltr'><strong>iudicio</strong></span> <span class='ocrx_word' id='word_1_67' title='bbox 3406 1153 3555 1232; x_wconf 86' lang='lat' dir='ltr'><strong>Epi·</strong></span> 
     </span>
     <span class='ocr_line' id='line_1_9' title="bbox 567 1276 778 1338; baseline -0.005 -16"><span class='ocrx_word' id='word_1_68' title='bbox 567 1276 778 1338; x_wconf 78' lang='lat' dir='ltr'><strong>scopl.</strong></span> 
     </span>
    </p>

    <p class='ocr_par' dir='ltr' id='par_1_3' title="bbox 560 1367 3558 1771">
     <span class='ocr_line' id='line_1_10' title="bbox 754 1367 3558 1452; baseline 0.001 -25"><span class='ocrx_word' id='word_1_69' title='bbox 754 1368 784 1444; x_wconf 69' lang='grc' dir='ltr'><strong>ξ</strong></span> <span class='ocrx_word' id='word_1_70' title='bbox 831 1368 934 1430; x_wconf 86' lang='grc'><strong>16.</strong></span> <span class='ocrx_word' id='word_1_71' title='bbox 982 1367 1133 1442; x_wconf 81' lang='lat' dir='ltr'><strong>Qua</strong></span> <span class='ocrx_word' id='word_1_72' title='bbox 1178 1368 1261 1431; x_wconf 91' lang='lat' dir='ltr'><strong>de</strong></span> <span class='ocrx_word' id='word_1_73' title='bbox 1303 1385 1402 1446; x_wconf 91' lang='lat' dir='ltr'><strong>re,</strong></span> <span class='ocrx_word' id='word_1_74' title='bbox 1457 1371 1537 1430; x_wconf 91' lang='lat' dir='ltr'><strong>ut</strong></span> <span class='ocrx_word' id='word_1_75' title='bbox 1575 1368 1649 1429; x_wconf 92' lang='lat' dir='ltr'><strong>in</strong></span> <span class='ocrx_word' id='word_1_76' title='bbox 1692 1367 2083 1452; x_wconf 84' lang='lat' dir='ltr'><strong>huiusmodi</strong></span> <span class='ocrx_word' id='word_1_77' title='bbox 2125 1368 2401 1447; x_wconf 81' lang='lat' dir='ltr'><strong>negotio</strong></span> <span class='ocrx_word' id='word_1_78' title='bbox 2439 1371 2605 1447; x_wconf 89' lang='lat' dir='ltr'><strong>apte</strong></span> <span class='ocrx_word' id='word_1_79' title='bbox 2655 1368 2882 1430; x_wconf 90' lang='lat' dir='ltr'><strong>omnia</strong></span> <span class='ocrx_word' id='word_1_80' title='bbox 2922 1373 3133 1446; x_wconf 87' lang='lat' dir='ltr'><strong>atque</strong></span> <span class='ocrx_word' id='word_1_81' title='bbox 3182 1368 3558 1446; x_wconf 57' lang='lat' dir='ltr'><strong>compo-ste</strong></span> 
     </span>
     <span class='ocr_line' id='line_1_11' title="bbox 567 1475 3553 1555; baseline 0 -19"><span class='ocrx_word' id='word_1_82' title='bbox 567 1478 1017 1554; x_wconf 74' lang='lat' dir='ltr'><strong>peragantur,</strong></span> <span class='ocrx_word' id='word_1_83' title='bbox 1055 1475 1257 1538; x_wconf 80' lang='lat' dir='ltr'><strong>officii</strong></span> <span class='ocrx_word' id='word_1_84' title='bbox 1298 1475 1537 1538; x_wconf 76' lang='lat' dir='ltr'><strong>Nostri</strong></span> <span class='ocrx_word' id='word_1_85' title='bbox 1570 1492 1718 1540; x_wconf 88' lang='lat' dir='ltr'><strong>esse</strong></span> <span class='ocrx_word' id='word_1_86' title='bbox 1749 1475 2095 1555; x_wconf 82' lang='lat' dir='ltr'><strong>duximus,</strong></span> <span class='ocrx_word' id='word_1_87' title='bbox 2131 1493 2286 1538; x_wconf 94' lang='lat' dir='ltr'><strong>eum</strong></span> <span class='ocrx_word' id='word_1_88' title='bbox 2318 1476 2532 1555; x_wconf 86' lang='lat' dir='ltr'><strong>vobis,</strong></span> <span class='ocrx_word' id='word_1_89' title='bbox 2567 1492 2714 1539; x_wconf 87' lang='lat' dir='ltr'><strong>ven.</strong></span> <span class='ocrx_word' id='word_1_90' title='bbox 2759 1477 3069 1554; x_wconf 77' lang='lat' dir='ltr'><strong>Fratres,</strong></span> <span class='ocrx_word' id='word_1_91' title='bbox 3102 1476 3553 1555; x_wconf 82' lang='lat' dir='ltr'><strong>gerendarum</strong></span> 
     </span>
     <span class='ocr_line' id='line_1_12' title="bbox 564 1582 3555 1663; baseline 0 -19"><span class='ocrx_word' id='word_1_92' title='bbox 564 1599 793 1645; x_wconf 88' lang='lat' dir='ltr'><strong>rerum</strong></span> <span class='ocrx_word' id='word_1_93' title='bbox 842 1583 1148 1646; x_wconf 88' lang='lat' dir='ltr'><strong>ordinem</strong></span> <span class='ocrx_word' id='word_1_94' title='bbox 1189 1583 1675 1662; x_wconf 73' lang='lat' dir='ltr'><strong>praescribere,</strong></span> <span class='ocrx_word' id='word_1_95' title='bbox 1717 1599 1915 1661; x_wconf 89' lang='lat' dir='ltr'><strong>quem</strong></span> <span class='ocrx_word' id='word_1_96' title='bbox 1954 1582 2159 1662; x_wconf 89' lang='lat' dir='ltr'><strong>longo</strong></span> <span class='ocrx_word' id='word_1_97' title='bbox 2197 1600 2329 1646; x_wconf 89' lang='lat' dir='ltr'><strong>usu</strong></span> <span class='ocrx_word' id='word_1_98' title='bbox 2380 1582 2620 1647; x_wconf 90' lang='lat' dir='ltr'><strong>utilem</strong></span> <span class='ocrx_word' id='word_1_99' title='bbox 2661 1584 3064 1663; x_wconf 84' lang='lat' dir='ltr'><strong>agnovimus</strong></span> <span class='ocrx_word' id='word_1_100' title='bbox 3103 1583 3555 1646; x_wconf 80' lang='lat' dir='ltr'><strong>instituendis</strong></span> 
     </span>
     <span class='ocr_line' id='line_1_13' title="bbox 560 1690 3445 1771; baseline -0 -18"><span class='ocrx_word' id='word_1_101' title='bbox 560 1690 950 1753; x_wconf 87' lang='lat' dir='ltr'><strong>animarum</strong></span> <span class='ocrx_word' id='word_1_102' title='bbox 984 1691 1391 1770; x_wconf 89' lang='lat' dir='ltr'><strong>rectoribus,</strong></span> <span class='ocrx_word' id='word_1_103' title='bbox 1437 1691 1555 1770; x_wconf 93' lang='lat' dir='ltr'><strong>qui</strong></span> <span class='ocrx_word' id='word_1_104' title='bbox 1588 1690 1852 1754; x_wconf 89' lang='lat' dir='ltr'><strong>credito</strong></span> <span class='ocrx_word' id='word_1_105' title='bbox 1889 1691 2022 1753; x_wconf 92' lang='lat' dir='ltr'><strong>sibi</strong></span> <span class='ocrx_word' id='word_1_106' title='bbox 2055 1692 2248 1771; x_wconf 83' lang='lat' dir='ltr'><strong>gregi</strong></span> <span class='ocrx_word' id='word_1_107' title='bbox 2285 1708 2622 1771; x_wconf 87' lang='lat' dir='ltr'><strong>praeesse,</strong></span> <span class='ocrx_word' id='word_1_108' title='bbox 2660 1695 2734 1755; x_wconf 91' lang='lat' dir='ltr'><strong>et</strong></span> <span class='ocrx_word' id='word_1_109' title='bbox 2776 1691 3099 1770; x_wconf 73' lang='lat' dir='ltr'><strong>prodesse</strong></span> <span class='ocrx_word' id='word_1_110' title='bbox 3137 1692 3445 1770; x_wconf 85' lang='lat' dir='ltr'><strong>possint.</strong></span> 
     </span>
    </p>

    <p class='ocr_par' dir='ltr' id='par_1_4' title="bbox 559 1799 3553 2202">
     <span class='ocr_line' id='line_1_14' title="bbox 829 1799 3551 1879; baseline 0.001 -19"><span class='ocrx_word' id='word_1_111' title='bbox 829 1800 890 1860; x_wconf 92' lang='lat'><strong>1.</strong></span> <span class='ocrx_word' id='word_1_112' title='bbox 936 1799 1345 1879; x_wconf 88' lang='lat' dir='ltr'><strong>Episcopus,</strong></span> <span class='ocrx_word' id='word_1_113' title='bbox 1389 1799 1628 1862; x_wconf 80' lang='lat' dir='ltr'><strong>habita</strong></span> <span class='ocrx_word' id='word_1_114' title='bbox 1668 1799 1928 1862; x_wconf 88' lang='lat' dir='ltr'><strong>notitia</strong></span> <span class='ocrx_word' id='word_1_115' title='bbox 1974 1799 2358 1863; x_wconf 86' lang='lat' dir='ltr'><strong>vacationis</strong></span> <span class='ocrx_word' id='word_1_116' title='bbox 2394 1800 2742 1868; x_wconf 88' lang='lat' dir='ltr'><strong>ecclesiae.</strong></span> <span class='ocrx_word' id='word_1_117' title='bbox 2784 1799 3049 1879; x_wconf 87' lang='lat' dir='ltr'><strong>statim,</strong></span> <span class='ocrx_word' id='word_1_118' title='bbox 3090 1799 3183 1862; x_wconf 87' lang='lat' dir='ltr'><strong>ad</strong></span> <span class='ocrx_word' id='word_1_119' title='bbox 3227 1800 3551 1878; x_wconf 79' lang='lat' dir='ltr'><strong>praescri·</strong></span> 
     </span>
     <span class='ocr_line' id='line_1_15' title="bbox 562 1907 3553 1987; baseline -0 -17"><span class='ocrx_word' id='word_1_120' title='bbox 562 1910 759 1987; x_wconf 89' lang='lat' dir='ltr'><strong>ptum</strong></span> <span class='ocrx_word' id='word_1_121' title='bbox 799 1907 1213 1987; x_wconf 82' lang='lat' dir='ltr'><strong>Tridentini,</strong></span> <span class='ocrx_word' id='word_1_122' title='bbox 1246 1907 1567 1971; x_wconf 91' lang='lat' dir='ltr'><strong>idoneum</strong></span> <span class='ocrx_word' id='word_1_123' title='bbox 1604 1908 1680 1970; x_wconf 93' lang='lat' dir='ltr'><strong>in</strong></span> <span class='ocrx_word' id='word_1_124' title='bbox 1711 1924 1793 1971; x_wconf 82' lang='lat' dir='ltr'><strong>ea</strong></span> <span class='ocrx_word' id='word_1_125' title='bbox 1824 1908 2112 1987; x_wconf 84' lang='lat' dir='ltr'><strong>deputet</strong></span> <span class='ocrx_word' id='word_1_126' title='bbox 2140 1907 2521 1987; x_wconf 80' lang='lat' dir='ltr'><strong>vicarium,</strong></span> <span class='ocrx_word' id='word_1_127' title='bbox 2553 1924 2707 1970; x_wconf 89' lang='lat' dir='ltr'><strong>cum</strong></span> <span class='ocrx_word' id='word_1_128' title='bbox 2736 1923 3041 1986; x_wconf 87' lang='lat' dir='ltr'><strong>congrua</strong></span> <span class='ocrx_word' id='word_1_129' title='bbox 3079 1907 3235 1970; x_wconf 87' lang='lat' dir='ltr'><strong>eius</strong></span> <span class='ocrx_word' id='word_1_130' title='bbox 3264 1907 3553 1970; x_wconf 83' lang='lat' dir='ltr'><strong>arbitrio</strong></span> 
     </span>
     <span class='ocr_line' id='line_1_16' title="bbox 559 2014 3551 2095; baseline 0 -19"><span class='ocrx_word' id='word_1_131' title='bbox 559 2016 913 2078; x_wconf 69' lang='lat' dir='ltr'><strong>fructuum</strong></span> <span class='ocrx_word' id='word_1_132' title='bbox 955 2015 1296 2095; x_wconf 90' lang='lat' dir='ltr'><strong>portionis</strong></span> <span class='ocrx_word' id='word_1_133' title='bbox 1337 2015 1830 2095; x_wconf 84' lang='lat' dir='ltr'><strong>assignatione,</strong></span> <span class='ocrx_word' id='word_1_134' title='bbox 1873 2017 1993 2094; x_wconf 92' lang='lat' dir='ltr'><strong>qui</strong></span> <span class='ocrx_word' id='word_1_135' title='bbox 2034 2032 2243 2078; x_wconf 80' lang='lat' dir='ltr'><strong>onera</strong></span> <span class='ocrx_word' id='word_1_136' title='bbox 2293 2016 2517 2094; x_wconf 90' lang='lat' dir='ltr'><strong>ipsius</strong></span> <span class='ocrx_word' id='word_1_137' title='bbox 2559 2014 2883 2080; x_wconf 83' lang='lat' dir='ltr'><strong>ecclesiae</strong></span> <span class='ocrx_word' id='word_1_138' title='bbox 2926 2014 3303 2093; x_wconf 76' lang='lat' dir='ltr'><strong>sustineat,</strong></span> <span class='ocrx_word' id='word_1_139' title='bbox 3350 2015 3551 2077; x_wconf 78' lang='lat' dir='ltr'><strong>donee</strong></span> 
     </span>
     <span class='ocr_line' id='line_1_17' title="bbox 559 2122 1541 2202; baseline -0.001 -16"><span class='ocrx_word' id='word_1_140' title='bbox 559 2123 623 2186; x_wconf 83' lang='lat' dir='ltr'><strong>ei</strong></span> <span class='ocrx_word' id='word_1_141' title='bbox 663 2123 749 2186; x_wconf 88' lang='lat' dir='ltr'><strong>de</strong></span> <span class='ocrx_word' id='word_1_142' title='bbox 780 2126 1043 2188; x_wconf 88' lang='lat' dir='ltr'><strong>rectore</strong></span> <span class='ocrx_word' id='word_1_143' title='bbox 1074 2122 1541 2202; x_wconf 81' lang='lat' dir='ltr'><strong>provideatur.</strong></span> 
     </span>
    </p>

    <p class='ocr_par' dir='ltr' id='par_1_5' title="bbox 551 2229 3550 3063">
     <span class='ocr_line' id='line_1_18' title="bbox 824 2229 3550 2310; baseline 0 -19"><span class='ocrx_word' id='word_1_144' title='bbox 824 2231 925 2292; x_wconf 91' lang='lat'><strong>11.</strong></span> <span class='ocrx_word' id='word_1_145' title='bbox 973 2230 1259 2294; x_wconf 89' lang='lat' dir='ltr'><strong>Publico</strong></span> <span class='ocrx_word' id='word_1_146' title='bbox 1283 2231 1640 2310; x_wconf 83' lang='lat' dir='ltr'><strong>evulgetur</strong></span> <span class='ocrx_word' id='word_1_147' title='bbox 1670 2230 1896 2293; x_wconf 88' lang='lat' dir='ltr'><strong>edicto</strong></span> <span class='ocrx_word' id='word_1_148' title='bbox 1924 2229 2182 2294; x_wconf 81' lang='lat' dir='ltr'><strong>notitia</strong></span> <span class='ocrx_word' id='word_1_149' title='bbox 2212 2247 2612 2309; x_wconf 87' lang='lat' dir='ltr'><strong>concursus,</strong></span> <span class='ocrx_word' id='word_1_150' title='bbox 2641 2247 2965 2309; x_wconf 88' lang='lat' dir='ltr'><strong>congruo,</strong></span> <span class='ocrx_word' id='word_1_151' title='bbox 2994 2235 3068 2294; x_wconf 91' lang='lat' dir='ltr'><strong>et</strong></span> <span class='ocrx_word' id='word_1_152' title='bbox 3091 2231 3181 2293; x_wconf 93' lang='lat' dir='ltr'><strong>ab</strong></span> <span class='ocrx_word' id='word_1_153' title='bbox 3211 2230 3550 2309; x_wconf 81' lang='lat' dir='ltr'><strong>Episcopo</strong></span> 
     </span>
     <span class='ocr_line' id='line_1_19' title="bbox 561 2337 3549 2417; baseline -0.001 -15"><span class='ocrx_word' id='word_1_154' title='bbox 561 2337 927 2417; x_wconf 86' lang='lat' dir='ltr'><strong>praefinito</strong></span> <span class='ocrx_word' id='word_1_155' title='bbox 976 2341 1281 2417; x_wconf 90' lang='lat' dir='ltr'><strong>tempore</strong></span> <span class='ocrx_word' id='word_1_156' title='bbox 1323 2337 1753 2402; x_wconf 85' lang='lat' dir='ltr'><strong>celebrandi:</strong></span> <span class='ocrx_word' id='word_1_157' title='bbox 1813 2338 2179 2416; x_wconf 88' lang='lat' dir='ltr'><strong>eodemque</strong></span> <span class='ocrx_word' id='word_1_158' title='bbox 2218 2339 2445 2402; x_wconf 87' lang='lat' dir='ltr'><strong>edicto</strong></span> <span class='ocrx_word' id='word_1_159' title='bbox 2487 2355 2720 2401; x_wconf 91' lang='lat' dir='ltr'><strong>omnes</strong></span> <span class='ocrx_word' id='word_1_160' title='bbox 2759 2338 2968 2416; x_wconf 86' lang='lat' dir='ltr'><strong>clare,</strong></span> <span class='ocrx_word' id='word_1_161' title='bbox 3011 2341 3084 2401; x_wconf 88' lang='lat' dir='ltr'><strong>et</strong></span> <span class='ocrx_word' id='word_1_162' title='bbox 3121 2341 3376 2416; x_wconf 78' lang='lat' dir='ltr'><strong>aperte</strong></span> <span class='ocrx_word' id='word_1_163' title='bbox 3428 2354 3549 2400; x_wconf 91' lang='lat' dir='ltr'><strong>mo-</strong></span> 
     </span>
     <span class='ocr_line' id='line_1_20' title="bbox 557 2444 3547 2526; baseline 0.001 -21"><span class='ocrx_word' id='word_1_164' title='bbox 557 2447 878 2525; x_wconf 85' lang='lat' dir='ltr'><strong>neantur,</strong></span> <span class='ocrx_word' id='word_1_165' title='bbox 916 2451 1002 2510; x_wconf 92' lang='lat' dir='ltr'><strong>ut</strong></span> <span class='ocrx_word' id='word_1_166' title='bbox 1037 2446 1321 2514; x_wconf 80' lang='lat' dir='ltr'><strong>interim·</strong></span> <span class='ocrx_word' id='word_1_167' title='bbox 1351 2445 1756 2509; x_wconf 82' lang='lat' dir='ltr'><strong>decurrente</strong></span> <span class='ocrx_word' id='word_1_168' title='bbox 1786 2446 2082 2508; x_wconf 90' lang='lat' dir='ltr'><strong>termino</strong></span> <span class='ocrx_word' id='word_1_169' title='bbox 2116 2446 2496 2526; x_wconf 86' lang='lat' dir='ltr'><strong>assignato,</strong></span> <span class='ocrx_word' id='word_1_170' title='bbox 2531 2461 2761 2508; x_wconf 85' lang='lat' dir='ltr'><strong>coram</strong></span> <span class='ocrx_word' id='word_1_171' title='bbox 2795 2444 3232 2509; x_wconf 84' lang='lat' dir='ltr'><strong>Cancellario</strong></span> <span class='ocrx_word' id='word_1_172' title='bbox 3274 2447 3547 2524; x_wconf 82' lang='lat' dir='ltr'><strong>Episco-</strong></span> 
     </span>
     <span class='ocr_line' id='line_1_21' title="bbox 557 2551 3549 2633; baseline 0 -18"><span class='ocrx_word' id='word_1_173' title='bbox 557 2553 727 2631; x_wconf 89' lang='lat' dir='ltr'><strong>pali,</strong></span> <span class='ocrx_word' id='word_1_174' title='bbox 771 2551 878 2617; x_wconf 86' lang='lat' dir='ltr'><strong>vel</strong></span> <span class='ocrx_word' id='word_1_175' title='bbox 920 2551 1145 2616; x_wconf 86' lang='lat' dir='ltr'><strong>altero</strong></span> <span class='ocrx_word' id='word_1_176' title='bbox 1197 2553 1284 2616; x_wconf 94' lang='lat' dir='ltr'><strong>ab</strong></span> <span class='ocrx_word' id='word_1_177' title='bbox 1327 2553 1669 2631; x_wconf 78' lang='lat' dir='ltr'><strong>Episcopo</strong></span> <span class='ocrx_word' id='word_1_178' title='bbox 1715 2553 2134 2633; x_wconf 88' lang='lat' dir='ltr'><strong>deputando,</strong></span> <span class='ocrx_word' id='word_1_179' title='bbox 2185 2570 2466 2616; x_wconf 86' lang='lat' dir='ltr'><strong>suarum</strong></span> <span class='ocrx_word' id='word_1_180' title='bbox 2511 2553 2955 2632; x_wconf 85' lang='lat' dir='ltr'><strong>qualitatum,</strong></span> <span class='ocrx_word' id='word_1_181' title='bbox 3001 2553 3446 2633; x_wconf 86' lang='lat' dir='ltr'><strong>meritorum,</strong></span> <span class='ocrx_word' id='word_1_182' title='bbox 3489 2561 3549 2616; x_wconf 81' lang='lat' dir='ltr'><strong>et</strong></span> 
     </span>
     <span class='ocr_line' id='line_1_22' title="bbox 555 2659 3546 2741; baseline 0.001 -19"><span class='ocrx_word' id='word_1_183' title='bbox 555 2678 911 2724; x_wconf 89' lang='lat' dir='ltr'><strong>munerum</strong></span> <span class='ocrx_word' id='word_1_184' title='bbox 943 2661 1406 2741; x_wconf 86' lang='lat' dir='ltr'><strong>probationes,</strong></span> <span class='ocrx_word' id='word_1_185' title='bbox 1431 2661 1922 2725; x_wconf 85' lang='lat' dir='ltr'><strong>attestationes</strong></span> <span class='ocrx_word' id='word_1_186' title='bbox 1945 2665 2089 2724; x_wconf 80' lang='lat' dir='ltr'><strong>tam</strong></span> <span class='ocrx_word' id='word_1_187' title='bbox 2116 2659 2500 2740; x_wconf 88' lang='lat' dir='ltr'><strong>iudiciales,</strong></span> <span class='ocrx_word' id='word_1_188' title='bbox 2527 2678 2730 2739; x_wconf 90' lang='lat' dir='ltr'><strong>quam</strong></span> <span class='ocrx_word' id='word_1_189' title='bbox 2757 2659 3353 2738; x_wconf 79' lang='lat' dir='ltr'><strong>extraiudiciales,</strong></span> <span class='ocrx_word' id='word_1_190' title='bbox 3390 2660 3546 2724; x_wconf 76' lang='lat' dir='ltr'><strong>alia-</strong></span> 
     </span>
     <span class='ocr_line' id='line_1_23' title="bbox 555 2767 3545 2848; baseline 0.001 -19"><span class='ocrx_word' id='word_1_191' title='bbox 555 2784 683 2845; x_wconf 89' lang='lat' dir='ltr'><strong>que</strong></span> <span class='ocrx_word' id='word_1_192' title='bbox 719 2768 794 2831; x_wconf 91' lang='lat' dir='ltr'><strong>id</strong></span> <span class='ocrx_word' id='word_1_193' title='bbox 828 2784 1045 2847; x_wconf 89' lang='lat' dir='ltr'><strong>genus</strong></span> <span class='ocrx_word' id='word_1_194' title='bbox 1077 2770 1507 2846; x_wconf 80' lang='lat' dir='ltr'><strong>documenta,</strong></span> <span class='ocrx_word' id='word_1_195' title='bbox 1545 2785 1719 2847; x_wconf 89' lang='lat' dir='ltr'><strong>quae</strong></span> <span class='ocrx_word' id='word_1_196' title='bbox 1755 2770 2003 2833; x_wconf 71' lang='lat' dir='ltr'><strong>fraude</strong></span> <span class='ocrx_word' id='word_1_197' title='bbox 2039 2772 2306 2847; x_wconf 78' lang='lat' dir='ltr'><strong>vacent,</strong></span> <span class='ocrx_word' id='word_1_198' title='bbox 2354 2769 2741 2832; x_wconf 80' lang='lat' dir='ltr'><strong>exhibeant.</strong></span> <span class='ocrx_word' id='word_1_199' title='bbox 2781 2767 3133 2848; x_wconf 83' lang='lat' dir='ltr'><strong>Alioquin,</strong></span> <span class='ocrx_word' id='word_1_200' title='bbox 3183 2769 3388 2832; x_wconf 80' lang='lat' dir='ltr'><strong>dicto</strong></span> <span class='ocrx_word' id='word_1_201' title='bbox 3426 2773 3545 2832; x_wconf 70' lang='lat' dir='ltr'><strong>ter·</strong></span> 
     </span>
     <span class='ocr_line' id='line_1_24' title="bbox 552 2875 3546 2956; baseline 0.001 -19"><span class='ocrx_word' id='word_1_202' title='bbox 552 2876 742 2940; x_wconf 90' lang='lat' dir='ltr'><strong>mino</strong></span> <span class='ocrx_word' id='word_1_203' title='bbox 794 2875 1051 2955; x_wconf 90' lang='lat' dir='ltr'><strong>elapso,</strong></span> <span class='ocrx_word' id='word_1_204' title='bbox 1100 2877 1511 2940; x_wconf 89' lang='lat' dir='ltr'><strong>documenta</strong></span> <span class='ocrx_word' id='word_1_205' title='bbox 1552 2876 1968 2947; x_wconf 87' lang='lat' dir='ltr'><strong>huiusmodi.</strong></span> <span class='ocrx_word' id='word_1_206' title='bbox 2017 2893 2500 2956; x_wconf 89' lang='lat' dir='ltr'><strong>quaecumque,</strong></span> <span class='ocrx_word' id='word_1_207' title='bbox 2548 2880 2619 2941; x_wconf 89' lang='lat' dir='ltr'><strong>et</strong></span> <span class='ocrx_word' id='word_1_208' title='bbox 2665 2876 3188 2956; x_wconf 85' lang='lat' dir='ltr'><strong>qualiacumque</strong></span> <span class='ocrx_word' id='word_1_209' title='bbox 3244 2894 3335 2940; x_wconf 74' lang='lat' dir='ltr'><strong>ea.</strong></span> <span class='ocrx_word' id='word_1_210' title='bbox 3389 2879 3546 2952; x_wconf 80' lang='lat' dir='ltr'><strong>sint,</strong></span> 
     </span>
     <span class='ocr_line' id='line_1_25' title="bbox 551 2985 1438 3063; baseline 0 -19"><span class='ocrx_word' id='word_1_211' title='bbox 551 2985 950 3048; x_wconf 88' lang='lat' dir='ltr'><strong>nullatenus</strong></span> <span class='ocrx_word' id='word_1_212' title='bbox 996 2985 1438 3063; x_wconf 82' lang='lat' dir='ltr'><strong>recipientur.</strong></span> 
     </span>
    </p>

    <p class='ocr_par' dir='ltr' id='par_1_6' title="bbox 545 3091 3547 3802">
     <span class='ocr_line' id='line_1_26' title="bbox 817 3091 3547 3172; baseline 0.001 -17"><span class='ocrx_word' id='word_1_213' title='bbox 817 3093 960 3156; x_wconf 90' lang='lat'><strong>111.</strong></span> <span class='ocrx_word' id='word_1_214' title='bbox 1006 3093 1381 3157; x_wconf 88' lang='lat' dir='ltr'><strong>Eveniente</strong></span> <span class='ocrx_word' id='word_1_215' title='bbox 1409 3093 1523 3156; x_wconf 87' lang='lat' dir='ltr'><strong>die</strong></span> <span class='ocrx_word' id='word_1_216' title='bbox 1548 3109 1947 3172; x_wconf 80' lang='lat' dir='ltr'><strong>concursus,</strong></span> <span class='ocrx_word' id='word_1_217' title='bbox 1981 3110 2025 3156; x_wconf 85' lang='lat' dir='ltr'><strong>a</strong></span> <span class='ocrx_word' id='word_1_218' title='bbox 2055 3091 2488 3156; x_wconf 82' lang='lat' dir='ltr'><strong>Cancellaria</strong></span> <span class='ocrx_word' id='word_1_219' title='bbox 2525 3092 2923 3171; x_wconf 88' lang='lat' dir='ltr'><strong>Episcopali</strong></span> <span class='ocrx_word' id='word_1_220' title='bbox 2955 3091 3399 3172; x_wconf 86' lang='lat' dir='ltr'><strong>singulorum</strong></span> <span class='ocrx_word' id='word_1_221' title='bbox 3428 3111 3547 3157; x_wconf 81' lang='lat' dir='ltr'><strong>me-</strong></span> 
     </span>
     <span class='ocr_line' id='line_1_27' title="bbox 550 3197 3547 3280; baseline 0 -18"><span class='ocrx_word' id='word_1_222' title='bbox 550 3200 716 3279; x_wconf 80' lang='lat' dir='ltr'><strong>rita,</strong></span> <span class='ocrx_word' id='word_1_223' title='bbox 749 3199 1149 3278; x_wconf 87' lang='lat' dir='ltr'><strong>qualitates,</strong></span> <span class='ocrx_word' id='word_1_224' title='bbox 1185 3205 1258 3265; x_wconf 91' lang='lat' dir='ltr'><strong>et</strong></span> <span class='ocrx_word' id='word_1_225' title='bbox 1290 3197 1627 3279; x_wconf 86' lang='lat' dir='ltr'><strong>requisita</strong></span> <span class='ocrx_word' id='word_1_226' title='bbox 1673 3201 1783 3279; x_wconf 90' lang='lat' dir='ltr'><strong>(ut</strong></span> <span class='ocrx_word' id='word_1_227' title='bbox 1811 3202 2111 3280; x_wconf 83' lang='lat' dir='ltr'><strong>vocant),</strong></span> <span class='ocrx_word' id='word_1_228' title='bbox 2147 3201 2551 3280; x_wconf 80' lang='lat' dir='ltr'><strong>incorrupta</strong></span> <span class='ocrx_word' id='word_1_229' title='bbox 2586 3200 2719 3264; x_wconf 86' lang='lat' dir='ltr'><strong>fide</strong></span> <span class='ocrx_word' id='word_1_230' title='bbox 2752 3202 3158 3279; x_wconf 84' lang='lat' dir='ltr'><strong>deprompta</strong></span> <span class='ocrx_word' id='word_1_231' title='bbox 3189 3217 3236 3264; x_wconf 84' lang='lat' dir='ltr'><strong>a</strong></span> <span class='ocrx_word' id='word_1_232' title='bbox 3277 3201 3547 3264; x_wconf 84' lang='lat' dir='ltr'><strong>iuribus</strong></span> 
     </span>
     <span class='ocr_line' id='line_1_28' title="bbox 550 3308 3545 3388; baseline 0 -18"><span class='ocrx_word' id='word_1_233' title='bbox 550 3312 855 3387; x_wconf 90' lang='lat' dir='ltr'><strong>tempore</strong></span> <span class='ocrx_word' id='word_1_234' title='bbox 891 3308 1106 3371; x_wconf 80' lang='lat' dir='ltr'><strong>habili</strong></span> <span class='ocrx_word' id='word_1_235' title='bbox 1145 3309 1495 3387; x_wconf 77' lang='lat' dir='ltr'><strong>exhibitis,</strong></span> <span class='ocrx_word' id='word_1_236' title='bbox 1544 3309 1617 3371; x_wconf 88' lang='lat' dir='ltr'><strong>in</strong></span> <span class='ocrx_word' id='word_1_237' title='bbox 1662 3309 1945 3388; x_wconf 87' lang='lat' dir='ltr'><strong>scriptis</strong></span> <span class='ocrx_word' id='word_1_238' title='bbox 1985 3310 2378 3373; x_wconf 89' lang='lat' dir='ltr'><strong>summatim</strong></span> <span class='ocrx_word' id='word_1_239' title='bbox 2418 3308 2862 3387; x_wconf 79' lang='lat' dir='ltr'><strong>redigantur:</strong></span> <span class='ocrx_word' id='word_1_240' title='bbox 2911 3324 3116 3386; x_wconf 88' lang='lat' dir='ltr'><strong>porro</strong></span> <span class='ocrx_word' id='word_1_241' title='bbox 3166 3310 3385 3387; x_wconf 78' lang='lat' dir='ltr'><strong>copia</strong></span> <span class='ocrx_word' id='word_1_242' title='bbox 3420 3309 3545 3388; x_wconf 80' lang='lat' dir='ltr'><strong>epi·</strong></span> 
     </span>
     <span class='ocr_line' id='line_1_29' title="bbox 548 3415 3546 3497; baseline 0 -19"><span class='ocrx_word' id='word_1_243' title='bbox 548 3420 766 3479; x_wconf 90' lang='lat' dir='ltr'><strong>tomes</strong></span> <span class='ocrx_word' id='word_1_244' title='bbox 795 3416 1118 3480; x_wconf 87' lang='lat' dir='ltr'><strong>tradetur</strong></span> <span class='ocrx_word' id='word_1_245' title='bbox 1145 3434 1284 3479; x_wconf 92' lang='lat' dir='ltr'><strong>non</strong></span> <span class='ocrx_word' id='word_1_246' title='bbox 1316 3415 1537 3479; x_wconf 90' lang='lat' dir='ltr'><strong>solum</strong></span> <span class='ocrx_word' id='word_1_247' title='bbox 1576 3417 1942 3497; x_wconf 81' lang='lat' dir='ltr'><strong>Episcopo,</strong></span> <span class='ocrx_word' id='word_1_248' title='bbox 1978 3418 2083 3482; x_wconf 87' lang='lat' dir='ltr'><strong>vel</strong></span> <span class='ocrx_word' id='word_1_249' title='bbox 2115 3417 2396 3480; x_wconf 88' lang='lat' dir='ltr'><strong>Vicario</strong></span> <span class='ocrx_word' id='word_1_250' title='bbox 2427 3416 2749 3480; x_wconf 81' lang='lat' dir='ltr'><strong>Generali</strong></span> <span class='ocrx_word' id='word_1_251' title='bbox 2789 3416 2969 3479; x_wconf 82' lang='lat' dir='ltr'><strong>vices</strong></span> <span class='ocrx_word' id='word_1_252' title='bbox 2997 3415 3199 3479; x_wconf 87' lang='lat' dir='ltr'><strong>illius</strong></span> <span class='ocrx_word' id='word_1_253' title='bbox 3238 3416 3546 3481; x_wconf 81' lang='lat' dir='ltr'><strong>obeunti.</strong></span> 
     </span>
     <span class='ocr_line' id='line_1_30' title="bbox 550 3522 3547 3603; baseline 0 -17"><span class='ocrx_word' id='word_1_254' title='bbox 550 3524 666 3586; x_wconf 87' lang='lat' dir='ltr'><strong>sed</strong></span> <span class='ocrx_word' id='word_1_255' title='bbox 712 3523 1120 3603; x_wconf 81' lang='lat' dir='ltr'><strong>singillatim</strong></span> <span class='ocrx_word' id='word_1_256' title='bbox 1173 3523 1490 3586; x_wconf 91' lang='lat' dir='ltr'><strong>omnibus</strong></span> <span class='ocrx_word' id='word_1_257' title='bbox 1532 3523 2143 3587; x_wconf 84' lang='lat' dir='ltr'><strong>Examinatoribus</strong></span> <span class='ocrx_word' id='word_1_258' title='bbox 2185 3524 2277 3586; x_wconf 88' lang='lat' dir='ltr'><strong>ad</strong></span> <span class='ocrx_word' id='word_1_259' title='bbox 2319 3540 2727 3586; x_wconf 87' lang='lat' dir='ltr'><strong>concursum</strong></span> <span class='ocrx_word' id='word_1_260' title='bbox 2768 3522 3086 3603; x_wconf 85' lang='lat' dir='ltr'><strong>adscitis,</strong></span> <span class='ocrx_word' id='word_1_261' title='bbox 3132 3530 3222 3589; x_wconf 92' lang='lat' dir='ltr'><strong>ut</strong></span> <span class='ocrx_word' id='word_1_262' title='bbox 3262 3541 3427 3587; x_wconf 90' lang='lat' dir='ltr'><strong>cum</strong></span> <span class='ocrx_word' id='word_1_263' title='bbox 3472 3525 3547 3587; x_wconf 81' lang='lat' dir='ltr'><strong>de</strong></span> 
     </span>
     <span class='ocr_line' id='line_1_31' title="bbox 547 3632 3547 3715; baseline 0 -20"><span class='ocrx_word' id='word_1_264' title='bbox 547 3632 861 3711; x_wconf 87' lang='lat' dir='ltr'><strong>scientia,</strong></span> <span class='ocrx_word' id='word_1_265' title='bbox 902 3635 1052 3695; x_wconf 89' lang='lat' dir='ltr'><strong>tum</strong></span> <span class='ocrx_word' id='word_1_266' title='bbox 1082 3633 1167 3697; x_wconf 89' lang='lat' dir='ltr'><strong>de</strong></span> <span class='ocrx_word' id='word_1_267' title='bbox 1196 3633 1366 3711; x_wconf 87' lang='lat' dir='ltr'><strong>vita,</strong></span> <span class='ocrx_word' id='word_1_268' title='bbox 1404 3633 1732 3712; x_wconf 79' lang='lat' dir='ltr'><strong>moribus,</strong></span> <span class='ocrx_word' id='word_1_269' title='bbox 1774 3632 2071 3711; x_wconf 86' lang='lat' dir='ltr'><strong>aliisque</strong></span> <span class='ocrx_word' id='word_1_270' title='bbox 2100 3633 2435 3711; x_wconf 82' lang='lat' dir='ltr'><strong>regendae</strong></span> <span class='ocrx_word' id='word_1_271' title='bbox 2466 3632 2793 3715; x_wconf 69' lang='lat' dir='ltr'><strong>ecclesiae</strong></span> <span class='ocrx_word' id='word_1_272' title='bbox 2824 3632 3240 3695; x_wconf 83' lang='lat' dir='ltr'><strong>necessariis</strong></span> <span class='ocrx_word' id='word_1_273' title='bbox 3270 3633 3547 3697; x_wconf 70' lang='lat' dir='ltr'><strong>dotibus</strong></span> 
     </span>
     <span class='ocr_line' id='line_1_32' title="bbox 545 3739 1173 3802; baseline 0.005 -3"><span class='ocrx_word' id='word_1_274' title='bbox 545 3739 778 3802; x_wconf 76' lang='lat' dir='ltr'><strong>terant</strong></span> <span class='ocrx_word' id='word_1_275' title='bbox 819 3739 1173 3802; x_wconf 87' lang='lat' dir='ltr'><strong>iudicium.</strong></span> 
     </span>
    </p>

    <p class='ocr_par' dir='ltr' id='par_1_7' title="bbox 529 3848 3549 5437">
     <span class='ocr_line' id='line_1_33' title="bbox 810 3848 3549 3927; baseline 0.001 -18"><span class='ocrx_word' id='word_1_276' title='bbox 810 3848 933 3910; x_wconf 88' lang='lat' dir='ltr'><strong>IV.</strong></span> <span class='ocrx_word' id='word_1_277' title='bbox 981 3848 1111 3912; x_wconf 91' lang='lat' dir='ltr'><strong>Die</strong></span> <span class='ocrx_word' id='word_1_278' title='bbox 1145 3849 1569 3927; x_wconf 87' lang='lat' dir='ltr'><strong>praestituta</strong></span> <span class='ocrx_word' id='word_1_279' title='bbox 1598 3849 1685 3911; x_wconf 89' lang='lat' dir='ltr'><strong>ab</strong></span> <span class='ocrx_word' id='word_1_280' title='bbox 1720 3849 2067 3927; x_wconf 84' lang='lat' dir='ltr'><strong>Episcopo</strong></span> <span class='ocrx_word' id='word_1_281' title='bbox 2095 3848 2436 3912; x_wconf 88' lang='lat' dir='ltr'><strong>habeatur</strong></span> <span class='ocrx_word' id='word_1_282' title='bbox 2467 3864 2864 3925; x_wconf 86' lang='lat' dir='ltr'><strong>concursus,</strong></span> <span class='ocrx_word' id='word_1_283' title='bbox 2909 3852 3189 3911; x_wconf 80' lang='lat' dir='ltr'><strong>servata</strong></span> <span class='ocrx_word' id='word_1_284' title='bbox 3226 3852 3549 3911; x_wconf 76' lang='lat' dir='ltr'><strong>accurate</strong></span> 
     </span>
     <span class='ocr_line' id='line_1_34' title="bbox 541 3955 3547 4035; baseline 0.001 -19"><span class='ocrx_word' id='word_1_285' title='bbox 541 3956 617 4017; x_wconf 90' lang='lat' dir='ltr'><strong>in</strong></span> <span class='ocrx_word' id='word_1_286' title='bbox 656 3956 971 4019; x_wconf 88' lang='lat' dir='ltr'><strong>omnibus</strong></span> <span class='ocrx_word' id='word_1_287' title='bbox 1007 3957 1231 4018; x_wconf 77' lang='lat' dir='ltr'><strong>forma</strong></span> <span class='ocrx_word' id='word_1_288' title='bbox 1278 3957 1547 4020; x_wconf 87' lang='lat' dir='ltr'><strong>tradita</strong></span> <span class='ocrx_word' id='word_1_289' title='bbox 1583 3957 1657 4018; x_wconf 90' lang='lat' dir='ltr'><strong>in</strong></span> <span class='ocrx_word' id='word_1_290' title='bbox 1700 3973 1913 4035; x_wconf 85' lang='lat' dir='ltr'><strong>supra</strong></span> <span class='ocrx_word' id='word_1_291' title='bbox 1953 3956 2197 4019; x_wconf 85' lang='lat' dir='ltr'><strong>relatis</strong></span> <span class='ocrx_word' id='word_1_292' title='bbox 2246 3956 2506 4019; x_wconf 87' lang='lat' dir='ltr'><strong>litteris</strong></span> <span class='ocrx_word' id='word_1_293' title='bbox 2544 3974 2728 4019; x_wconf 87' lang='lat' dir='ltr'><strong>anno</strong></span> <span class='ocrx_word' id='word_1_294' title='bbox 2766 3956 2928 4017; x_wconf 76' lang='lat'>1721</span> <span class='ocrx_word' id='word_1_295' title='bbox 2977 3955 3219 4034; x_wconf 87' lang='lat' dir='ltr'><strong>editis,</strong></span> <span class='ocrx_word' id='word_1_296' title='bbox 3265 3960 3547 4035; x_wconf 71' lang='lat' dir='ltr'><strong>totaque</strong></span> 
     </span>
     <span class='ocr_line' id='line_1_35' title="bbox 544 4062 3542 4143; baseline 0 -19"><span class='ocrx_word' id='word_1_297' title='bbox 544 4079 770 4124; x_wconf 90' lang='lat' dir='ltr'><strong>rerum</strong></span> <span class='ocrx_word' id='word_1_298' title='bbox 809 4064 884 4124; x_wconf 93' lang='lat' dir='ltr'><strong>in</strong></span> <span class='ocrx_word' id='word_1_299' title='bbox 923 4081 1002 4127; x_wconf 87' lang='lat' dir='ltr'><strong>eo</strong></span> <span class='ocrx_word' id='word_1_300' title='bbox 1042 4068 1391 4143; x_wconf 87' lang='lat' dir='ltr'><strong>gestarum</strong></span> <span class='ocrx_word' id='word_1_301' title='bbox 1435 4063 1646 4127; x_wconf 85' lang='lat' dir='ltr'><strong>series</strong></span> <span class='ocrx_word' id='word_1_302' title='bbox 1693 4064 1978 4142; x_wconf 89' lang='lat' dir='ltr'><strong>scriptis</strong></span> <span class='ocrx_word' id='word_1_303' title='bbox 2018 4063 2388 4142; x_wconf 86' lang='lat' dir='ltr'><strong>diligenter</strong></span> <span class='ocrx_word' id='word_1_304' title='bbox 2436 4064 2854 4126; x_wconf 89' lang='lat' dir='ltr'><strong>enucleetur.</strong></span> <span class='ocrx_word' id='word_1_305' title='bbox 2910 4062 3133 4125; x_wconf 88' lang='lat' dir='ltr'><strong>Porro</strong></span> <span class='ocrx_word' id='word_1_306' title='bbox 3178 4064 3542 4125; x_wconf 70' lang='lat' dir='ltr'><strong>Examina·</strong></span> 
     </span>
     <span class='ocr_line' id='line_1_36' title="bbox 541 4170 3543 4250; baseline 0 -17"><span class='ocrx_word' id='word_1_307' title='bbox 541 4175 750 4250; x_wconf 89' lang='lat' dir='ltr'><strong>tores,</strong></span> <span class='ocrx_word' id='word_1_308' title='bbox 789 4172 881 4237; x_wconf 90' lang='lat' dir='ltr'><strong>ad</strong></span> <span class='ocrx_word' id='word_1_309' title='bbox 923 4172 1413 4250; x_wconf 83' lang='lat' dir='ltr'><strong>assequendam</strong></span> <span class='ocrx_word' id='word_1_310' title='bbox 1450 4175 1734 4249; x_wconf 86' lang='lat' dir='ltr'><strong>certam,</strong></span> <span class='ocrx_word' id='word_1_311' title='bbox 1774 4176 1846 4236; x_wconf 90' lang='lat' dir='ltr'><strong>et</strong></span> <span class='ocrx_word' id='word_1_312' title='bbox 1878 4172 2235 4234; x_wconf 86' lang='lat' dir='ltr'><strong>indubiam</strong></span> <span class='ocrx_word' id='word_1_313' title='bbox 2281 4172 2746 4235; x_wconf 85' lang='lat' dir='ltr'><strong>coniecturam</strong></span> <span class='ocrx_word' id='word_1_314' title='bbox 2784 4170 3140 4247; x_wconf 86' lang='lat' dir='ltr'><strong>scientiae,</strong></span> <span class='ocrx_word' id='word_1_315' title='bbox 3185 4175 3543 4250; x_wconf 78' lang='lat' dir='ltr'><strong>postquam</strong></span> 
     </span>
     <span class='ocr_line' id='line_1_37' title="bbox 540 4277 3542 4359; baseline 0 -18"><span class='ocrx_word' id='word_1_316' title='bbox 540 4279 908 4358; x_wconf 84' lang='lat' dir='ltr'><strong>diligenter</strong></span> <span class='ocrx_word' id='word_1_317' title='bbox 943 4280 1394 4357; x_wconf 85' lang='lat' dir='ltr'><strong>expenderint</strong></span> <span class='ocrx_word' id='word_1_318' title='bbox 1440 4280 1866 4359; x_wconf 88' lang='lat' dir='ltr'><strong>singulorum</strong></span> <span class='ocrx_word' id='word_1_319' title='bbox 1911 4280 2233 4359; x_wconf 86' lang='lat' dir='ltr'><strong>peritiam</strong></span> <span class='ocrx_word' id='word_1_320' title='bbox 2271 4280 2346 4341; x_wconf 91' lang='lat' dir='ltr'><strong>in</strong></span> <span class='ocrx_word' id='word_1_321' title='bbox 2384 4279 2775 4357; x_wconf 85' lang='lat' dir='ltr'><strong>evolvendo,</strong></span> <span class='ocrx_word' id='word_1_322' title='bbox 2817 4277 3376 4358; x_wconf 81' lang='lat' dir='ltr'><strong>explicandoque</strong></span> <span class='ocrx_word' id='word_1_323' title='bbox 3414 4296 3542 4341; x_wconf 75' lang='lat' dir='ltr'><strong>ore-</strong></span> 
     </span>
     <span class='ocr_line' id='line_1_38' title="bbox 540 4386 3545 4466; baseline 0 -17"><span class='ocrx_word' id='word_1_324' title='bbox 540 4391 743 4449; x_wconf 89' lang='lat' dir='ltr'><strong>tenus</strong></span> <span class='ocrx_word' id='word_1_325' title='bbox 779 4387 1012 4466; x_wconf 89' lang='lat' dir='ltr'><strong>aliquo</strong></span> <span class='ocrx_word' id='word_1_326' title='bbox 1058 4387 1560 4451; x_wconf 85' lang='lat' dir='ltr'><strong>ecclesiasticae</strong></span> <span class='ocrx_word' id='word_1_327' title='bbox 1597 4388 1954 4452; x_wconf 87' lang='lat' dir='ltr'><strong>doctrinae</strong></span> <span class='ocrx_word' id='word_1_328' title='bbox 1990 4388 2241 4466; x_wconf 87' lang='lat' dir='ltr'><strong>capite.</strong></span> <span class='ocrx_word' id='word_1_329' title='bbox 2294 4386 2400 4451; x_wconf 85' lang='lat' dir='ltr'><strong>vel</strong></span> <span class='ocrx_word' id='word_1_330' title='bbox 2436 4405 2478 4450; x_wconf 90' lang='lat' dir='ltr'><strong>a</strong></span> <span class='ocrx_word' id='word_1_331' title='bbox 2523 4386 2646 4449; x_wconf 80' lang='lat' dir='ltr'><strong>SS.</strong></span> <span class='ocrx_word' id='word_1_332' title='bbox 2692 4386 3047 4463; x_wconf 89' lang='lat' dir='ltr'><strong>Patribus,</strong></span> <span class='ocrx_word' id='word_1_333' title='bbox 3098 4388 3210 4450; x_wconf 81' lang='lat' dir='ltr'><strong>vel</strong></span> <span class='ocrx_word' id='word_1_334' title='bbox 3252 4405 3299 4449; x_wconf 86' lang='lat' dir='ltr'><strong>a</strong></span> <span class='ocrx_word' id='word_1_335' title='bbox 3343 4388 3545 4450; x_wconf 73' lang='lat' dir='ltr'><strong>Sacro</strong></span> 
     </span>
     <span class='ocr_line' id='line_1_39' title="bbox 538 4493 3541 4574; baseline -0 -17"><span class='ocrx_word' id='word_1_336' title='bbox 538 4493 847 4557; x_wconf 85' lang='lat' dir='ltr'><strong>Concilio</strong></span> <span class='ocrx_word' id='word_1_337' title='bbox 893 4495 1319 4573; x_wconf 83' lang='lat' dir='ltr'><strong>Tridentino,</strong></span> <span class='ocrx_word' id='word_1_338' title='bbox 1366 4496 1470 4559; x_wconf 81' lang='lat' dir='ltr'><strong>vel</strong></span> <span class='ocrx_word' id='word_1_339' title='bbox 1515 4514 1558 4558; x_wconf 89' lang='lat' dir='ltr'><strong>a</strong></span> <span class='ocrx_word' id='word_1_340' title='bbox 1605 4494 2037 4560; x_wconf 83' lang='lat' dir='ltr'><strong>Gatechismo</strong></span> <span class='ocrx_word' id='word_1_341' title='bbox 2094 4496 2401 4558; x_wconf 86' lang='lat' dir='ltr'><strong>Romano</strong></span> <span class='ocrx_word' id='word_1_342' title='bbox 2443 4497 2788 4573; x_wconf 87' lang='lat' dir='ltr'><strong>excerpto,</strong></span> <span class='ocrx_word' id='word_1_343' title='bbox 2835 4511 2918 4556; x_wconf 89' lang='lat' dir='ltr'><strong>ac</strong></span> <span class='ocrx_word' id='word_1_344' title='bbox 2963 4494 3118 4572; x_wconf 78' lang='lat' dir='ltr'><strong>pari</strong></span> <span class='ocrx_word' id='word_1_345' title='bbox 3180 4493 3541 4574; x_wconf 73' lang='lat' dir='ltr'><strong>diligentis</strong></span> 
     </span>
     <span class='ocr_line' id='line_1_40' title="bbox 538 4602 3541 4683; baseline 0.001 -21"><span class='ocrx_word' id='word_1_346' title='bbox 538 4602 945 4666; x_wconf 85' lang='lat' dir='ltr'><strong>libraverint</strong></span> <span class='ocrx_word' id='word_1_347' title='bbox 981 4621 1024 4664; x_wconf 88' lang='lat' dir='ltr'><strong>a</strong></span> <span class='ocrx_word' id='word_1_348' title='bbox 1063 4604 1366 4681; x_wconf 87' lang='lat' dir='ltr'><strong>quolibet</strong></span> <span class='ocrx_word' id='word_1_349' title='bbox 1402 4603 1664 4683; x_wconf 87' lang='lat' dir='ltr'><strong>scripto</strong></span> <span class='ocrx_word' id='word_1_350' title='bbox 1708 4605 1914 4667; x_wconf 89' lang='lat' dir='ltr'><strong>datas</strong></span> <span class='ocrx_word' id='word_1_351' title='bbox 1950 4604 2429 4683; x_wconf 85' lang='lat' dir='ltr'><strong>responsiones</strong></span> <span class='ocrx_word' id='word_1_352' title='bbox 2465 4602 2983 4681; x_wconf 83' lang='lat' dir='ltr'><strong>quaestionibus</strong></span> <span class='ocrx_word' id='word_1_353' title='bbox 3033 4603 3443 4681; x_wconf 54' lang='lat' dir='ltr'><strong>propositis</strong></span> <span class='ocrx_word' id='word_1_354' title='bbox 3478 4607 3541 4664; x_wconf 66' lang='lat' dir='ltr'><strong>et</strong></span> 
     </span>
     <span class='ocr_line' id='line_1_41' title="bbox 537 4710 3537 4790; baseline 0 -19"><span class='ocrx_word' id='word_1_355' title='bbox 537 4713 896 4788; x_wconf 82' lang='lat' dir='ltr'><strong>postquam</strong></span> <span class='ocrx_word' id='word_1_356' title='bbox 937 4710 1204 4774; x_wconf 90' lang='lat' dir='ltr'><strong>demum</strong></span> <span class='ocrx_word' id='word_1_357' title='bbox 1239 4712 1810 4789; x_wconf 87' lang='lat' dir='ltr'><strong>deprehenderint</strong></span> <span class='ocrx_word' id='word_1_358' title='bbox 1843 4729 1977 4790; x_wconf 89' lang='lat' dir='ltr'><strong>qua</strong></span> <span class='ocrx_word' id='word_1_359' title='bbox 2010 4712 2295 4790; x_wconf 89' lang='lat' dir='ltr'><strong>quisque</strong></span> <span class='ocrx_word' id='word_1_360' title='bbox 2334 4710 2595 4790; x_wconf 82' lang='lat' dir='ltr'><strong>polleat</strong></span> <span class='ocrx_word' id='word_1_361' title='bbox 2629 4711 2973 4790; x_wconf 82' lang='lat' dir='ltr'><strong>gravitate</strong></span> <span class='ocrx_word' id='word_1_362' title='bbox 3009 4712 3537 4773; x_wconf 80' lang='lat' dir='ltr'><strong>sententiarum.</strong></span> 
     </span>
     <span class='ocr_line' id='line_1_42' title="bbox 533 4818 3537 4897; baseline 0 -17"><span class='ocrx_word' id='word_1_363' title='bbox 533 4824 605 4880; x_wconf 90' lang='lat' dir='ltr'><strong>et</strong></span> <span class='ocrx_word' id='word_1_364' title='bbox 636 4818 982 4897; x_wconf 83' lang='lat' dir='ltr'><strong>elegantia</strong></span> <span class='ocrx_word' id='word_1_365' title='bbox 1011 4819 1344 4880; x_wconf 87' lang='lat' dir='ltr'><strong>sermonis</strong></span> <span class='ocrx_word' id='word_1_366' title='bbox 1369 4820 1443 4879; x_wconf 92' lang='lat' dir='ltr'><strong>in</strong></span> <span class='ocrx_word' id='word_1_367' title='bbox 1474 4819 1927 4882; x_wconf 87' lang='lat' dir='ltr'><strong>conciuncula</strong></span> <span class='ocrx_word' id='word_1_368' title='bbox 1958 4819 2218 4897; x_wconf 87' lang='lat' dir='ltr'><strong>scripto</strong></span> <span class='ocrx_word' id='word_1_369' title='bbox 2254 4819 2522 4897; x_wconf 89' lang='lat' dir='ltr'><strong>pariter</strong></span> <span class='ocrx_word' id='word_1_370' title='bbox 2547 4821 2857 4895; x_wconf 79' lang='lat' dir='ltr'><strong>exarata,</strong></span> <span class='ocrx_word' id='word_1_371' title='bbox 2896 4822 2971 4880; x_wconf 84' lang='lat' dir='ltr'><strong>et</strong></span> <span class='ocrx_word' id='word_1_372' title='bbox 2996 4819 3231 4880; x_wconf 82' lang='lat' dir='ltr'><strong>textui</strong></span> <span class='ocrx_word' id='word_1_373' title='bbox 3262 4834 3537 4897; x_wconf 76' lang='lat' dir='ltr'><strong>evauge-</strong></span> 
     </span>
     <span class='ocr_line' id='line_1_43' title="bbox 533 4925 3535 5005; baseline 0.001 -19"><span class='ocrx_word' id='word_1_374' title='bbox 533 4926 690 5004; x_wconf 86' lang='lat' dir='ltr'><strong>lioo,</strong></span> <span class='ocrx_word' id='word_1_375' title='bbox 737 4926 841 4989; x_wconf 85' lang='lat' dir='ltr'><strong>vel</strong></span> <span class='ocrx_word' id='word_1_376' title='bbox 885 4927 1091 4989; x_wconf 84' lang='lat' dir='ltr'><strong>alteri</strong></span> <span class='ocrx_word' id='word_1_377' title='bbox 1136 4927 1304 4990; x_wconf 84' lang='lat' dir='ltr'><strong>dato</strong></span> <span class='ocrx_word' id='word_1_378' title='bbox 1356 4927 1645 4990; x_wconf 86' lang='lat' dir='ltr'><strong>themati</strong></span> <span class='ocrx_word' id='word_1_379' title='bbox 1688 4927 2242 4991; x_wconf 87' lang='lat' dir='ltr'><strong>accommodata:</strong></span> <span class='ocrx_word' id='word_1_380' title='bbox 2296 4943 2553 5005; x_wconf 88' lang='lat' dir='ltr'><strong>parem,</strong></span> <span class='ocrx_word' id='word_1_381' title='bbox 2600 4927 2672 4987; x_wconf 88' lang='lat' dir='ltr'><strong>ni</strong></span> <span class='ocrx_word' id='word_1_382' title='bbox 2728 4925 2912 4989; x_wconf 75' lang='lat' dir='ltr'><strong>forte</strong></span> <span class='ocrx_word' id='word_1_383' title='bbox 2954 4926 3295 4989; x_wconf 87' lang='lat' dir='ltr'><strong>maiorem</strong></span> <span class='ocrx_word' id='word_1_384' title='bbox 3342 4926 3535 4988; x_wconf 84' lang='lat' dir='ltr'><strong>soler-</strong></span> 
     </span>
     <span class='ocr_line' id='line_1_44' title="bbox 530 5032 3533 5114; baseline -0.001 -19"><span class='ocrx_word' id='word_1_385' title='bbox 530 5034 700 5095; x_wconf 71' lang='lat' dir='ltr'><strong>tiam</strong></span> <span class='ocrx_word' id='word_1_386' title='bbox 762 5035 1290 5097; x_wconf 82' lang='lat' dir='ltr'><strong>Examina-tores</strong></span> <span class='ocrx_word' id='word_1_387' title='bbox 1338 5035 1713 5099; x_wconf 85' lang='lat' dir='ltr'><strong>adhibeant</strong></span> <span class='ocrx_word' id='word_1_388' title='bbox 1757 5036 1833 5097; x_wconf 88' lang='lat' dir='ltr'><strong>in</strong></span> <span class='ocrx_word' id='word_1_389' title='bbox 1897 5036 2417 5114; x_wconf 87' lang='lat' dir='ltr'><strong>perscrutandis</strong></span> <span class='ocrx_word' id='word_1_390' title='bbox 2467 5033 2629 5098; x_wconf 86' lang='lat' dir='ltr'><strong>aliis</strong></span> <span class='ocrx_word' id='word_1_391' title='bbox 2679 5033 3170 5112; x_wconf 86' lang='lat' dir='ltr'><strong>qualitatibus,</strong></span> <span class='ocrx_word' id='word_1_392' title='bbox 3224 5032 3533 5113; x_wconf 78' lang='lat' dir='ltr'><strong>regimini</strong></span> 
     </span>
     <span class='ocr_line' id='line_1_45' title="bbox 530 5141 3533 5222; baseline 0.001 -20"><span class='ocrx_word' id='word_1_393' title='bbox 530 5142 914 5204; x_wconf 86' lang='lat' dir='ltr'><strong>animarum</strong></span> <span class='ocrx_word' id='word_1_394' title='bbox 963 5143 1461 5207; x_wconf 86' lang='lat' dir='ltr'><strong>consentaneis:</strong></span> <span class='ocrx_word' id='word_1_395' title='bbox 1511 5161 1774 5205; x_wconf 90' lang='lat' dir='ltr'><strong>morum</strong></span> <span class='ocrx_word' id='word_1_396' title='bbox 1836 5144 2264 5207; x_wconf 82' lang='lat' dir='ltr'><strong>honestatem</strong></span> <span class='ocrx_word' id='word_1_397' title='bbox 2314 5143 2697 5222; x_wconf 87' lang='lat' dir='ltr'><strong>inquirant,</strong></span> <span class='ocrx_word' id='word_1_398' title='bbox 2749 5141 3197 5220; x_wconf 80' lang='lat' dir='ltr'><strong>gravitatem,</strong></span> <span class='ocrx_word' id='word_1_399' title='bbox 3249 5142 3533 5221; x_wconf 51' lang='lat' dir='ltr'><strong>prud&amp;</strong></span> 
     </span>
     <span class='ocr_line' id='line_1_46' title="bbox 529 5249 3535 5330; baseline -0 -20"><span class='ocrx_word' id='word_1_400' title='bbox 529 5249 725 5326; x_wconf 87' lang='lat' dir='ltr'><strong>tiam,</strong></span> <span class='ocrx_word' id='word_1_401' title='bbox 785 5251 1125 5328; x_wconf 85' lang='lat' dir='ltr'><strong>praestita</strong></span> <span class='ocrx_word' id='word_1_402' title='bbox 1171 5252 1504 5314; x_wconf 88' lang='lat' dir='ltr'><strong>hactenus</strong></span> <span class='ocrx_word' id='word_1_403' title='bbox 1549 5252 1897 5315; x_wconf 87' lang='lat' dir='ltr'><strong>Ecclesiae</strong></span> <span class='ocrx_word' id='word_1_404' title='bbox 1946 5252 2292 5330; x_wconf 88' lang='lat' dir='ltr'><strong>obsequia,</strong></span> <span class='ocrx_word' id='word_1_405' title='bbox 2339 5251 2750 5330; x_wconf 87' lang='lat' dir='ltr'><strong>acquisitam</strong></span> <span class='ocrx_word' id='word_1_406' title='bbox 2796 5250 2871 5312; x_wconf 91' lang='lat' dir='ltr'><strong>iu</strong></span> <span class='ocrx_word' id='word_1_407' title='bbox 2918 5249 3087 5313; x_wconf 87' lang='lat' dir='ltr'><strong>aliis</strong></span> <span class='ocrx_word' id='word_1_408' title='bbox 3142 5249 3535 5313; x_wconf 78' lang='lat' dir='ltr'><strong>muneribus</strong></span> 
     </span>
     <span class='ocr_line' id='line_1_47' title="bbox 530 5354 3533 5437; baseline 0 -21"><span class='ocrx_word' id='word_1_409' title='bbox 530 5354 824 5433; x_wconf 87' lang='lat' dir='ltr'><strong>laudem,</strong></span> <span class='ocrx_word' id='word_1_410' title='bbox 873 5357 1145 5435; x_wconf 87' lang='lat' dir='ltr'><strong>aliaque</strong></span> <span class='ocrx_word' id='word_1_411' title='bbox 1194 5360 1668 5437; x_wconf 86' lang='lat' dir='ltr'><strong>spectabilium</strong></span> <span class='ocrx_word' id='word_1_412' title='bbox 1730 5360 2069 5423; x_wconf 85' lang='lat' dir='ltr'><strong>virtutum</strong></span> <span class='ocrx_word' id='word_1_413' title='bbox 2118 5363 2546 5435; x_wconf 85' lang='lat' dir='ltr'><strong>ornamenta,</strong></span> <span class='ocrx_word' id='word_1_414' title='bbox 2599 5359 2960 5422; x_wconf 89' lang='lat' dir='ltr'><strong>doctrinae</strong></span> <span class='ocrx_word' id='word_1_415' title='bbox 3006 5362 3212 5423; x_wconf 85' lang='lat' dir='ltr'><strong>arcto</strong></span> <span class='ocrx_word' id='word_1_416' title='bbox 3270 5357 3533 5422; x_wconf 72' lang='lat' dir='ltr'><strong>foedere</strong></span> 
     </span>
    </p>
   </div>
  </div>
 </body>
</html>
