3753 5871
1397 326 1572 376 Liber
1603 327 1837 378 Torum
1871 350 1891 363 ·
1929 325 2016 375 De
2056 326 2252 377 Rebus
3237 329 3347 387 213

539 513 574 596 ξ
620 512 688 579 2.
736 514 923 581 Cum
962 512 1436 581 ministratur
1472 512 1788 580 servatis
1825 511 2165 579 omnibus
2203 512 2473 588 ritibus
2509 517 2584 580 et
2629 514 3116 581 caeremoniis
3159 533 3349 600 quae
3381 574 3390 585 ,

353 622 438 688 in
491 621 894 689 ritualibus
935 621 1147 688 libris
1189 620 1775 705 praecipiuntur,
1818 620 2244 704 appellatur
2284 618 2683 702 sollemnis,-
2733 638 2967 704 secus,
3012 639 3162 691 non
3203 622 3340 688 sol·

356 727 626 797 lemnia
664 746 794 796 seu
833 726 1172 812 privatus
1209 727 1259 794 ¹.

1658 941 1918 1009 CAPUT
1955 941 2020 1008 I.

1398 1080 1508 1148 De
1546 1081 1889 1148 ministro
1929 1081 2299 1168 baptismi.

1652 1271 1829 1338 CAN.
1872 1269 2026 1338 738.

543 1403 578 1486 ξ
625 1406 690 1470 1.
743 1403 1087 1471 Minister
1116 1403 1540 1473 ordinarius
1566 1405 1918 1488 baptismi
1944 1404 2320 1472 sollemnis
2349 1411 2462 1474 est
2486 1403 2845 1495 sacerfdos;
2872 1404 2997 1472 sed
3023 1405 3183 1472 eius
3208 1405 3348 1472 col·

363 1512 556 1580 latio
600 1514 1022 1580 reservatur
1065 1512 1388 1597 parocho
1426 1512 1545 1581 vel
1578 1513 1713 1580 alii
1749 1513 2118 1581 sacerdoti
2153 1512 2245 1580 de
2280 1512 2604 1582 eiusdem
2645 1513 2949 1598 parochi
2987 1514 3104 1581 vel
3141 1512 3351 1581 Ordi-

366 1619 564 1686 narii
600 1620 745 1687 loci
780 1619 1108 1697 licentia,
1148 1638 1335 1705 quae
1370 1618 1449 1686 in
1491 1638 1669 1688 casu
1708 1620 2172 1688 necessitatis
2207 1620 2533 1705 legitime
2570 1621 3071 1705 praesumitur
3094 1619 3148 1687 ².

549 1726 584 1808 5
629 1726 698 1792 2.
746 1726 997 1796 Etiam
1029 1727 1463 1813 peregrinus
1488 1747 1535 1796 a
1563 1729 1884 1813 parocho
1920 1729 2221 1813 proprio
2252 1729 2331 1795 in
2360 1747 2495 1795 sua
2526 1728 2867 1813 paroecia
2903 1728 3356 1796 sollemniter

370 1835 815 1919 baptizetur,
859 1836 926 1903 si
965 1834 1043 1904 id
1084 1836 1307 1904 facile
1344 1840 1422 1906 et
1458 1836 1617 1905 sine
1665 1854 1870 1905 mora
1923 1838 2083 1906 fleri
2133 1840 2398 1922 potest3
2442 1854 2652 1905 secus
2691 1836 3159 1923 peregrinum
3203 1836 3353 1921 qui-

373 1942 555 2010 libet
589 1943 956 2027 parochus
1001 1943 1080 2010 in
1119 1963 1254 2013 suo
1290 1945 1675 2013 territorio
1698 1948 1955 2030 potest
1992 1945 2446 2014 sollemniter
2482 1945 2884 2029 baptizare.

1668 2120 1846 2189 ΟΛΝ.
1898 2120 2052 2189 739.

553 2241 644 2307 In
678 2241 922 2309 alieno
951 2240 1336 2309 territorio
1361 2241 1639 2309 nemini
1667 2241 1868 2325 licet,
1901 2242 2062 2310 sine
2088 2241 2341 2310 debita
2375 2242 2704 2325 licentia,
2739 2242 3186 2327 baptismum
3221 2240 3356 2311 sol·

378 2348 686 2416 lemnem
723 2348 1061 2416 conferre
1097 2366 1189 2417 ne
1234 2349 1355 2417 sui
1401 2349 1691 2434 quidem
1730 2349 1875 2418 loci
1914 2348 2201 2455 incolis.

1662 2524 1839 2593 OAN.
1884 2524 2037 2592 740.

557 2649 703 2718 Ubi
745 2647 1127 2733 paroeciae
1166 2652 1303 2716 aut
1342 2647 1968 2733 quasi-paroeciae
2008 2648 2332 2717 nondum
2383 2654 2562 2717 sunt
2608 2648 3085 2728 constitutae,
3131 2652 3362 2715 statu·

381 2762 626 2823 torum
666 2757 1151 2840 peculiarium
1200 2759 1277 2824 et
1316 2761 1776 2841 receptarum
1826 2756 2442 2825 consuetudinum
2487 2757 2682 2825 ratio
2721 2757 3056 2825 habenda
3097 2760 3235 2841 est,
3279 2762 3367 2826 ut

380 2867 669 2933 constet
699 2864 994 2931 cuinam
1037 2864 1429 2948 sacerdoti,
1473 2869 1769 2949 praeter
1802 2865 2307 2946 ordinarium,
2345 2865 2423 2932 in
2462 2864 2806 2933 universo
2839 2866 3223 2934 territorio
3253 2864 3369 2933 vel

383 2972 461 3038 in
496 2973 657 3040 eius
690 2977 903 3057 parte
938 2973 1055 3040 ius
1097 2973 1279 3041 insit
1313 2974 1765 3058 baptizandi.

1686 3107 1863 3220 olm.
1906 3152 2060 3219 741.

561 3273 1226 3341 Extraordinarius
1252 3273 1605 3360 baptismi
1633 3275 2010 3342 sollemnis
2045 3276 2383 3343 minister
2411 3279 2527 3343 est
2559 3275 2937 3358 diaconus3
2969 3275 3096 3359 qui
3124 3279 3369 3342 tamen

389 3398 523 3447 sua
557 3384 926 3466 potestate
964 3401 1053 3449 ne
1088 3387 1350 3450 utatur
1383 3383 1542 3451 sine
1575 3384 1718 3451 loci
1762 3383 2146 3450 Ordinarii
2186 3383 2304 3452 vel
2337 3382 2639 3468 parochi
2671 3383 3000 3463 licentia,
3038 3384 3241 3449 iusta
3281 3381 3372 3450 de

386 3506 612 3556 causa
639 3490 1125 3571 concedenda,
1170 3510 1379 3575 quae,
1414 3492 1537 3559 ubi
1571 3492 1970 3559 necessitas
2008 3496 2295 3577 urgeat,
2329 3491 2654 3576 legitime
2684 3490 3186 3575 praesumitur
3215 3488 3264 3554 ³.

1689 3668 1866 3734 CAN.
1911 3667 2062 3733 742.

561 3791 594 3872 ξ
644 3794 707 3857 1.
760 3792 1193 3876 Baptismus
1220 3811 1363 3861 non
1392 3793 1791 3870 sollemniS‚
1821 3795 1913 3860 de
1939 3812 2085 3878 quo
2116 3795 2189 3858 in
2224 3811 2387 3859 can.
2420 3793 2574 3875 759,
2609 3793 2642 3874 ξ
2673 3796 2739 3875 1,
2769 3797 3014 3877 potest
3046 3812 3091 3859 a
3119 3794 3374 3877 quovis

391 3899 830 3981 ministrari,
879 3906 1173 3968 servata
1213 3902 1464 3970 debita
1507 3901 1844 3983 materia,
1901 3902 2142 3968 forma
2196 3904 2272 3968 et
2318 3901 2748 3984 intentione3
2797 3907 3161 3986 quatenus
3205 3920 3378 3966 vero

393 4006 552 4074 fleri
588 4011 857 4092 potest,
892 4009 1385 4077 adhibeantur
1411 4009 1560 4078 duo
1598 4014 1823 4078 testes
1854 4010 1967 4077 vel
2002 4010 2260 4077 saltem
2295 4029 2512 4092 unus,
2551 4010 2815 4095 quibus
2847 4009 3199 4094 baptismi
3231 4008 3371 4075 col-

392 4113 576 4182 latio
622 4115 924 4199 probari
970 4115 1206 4200 possit
1235 4117 1289 4183 ⁴.

579 4364 598 4399 ¹
639 4363 697 4414 S.
740 4363 804 4415 G.
850 4363 909 4414 S.
949 4362 1087 4422 off..
1140 4363 1308 4414 instr.
1365 4360 1466 4421 (ad
1513 4362 1859 4413 Adininlstr.
1903 4363 2010 4421 Ap.
2052 4360 2374 4421 Pei-them),
2418 4360 2484 4411 15
2521 4362 2669 4420 sept.
2715 4359 2860 4421 18693
2900 4359 3139 4410 Rituale
3190 4357 3375 4417 Rom..

398 4455 494 4506 tit.
531 4453 612 4514 11,
644 4464 693 4503 c.
734 4454 785 4512 1,
821 4453 890 4502 de
929 4454 1297 4502 sacramento
1334 4449 1609 4510 baptism&
1641 4450 1757 4501 rite
1787 4449 2278 4509 administrando,
2313 4462 2372 4500 n.
2405 4449 2455 4512 23
2482 4460 2532 4500 c.
2576 4448 2626 4509 2,
2667 4447 2822 4500 Ordo
2866 4447 3141 4505 baptismi
3171 4454 3382 4503 parvu-

399 4546 608 4599 lorum:
636 4553 685 4593 c.
720 4543 770 4603 4,
806 4541 961 4592 Ordo
1005 4541 1278 4600 baptisma·
1315 4540 1669 4592 adultorum.

578 4635 605 4672 ²
641 4634 705 4684 C.
735 4633 817 4692 13,
854 4633 926 4684 D.
955 4632 1166 4693 xcn1;
1198 4643 1246 4682 c.
1277 4633 1359 4692 19,
1390 4632 1461 4682 D.
1495 4631 1595 4692 IV,
1626 4632 1696 4680 de
1727 4642 1904 4686 cona:
1927 4642 1978 4681 c.
2007 4631 2057 4691 1,
2094 4630 2163 4689 X,
2195 4631 2266 4681 de
2302 4627 2511 4679 clerico
2539 4640 2653 4679 non
2682 4625 2952 4690 ordinqto
2982 4622 3379 4682 ministrante,

400 4726 469 4783 V,
494 4723 575 4784 28;
595 4724 895 4785 musenius
918 4722 1000 4774 1v
1036 4723 1123 4782 (ln
1143 4723 1315 4774 Cone.
1343 4721 1713 4780 Florentia),
1736 4723 1905 4772 const
1931 4735 1961 4770 α
1989 4718 2274 4770 Eat-altato
2296 4718 2418 4770 Deo
2446 4732 2492 4777 ο,
2518 4716 2583 4767 22
2608 4729 2737 4767 nov.
2769 4714 2916 4774 1439,
2944 4713 2970 4773 ς
3001 4713 3084 4774 10;
3109 4711 3383 4764 Innocen-

399 4814 526 4866 tius
549 4813 615 4874 X,
648 4814 835 4865 const.
865 4827 896 4862 ι
930 4812 1072 4862 Cum
1105 4811 1258 4862 sicut
1287 4825 1336 4872 n,
1365 4812 1431 4862 14
1455 4811 1599 4861 mali
1631 4808 1779 4870 1648,
1814 4809 1842 4870 ς
1869 4810 1920 4869 4,
1949 4809 2026 4860 ad
2052 4808 2134 4870 17;
2169 4806 2227 4860 S.
2259 4807 2324 4859 C.
2354 4807 2440 4867 O..
2470 4805 2842 4861 Febr-tanen„
2874 4802 2938 4853 24
2967 4802 3132 4862 man,
3164 4801 3227 4852 21
3258 4801 3380 4853 iun.

400 4901 548 4963 1782,
577 4901 611 4953 2
634 4902 797 4962 mail,
826 4901 893 4953 14
921 4913 1053 4953 nov.
1082 4901 1229 4961 1733,
1256 4900 1291 4951 6
1314 4901 1486 4960 τρυε..
1516 4898 1583 4950 2⁰
1613 4901 1788 4951 mart.
1816 4898 1965 4959 1734:
1993 4896 2230 4955 Aesim,
2259 4896 2325 4947 15
2355 4896 2457 4948 lul.
2496 4894 2642 4954 1797;
2669 4891 3135 4949 Gaucllinoren„
3172 4890 3206 4942 7
3233 4893 3382 4952 sept.

401 4991 549 5052 1895:
570 4990 630 5045 8.
659 4991 726 5044 0.
747 4990 823 5044 de
851 4991 1021 5050 Pron.
1050 4988 1196 5042 ride
1225 4989 1313 5050 (O.
1343 4989 1460 5051 G.),
1483 4989 1548 5042 13
1576 4990 1697 5040 iun.
1724 4987 1871 5049 1633:
1894 4987 1951 5040 S.
1978 4987 2047 5038 R.
2072 4985 2159 5046 0..
2190 4985 2551 5042 Ner-nonen„
2575 4984 2609 5034 9
2629 4981 2772 5033 mail
2798 4980 2944 5042 160oe
2973 4979 3386 5041 Senoaallien„

404 5080 470 5132 1⁶
498 5091 625 5141 apr.
659 5079 807 5142 1039:
838 5077 1181 5131 pontificale
1221 5078 1408 5139 Rom..
1446 5078 1542 5130 tit.
1588 5077 1676 5128 Do
1707 5075 2079 5128 ordinatione
2110 5069 2455 5134 presbyteri.-
2489 5071 2584 5124 tlt.
2621 5070 2708 5121 Do
2744 5068 3180 5120 consecratione
3216 5067 3387 5119 electi

403 5171 467 5221 in
489 5170 841 5230 episcopum:
867 5168 1112 5221 Rituale
1134 5168 1323 5229 Rom„
1355 5169 1450 5221 tlt.
1481 5168 1565 5229 11,
1590 5178 1639 5219 c.
1669 5168 1720 5229 1,
1747 5169 1820 5218 do
1846 5167 2215 5218 sacramento
2241 5161 2516 5222 tantum
2539 5161 2656 5213 rite
2688 5159 3179 5218 administrando,
3209 5171 3268 5210 n.
3303 5159 3384 5210 12.

582 5262 610 5299 ⁸
641 5259 707 5312 Ο.
734 5259 818 5320 13,
848 5259 920 5310 D.
949 5257 1161 5320 X0111;
1192 5270 1241 5309 c.
1274 5258 1356 5318 19,
1394 5257 1464 5310 D.
1492 5257 1597 5317 IV,
1625 5257 1698 5307 de
1726 5263 1905 5311 conss
1926 5266 1977 5306 c.
2007 5255 2059 5314 1,
2089 5253 2156 5314 X,
2188 5254 2260 5302 dc
2295 5249 2506 5303 cler-loo
2532 5260 2651 5300 non
2684 5249 2960 5300 ordinato
2988 5248 3387 5303 ministrante,

406 5349 475 5410 V,
506 5350 589 5414 283
617 5347 962 5402 pontificale
994 5348 1183 5410 Rom„
1217 5348 1312 5400 tlt.
1350 5347 1438 5398 De
1468 5345 1839 5398 ordinatione
1873 5342 2125 5396 aiaconi.
2158 5369 2226 5381 -
2255 5340 2404 5394 Vide
2440 5339 2628 5393 etiam
2657 5350 2788 5391 can.
2821 5339 2971 5399 114⁷,
3017 5339 3045 5400 ς
3078 5339 3129 5390 4.

587 5442 616 5478 ⁴
645 5439 711 5492 Ο.
740 5440 823 5500 40,
849 5438 914 5490 0.
943 5438 1142 5499 XXIV,
1174 5449 1229 5499 q.
1262 5438 1312 5497 1:
1336 5448 1386 5489 c.
1419 5436 1472 5497 7,
1504 5435 1571 5489 C.
1597 5435 1759 5498 m,
1785 5436 1926 5497 q.1.;
1951 5444 2001 5485 ο.
2035 5435 2085 5495 4,
2112 5432 2177 5485 0.
2207 5431 2370 5493 XXX,
2399 5441 2453 5492 q.
2485 5430 2537 5493 ὃς
2562 5441 2613 5482 c.
2645 5430 2729 5492 19,
2763 5429 2847 5491 21,
2875 5429 2958 5491 23,
2995 5426 3164 5487 28-32,
3192 5425 3276 5486 38,
3308 5425 3391 5486 40,

409 5530 491 5589 41,
522 5530 604 5590 43,
634 5529 719 5589 51,
752 5529 824 5579 D.
859 5527 961 5588 IV,
995 5529 1066 5579 de
1108 5537 1285 5584 conos
1312 5539 1362 5578 c.
1405 5526 1457 5591 1,
1490 5527 1557 5586 X,
1594 5527 1665 5576 ae
1698 5535 1925 5577 summa
1961 5523 2255 5573 Transsate
2288 5523 2347 5572 et
2378 5520 2493 5582 nas
2525 5518 2837 5578 catholica,
2880 5518 2931 5579 1,
2968 5520 3017 5578 13
3057 5517 3232 5568 conc.
3266 5515 3392 5567 'rri-
