3753 5871
607 301 717 360 550
1748 309 1945 360 ooaoae
1983 310 2144 362 lum
2193 310 2472 362 canoniae

1865 549 2046 618 Gan.
2105 551 2301 619 1985.

788 689 881 756 Ιιι
930 690 1174 756 causis
1217 708 1403 775 quae
1443 696 1784 776 spectant
1820 693 1918 760 ad
1966 693 2591 778 dispensationem
2641 695 3096 765 matrimonii
3138 698 3292 764 rati
3335 702 3408 764 et
3441 715 3558 764 non

610 799 1125 881 consummati,
1156 798 1374 865 iudex
1401 799 1812 868 instructor
1838 820 2070 886 neque
2096 803 2191 869 ad
2225 802 2799 887 publicationem
2825 822 3211 889 processus
3243 823 3466 890 neque
3485 803 3557 872 ad

611 905 1054 972 sententiam
1095 924 1317 991 super
1358 907 1522 990 ipsa
1571 907 2282 977 inconsummatione
2321 914 2397 979 et
2437 911 2685 978 causis
2724 911 2819 978 ad
2858 912 3435 996 dispensandum
3467 913 3558 980 de

610 1012 886 1095 veniat,
926 1014 1052 1081 sed
1088 1015 1337 1082 omnia
1369 1020 1541 1082 acta
1576 1034 1724 1083 una
1766 1035 1935 1086 cum
1968 1020 2145 1086 voto
2175 1017 2460 1103 scripto
2494 1019 2845 1104 Episcopi
2884 1024 2962 1090 et
2992 1021 3407 1089 defensoris
3435 1020 3558 1087 vin-

610 1118 763 1184 culi
806 1121 1273 1188 transmittat
1323 1122 1417 1189 ad
1466 1123 1722 1190 sedem
1766 1125 2269 1209 Apostolicam
2313 1122 2363 1190 ¹.

1872 1444 2134 1513 caru-r
2171 1445 2309 1514 VI.

1691 1582 1803 1650 Do
1848 1584 2497 1669 appellationibm.

1885 1797 2061 1863 ΟΔΝ.
2111 1797 2305 1865 1986.

783 1934 853 2000 A
892 1934 1137 2019 prima
1167 1936 1561 2019 sententia,
1600 1953 1787 2021 quae
1819 1937 2274 2006 matrimonii
2307 1939 2728 2008 nullitatem
2765 1939 3284 2023 declaraverit,
3323 1938 3569 2007 vinculi

610 2041 978 2125 defensor,
1020 2042 1227 2112 intra
1261 2044 1672 2130 legitimum
1704 2048 2022 2131 tempus,
2059 2047 2156 2114 ad
2187 2048 2529 2132 superius
2567 2048 2900 2115 tribunal
2931 2066 3337 2133 provocare
3367 2048 3570 2127 debet

611 2152 689 2217 et
727 2148 794 2216 si
828 2150 1157 2235 negligat
1192 2150 1506 2218 officium
1540 2169 1756 2219 suum
1789 2154 1936 2238 imp
1946 2154 2121 2236 lere,
2158 2155 2648 2239 compellatur
2681 2155 3132 2223 auctoritate
3176 2156 3452 2223 iudicis
3479 2151 3523 2216 ⁸.

1883 2350 2059 2417 CAN.
2107 2349 2302 2416 1987.

785 2491 966 2559 Post
1002 2491 1395 2559 secundam
1441 2494 1912 2575 sententiam,
1954 2511 2140 2577 quae
2176 2492 2632 2560 matrimonii
2669 2492 3088 2559 nullitatem
3125 2492 3570 2559 confirmave

614 2599 741 2682 rit,
790 2600 855 2666 si
897 2600 1242 2667 defensor
1283 2600 1562 2668 vinculi
1605 2602 1684 2667 in
1738 2601 1976 2687 gradu
2020 2601 2546 2686 appellationis
2588 2619 2727 2686 pro
2769 2619 2908 2667 sua
2948 2600 3416 2668 conscientia
3453 2616 3572 2666 non

609 2705 1010 2774 crediderit
1043 2726 1201 2775 esse
1235 2708 1785 2791 appellandum,
1824 2709 1946 2775 ius
1979 2708 2416 2793 coniugibus
2459 2713 2597 2790 est,
2636 2705 2882 2775 decem
2927 2707 3187 2774 diebus
3226 2726 3277 2774 a
3316 2711 3571 2775 senten·

611 2812 764 2880 tiae
806 2813 1370 2881 denuntiatione
1408 2815 1705 2899 elapsis,
1746 2834 1974 2883 novas
2011 2816 2315 2900 nuptias
2359 2815 2846 2884 contrahendi
2886 2809 2939 2877 ⁸.

1882 3013 2057 3079 ΟΔΝ.
2106 3011 2301 3078 1988.

785 3152 1099 3219 Decreta
1129 3154 1584 3221 matrimonii
1618 3153 1991 3236 nullitate,
2028 3152 2473 3221 Ordinarius
2506 3152 2648 3220 loci
2685 3170 2951 3220 curare
2981 3150 3221 3232 debet,
3271 3156 3364 3218 ut
3396 3149 3484 3217 de
3509 3164 3576 3213 en

613 3259 891 3327 mentio
924 3259 1057 3327 flat
1102 3262 1180 3327 in
1219 3261 1752 3345 baptismorum
1792 3266 1867 3329 et
1915 3261 2552 3328 matrimoniorum
2595 3259 2927 3345 regestis,
2974 3258 3098 3327 ubi
3137 3253 3575 3325 matrimonii

610 3365 1008 3434 celebratio
1045 3368 1478 3452 consignata
1525 3368 1926 3436 invenitur.

1873 3546 2051 3613 om.
2101 3546 2295 3613 1989.

787 3691 971 3758 Cum
1015 3691 1424 3759 sententiae
1464 3690 1543 3757 in
1591 3691 1839 3758 causis
1913 3688 2583 3756 matrimonialibus
2645 3705 3019 3772 nunquam
3084 3689 3484 3753 transeant
3517 3680 3577 3747 in

614 3816 764 3865 rem
801 3797 1231 3880 iudicatam,
1267 3817 1535 3865 causae
1569 3799 1798 3882 ipsae,
1838 3799 1902 3865 si
1941 3816 2129 3864 nova
2174 3799 2611 3881 argumenta
2646 3797 2941 3879 praesto
2975 3791 3153 3871 sint,
3197 3785 3575 3860 retractari

613 3922 899 3989 semper
932 3908 1306 3989 poterunt,
1353 3905 1565 3972 firmo
1599 3906 2059 3990 praescripto
2092 3924 2255 3971 can.
2294 3905 2465 3972 1903
2508 3900 2561 3965 ⁴.

793 4148 815 4185 ²
854 4147 912 4200 Β.
945 4149 1010 4201 O.
1046 4148 1105 4200 S.
1138 4147 1276 4209 Off„
1303 4148 1474 4200 lnstr.
1507 4147 1609 4208 (ad
1638 4148 1745 4207 Dp.
1769 4147 2013 4198 Rituum
2036 4146 2308 4208 Orlent.),
2336 4159 2392 4198 a.
2424 4146 2571 4208 1883,
2601 4147 2696 4199 tlt.
2723 4146 2822 4205 vl.
2846 4149 2962 4198 art.
2987 4146 3036 4207 5;
3058 4145 3228 4196 instr.
3270 4143 3574 4206 (nyseus).

614 4240 649 4291 Β
673 4249 807 4299 aug.
837 4236 986 4298 1890,
1017 4249 1075 4289 ιι.
1098 4236 1407 4289 -7.—Vlde
1435 4236 1618 4289 etlam
1648 4247 1778 4288 can.
1812 4236 1960 4288 1962.

791 4337 815 4370 ²
857 4328 1210 4380 Benedictus
1236 4328 1386 4389 xlv.
1417 4330 1601 4380 const.
1642 4343 1673 4379 ι
1704 4327 1814 4378 Dei
1845 4327 2222 4378 miseratione
2257 4342 2305 4384 ι,
2343 4327 2377 4381 8
2413 4339 2544 4379 nov.
2579 4326 2725 4385 1741,
2760 4325 2787 4386 2
2819 4325 2868 4387 8:
2895 4337 2987 4385 ep.
3022 4325 3241 4385 encycl.
3283 4340 3317 4374 ι
3348 4322 3572 4373 Ninu-

616 4418 916 4468 uoeutiam
947 4433 996 4478 ι,
1028 4419 1094 4470 18
1124 4418 1267 4469 mall
1300 4418 1446 4477 1743,
1486 4418 1513 4479 ί
1546 4419 1596 4480 7;
1627 4421 1811 4471 const.
1847 4433 1879 4469 ι
1913 4417 1980 4468 Si
2022 4419 2224 4467 datam
2266 4432 2314 4476 ι,
2352 4418 2386 4468 4
2418 4419 2593 4469 mart.
2626 4415 2772 4477 174&
2806 4415 2865 4468 Β.
2898 4415 2963 4467 Ο.
2998 4414 3057 4467 Β.
3087 4413 3228 4473 Off..
3281 4415 3456 4466 lustr.
3493 4407 3571 4466 (td

616 4509 723 4569 Dp.
759 4508 1004 4560 Bituum
1039 4508 1311 4568 Oricum,
1349 4520 1404 4560 a.
1443 4508 1591 4568 1883,
1627 4510 1723 4561 tlt.
1763 4508 1863 4568 lv,
1900 4520 1956 4558 n.
1996 4508 2076 4567 25;
2113 4506 2172 4559 S.
2205 4506 2268 4559 C.
2301 4507 2390 4566 0.,
2437 4507 2608 4558 instr.
2654 4506 2719 4556 22
2754 4518 2889 4567 aug.
2930 4504 3075 4564 184ος
3110 4502 3169 4555 S.
3200 4504 3275 4555 C.
3310 4505 3389 4556 de
3430 4504 3569 4557 Pron

616 4598 779 4658 Fide,
811 4598 981 4650 instr.
1014 4611 1070 4649 a.
1110 4598 1258 4658 1883,
1291 4610 1348 4647 ιι.
1384 4596 1465 4648 25.

800 4693 826 4727 ³
856 4689 1208 4740 Benedictus
1236 4688 1385 4748 XIV,
1415 4691 1598 4740 const.
1632 4703 1663 4739 ι
1693 4686 2212 4748 Detrahet-atione
2245 4688 2357 4749 »,-3
2384 4699 2515 4739 nov.
2550 4686 2696 4746 1741,
2738 4686 2764 4746 5
2796 4686 2847 4745 9,
2878 4686 2961 4745 11,
2994 4685 3074 4744 14;
3107 4692 3307 4736 const.
3347 4700 3379 4733 ι
3410 4685 3472 4734 Sl
3498 4680 3568 4728 ἡ·

619 4783 741 4830 tom
783 4793 832 4839 n,
866 4780 899 4830 4
931 4783 1104 4831 mart.
1143 4780 1286 4840 174&
1323 4778 1382 4831 S.
1414 4779 1479 4831 O.
1515 4778 1572 4831 S.
1606 4778 1744 4839 Off„
1785 4779 1958 4831 instr.
2014 4778 2115 4834 (ad
2159 4777 2265 4838 Bp.
2304 4777 2549 4828 Rituum
2583 4776 2857 4835 Orlent.),
2895 4787 2951 4825 a.
2991 4772 3137 4833 m.
3177 4773 3282 4825 tit.
3326 4774 3395 4832 V.
3431 4785 3484 4824 n.
3509 4768 3569 4820 ³⁹

618 4871 676 4922 S.
710 4869 775 4921 O.
808 4868 896 4929 0.,
929 4869 1097 4921 instr.
1132 4870 1195 4919 22
1225 4882 1359 4931 aug.
1392 4870 1537 4930 181ος
1573 4869 1631 4922 Β.
1666 4869 1731 4921 Ο.
1766 4869 1848 4922 de
1870 4870 2042 4930 Prop.
2080 4867 2242 4928 Fide,
2287 4867 2457 4919 instr.
2501 4879 2556 4918 a.
2594 4865 2742 4925 1883,
2777 4878 2835 4915 ιι.
2867 4864 2951 4916 30.

794 4964 824 5000 ⁴
852 4960 918 5012 O.
954 4960 1004 5019 7,
1036 4960 1102 5020 Χ,
1139 4962 1208 5010 de
1241 4960 1535 5010 sententia
1577 4964 1636 5011 σε
1670 4971 1735 5010 m
1771 4958 2057 5017 iudicata,
2102 4958 2185 5018 11,
2230 4957 2312 5018 273
2346 4956 2698 5009 Benedictus
2730 4955 2881 5014 XIV,
2917 4958 3102 5006 const.
3142 4968 3174 5003 ι
3210 4953 3336 5004 Dei
3368 4953 3565 5000 ninn-

619 5053 775 5104 tione
798 5067 846 5112 ι,
870 5052 904 5104 3
925 5063 1056 5102 nov.
1083 5052 1229 5112 1741,
1261 5052 1288 5112 ξ
1313 5053 1394 5111 n:
1421 5051 1478 5104 S.
1510 5051 1576 5103 O.
1612 5049 1671 5103 8.
1697 5049 1835 5111 Off„
1863 5050 2035 5102 instr.
2078 5048 2180 5110 (ad
2213 5048 2318 5108 mp.
2350 5048 2594 5099 thuum
2622 5045 2896 5105 Oricum,
2931 5056 2987 5096 a.
3015 5043 3161 5103 1883,
3190 5043 3294 5096 tit.
3330 5045 3401 5101 v,
3430 5056 3480 5094 ιι.
3504 5037 3565 5092 8

620 5142 676 5193 S.
710 5142 773 5194 Ο.
807 5142 894 5201 0..
927 5142 1096 5193 lustr.
1126 5142 1191 5192 22
1216 5153 1350 5202 aug.
1389 5141 1535 5202 181ος
1566 5139 1624 5192 S.
1656 5140 1720 5192 O.
1755 5140 1830 5192 de
1866 5141 2037 5200 Prop.
2081 5138 2242 5197 Fide,
2275 5138 2445 5190 instr.
2477 5150 2531 5188 a.
2565 5135 2712 5194 1883.
2745 5148 2802 5186 ιι.
2837 5135 2919 5187 39.
