3753 5871
1591 309 1955 361 Documento
3160 307 3270 367 683

259 502 452 561 runt
487 497 805 576 proprias
844 495 1201 558 schedulas
1237 507 1396 573 post
1429 496 1780 558 Decanum
1815 496 2145 558 conficere
2179 499 2251 558 et
2283 496 2359 557 in
2395 495 2673 558 calicem
2712 514 2985 575 ponere,
3024 496 3269 560 deinde

260 606 446 667 dum
483 605 691 667 ceteri
733 601 1140 666 cardinales
1178 601 1588 665 scrutinium
1636 606 1879 681 agunt,
1922 604 2012 665 ad
2059 603 2372 664 infirmos
2414 618 2692 681 pergere
2740 602 2831 665 ad
2871 602 3269 681 accipienda

261 728 518 774 eorum
551 710 883 790 suffragia
914 729 992 773 eo
1025 710 1247 788 modo,
1283 726 1416 788 quo
1450 710 1759 788 proxime
1797 715 1960 774 ante
1993 709 2255 773 dictum
2297 714 2425 774 est.

450 823 553 885 70.
590 821 899 896 Quartus
936 823 1136 883 actus
1168 819 1487 881 scrutinii
1527 822 1636 881 est
1673 818 2150 881 schedularum
2187 819 2575 898 permixtio,
2611 835 2786 897 quae
2818 820 2939 882 fiet
2977 836 3101 898 per
3140 819 3275 898 pri·

263 945 468 991 mum
505 928 999 1005 scrutatorem,
1033 928 1245 989 calice
1277 928 1350 988 in
1380 944 1516 1006 quo
1545 928 1739 1005 ipsae
1777 926 2139 990 schedulae
2171 926 2440 1005 positae
2479 928 2788 1005 fuerunt,
2828 930 3080 1005 patena
3121 942 3267 990 coo·

269 1039 507 1116 perto,
548 1036 809 1115 pluries
841 1035 1131 1115 agitato.

469 1144 571 1206 71.
621 1144 922 1219 Quintus
957 1147 1156 1205 actus
1190 1147 1298 1206 est
1330 1143 1718 1206 numeratio
1754 1142 2258 1220 schedularum,
2297 1159 2473 1221 quae
2508 1141 2736 1220 palam
2785 1142 2905 1205 flet
2944 1159 3068 1221 per
3111 1142 3270 1205 ulti·

269 1268 471 1313 mum
523 1251 1018 1328 Scrutatorem,
1059 1250 1392 1328 capiendo
1432 1248 1839 1328 singillatim
1881 1266 2425 1328 unamquamque
2466 1248 2857 1312 schedulam
2908 1268 2991 1313 ex
3036 1249 3272 1314 calice.

270 1375 569 1437 eamque
613 1358 925 1437 ponendo
960 1359 1033 1418 in
1073 1359 1311 1435 alium,
1351 1358 1469 1437 qui
1505 1358 1593 1419 ad
1631 1358 1757 1420 hoc
1796 1361 2089 1436 para-tus
2132 1357 2250 1436 sit,
2294 1358 2574 1420 calicem
2621 1375 2931 1420 vacuum.
2978 1357 3173 1432 Quod
3214 1359 3273 1420 si

273 1482 614 1528 numerus
663 1465 1138 1528 schedularum
1184 1482 1320 1526 non
1379 1465 1791 1544 respondeat
1832 1482 2118 1527 numero
2165 1463 2664 1543 Cardinalium,
2727 1483 2958 1527 omnes
3007 1466 3273 1526 combu-

274 1573 540 1637 rendae
585 1580 772 1650 sunt,
809 1581 879 1637 et
915 1574 1190 1642 iterum,
1227 1573 1408 1635 idest
1444 1573 1739 1636 secunda
1777 1574 1946 1651 vice,
1985 1575 2075 1635 ad
2122 1573 2454 1652 suffragia
2494 1573 2733 1635 statim
2780 1575 2887 1635 est
2924 1572 3273 1635 devenien-

274 1681 475 1743 dum.
520 1681 595 1743 si
643 1698 801 1744 vero
835 1698 1160 1744 numerus
1199 1680 1675 1743 schedularum
1718 1698 2001 1743 numero
2046 1680 2522 1742 cardinalium
2565 1681 2998 1759 respondeat,
3052 1697 3273 1758 prose·

276 1788 544 1866 quendi
580 1792 745 1851 sunt
782 1786 906 1851 alii
943 1792 1144 1851 actus
1180 1788 1524 1851 scrutinii.

472 1896 576 1958 72.
610 1896 860 1959 Sextus
884 1901 1085 1960 actus
1115 1901 1223 1960 est
1248 1895 1626 1974 publicatio
1654 1897 2000 1973 scrutinii,
2035 1912 2209 1973 quae
2239 1914 2361 1973 per
2397 1896 2857 1972 Scrutatores,
2893 1896 3013 1974 qui
3041 1895 3280 1958 sedent

278 2004 386 2066 ad
425 2020 725 2066 mensam
767 2007 929 2066 ante
971 2006 1213 2065 Altare
1258 2003 1579 2082 positam,
1627 2004 1743 2067 fiet
1787 2005 1911 2067 hoc
1964 2003 2185 2066 modo.
2245 2003 2521 2064 Primus
2568 2003 2933 2065 scrutator
2987 2002 3280 2080 accipiet

280 2128 500 2173 unam
544 2110 960 2187 schedulam,
1002 2127 1283 2189 eamque
1329 2110 1617 2173 intactis
1657 2111 1910 2190 sigillis
1949 2109 2346 2188 explicabit,
2399 2113 2471 2173 et
2513 2110 2661 2173 viso
2708 2111 2782 2170 in
2834 2128 2914 2173 ea
2958 2109 3280 2179 schedula

279 2219 494 2282 electi
530 2218 826 2297 nomine,
867 2235 1017 2281 eam
1065 2217 1298 2281 tradet
1346 2218 1640 2281 secundo
1686 2217 2102 2295 scrutatori,
2153 2218 2270 2296 qui
2313 2218 2601 2295 pariter,
2642 2218 2874 2280 eodem
2925 2215 3124 2280 electi
3164 2233 3278 2278 no-

281 2327 476 2390 mine
511 2329 890 2404 perspecto,
925 2326 1227 2389 eamdem
1260 2325 1494 2388 tradet
1526 2325 1760 2404 tertio,
1797 2327 1915 2403 qui
1948 2324 2141 2387 illam
2183 2327 2330 2387 alta
2363 2329 2436 2388 et
2468 2325 2894 2403 intelligibili
2938 2342 3097 2387 voce
3134 2341 3278 2402 per·

282 2435 498 2512 leget,
543 2439 625 2497 ut
665 2451 897 2496 omnes
932 2433 1337 2496 cardinales
1371 2439 1766 2513 praesentes
1802 2437 2045 2496 notare
2090 2433 2361 2511 possint
2397 2432 2800 2511 suffragium
2836 2431 2910 2492 in
2955 2430 3127 2494 folio
3160 2432 3279 2491 im-

284 2557 554 2619 presso,
586 2542 768 2618 quod
798 2558 1003 2619 penes
1033 2560 1105 2604 se
1133 2542 1481 2604 habebunt
1510 2560 1663 2604 cum
1693 2541 2085 2604 nominibus
2120 2541 2423 2602 omnium
2456 2538 2970 2603 Cardinalium:
3009 2539 3283 2601 notabit

282 2652 528 2711 autem
569 2649 770 2711 iuxta
810 2665 1052 2711 nomen
1088 2647 1485 2711 cardinalis
1518 2666 1602 2712 ex
1647 2648 1971 2711 schedula
2019 2648 2317 2711 recitati.
2362 2648 2554 2711 Idem
2591 2646 2980 2710 faciendum
3028 2647 3165 2710 erit
3201 2646 3284 2709 de

281 2755 547 2818 ceteris
578 2755 923 2819 schedulis
951 2757 1023 2817 in
1057 2756 1269 2820 calice
1302 2756 1573 2834 positis,
1610 2772 1823 2833 usque
1852 2757 1941 2818 ad
1987 2757 2322 2819 ultimam.
2359 2756 2555 2831 Quod
2592 2757 2650 2818 si
2693 2757 2765 2818 in
2810 2755 3127 2817 scrutinii
3164 2771 3281 2831 pu·

286 2862 668 2926 tilicatione
708 2864 1065 2926 inveniant
1112 2863 1550 2926 scrutatores
1603 2863 1775 2925 duas
1820 2862 2180 2926 schedulas
2231 2864 2337 2925 ita
2386 2862 2838 2942 complicatas
2880 2867 2965 2924 ut
3005 2863 3091 2924 ab
3146 2879 3286 2923 uno

283 2976 573 3035 tantum
595 2973 800 3035 datas
820 2972 1040 3036 tuisse
1060 2975 1418 3050 appareat,
1446 2971 1506 3033 si
1529 2972 1800 3050 quidem
1828 2989 2009 3033 unus
2036 2976 2109 3035 et
2130 2972 2309 3035 idem
2334 2972 2407 3033 in
2439 2975 2734 3050 utraque
2758 2970 3018 3034 electus
3043 2970 3283 3049 fuerit,

286 3077 664 3142 schedulae
718 3078 1112 3158 praedictae
1159 3079 1594 3141 habebuntur
1635 3084 1708 3142 et
1751 3080 2182 3142 notabuntur
2237 3096 2364 3157 pro
2419 3096 2559 3142 uno
2605 3078 2959 3157 suffragio,
3009 3078 3067 3139 si
3128 3094 3287 3141 vero

286 3185 553 3250 diversi
588 3185 853 3249 tuerint
880 3185 1244 3263 nominati,
1280 3190 1600 3249 neutrum
1637 3187 2041 3266 suffragium
2076 3187 2379 3249 validum
2412 3186 2568 3264 erit3
2613 3185 3022 3248 scrutinium
3056 3173 3286 3247 tamen

288 3296 547 3357 neutro
592 3311 756 3356 casu
812 3293 1126 3356 vitiatur.
1184 3291 1501 3357 Ceterum
1549 3294 1882 3373 suffragia
1928 3294 2306 3372 praedicta,
2358 3293 2561 3356 finita
2617 3293 2936 3355 scrutinii
2986 3292 3285 3370 publica·

288 3402 512 3481 tione,
544 3418 591 3464 a
614 3400 1134 3463 scrutatoribus
1157 3400 1357 3464 iuxta
1383 3402 1660 3464 nomina
1688 3402 2187 3481 cardinalium,
2216 3401 2332 3480 qui
2360 3419 2442 3465 ea
2468 3401 2939 3478 obtinuerunt,
2974 3401 3049 3460 in
3081 3416 3286 3461 unam

293 3525 634 3578 summam
674 3508 1095 3586 redigentur,
1140 3507 1244 3571 vel
1293 3508 1367 3569 in
1419 3512 1740 3586 separa-to
1781 3508 1952 3572 folio
1996 3509 2447 3587 notabuntur,
2502 3509 2627 3570 hoc
2669 3509 2906 3569 modo:
2960 3504 3284 3564 Reveren-

291 3617 628 3680 dissimus
665 3617 753 3677 D.
801 3617 1197 3679 cardinalis
1236 3617 1298 3679 A
1350 3617 1555 3678 habet
1596 3617 1929 3695 auffrayia
1978 3618 2090 3692 20,
2132 3621 2200 3679 et
2246 3617 2876 3679 Reverendicsimus
2916 3616 3004 3677 D.
3049 3615 3285 3677 cardi·

291 3724 484 3785 nalis
509 3721 569 3782 Β
595 3721 801 3784 habet
828 3723 1161 3801 suffr-apia
1191 3724 1300 3806 15,
1332 3728 1405 3788 et
1431 3725 1529 3788 sic
1554 3725 1637 3788 de
1661 3723 1843 3800 aliis3
1869 3724 2048 3802 quod
2082 3725 2163 3787 fit
2187 3742 2273 3787 ne
2306 3721 2735 3798 cardinales,
2764 3740 2915 3785 cum
2954 3739 3129 3799 opus
3154 3725 3284 3800 est,

291 3833 640 3910 cogantur
660 3848 924 3910 semper
944 3848 1304 3894 numerare
1329 3832 1684 3911 suffragia,
1709 3849 1883 3910 quae
1903 3833 2101 3893 iuxta
2129 3831 2406 3892 nomina
2432 3830 2907 3893 cardinalium
2931 3832 3287 3891 notarunt.

463 3937 566 4000 73.
600 3938 951 4017 Septimus
969 3941 1171 4002 actus
1193 3939 1512 4001 scrutinii
1531 3942 1641 4002 est
1664 3938 2142 4001 schedularum
2162 3939 2237 3999 in
2267 3938 2456 4000 filum
2479 3938 2980 4015 insertio,quae
3003 3940 3085 4000 ut
3112 3936 3291 3999 sche-

294 4045 509 4108 dulae
532 4045 725 4123 ipsae
754 4047 1029 4118 cautius
1052 4047 1441 4109 conservari
1470 4047 1736 4124 possint
1765 4047 2157 4125 excogitata
2179 4047 2342 4108 fuit.
2380 4045 2567 4131 Haec
2594 4049 2826 4107 autem
2853 4045 3140 4107 insertio
3175 4045 3295 4108 flet

297 4170 429 4232 per
451 4152 771 4214 ultimum
805 4152 1298 4228 scruta-torem,
1327 4154 1691 4217 inserendo
1719 4153 2110 4217 schedulam
2141 4170 2707 4231 unamquamque,
2748 4156 3106 4230 postquam
3144 4169 3291 4215 eam

297 4261 695 4339 perlegerit,
724 4278 851 4323 acu
879 4278 1033 4322 cum
1068 4260 1184 4323 filo
1208 4262 1296 4323 ad
1326 4262 1506 4323 hunc
1531 4262 1845 4325 effectum
1873 4265 2144 4339 parato,
2177 4262 2253 4323 in
2281 4261 2453 4337 loc0,
2490 4261 2607 4323 ubi
2642 4265 2751 4323 est
2776 4261 3052 4323 verbum
3082 4262 3289 4334 Engo.

487 4366 588 4428 74.
629 4366 931 4430 Octavus
962 4372 1036 4431 et
1066 4372 1453 4446 postremus
1495 4369 1815 4431 scrutinii
1853 4373 2052 4431 actus
2085 4373 2193 4432 est
2227 4368 2567 4446 depositio
2600 4367 3077 4430 schedularum
3114 4383 3289 4428 seor·

300 4492 484 4553 sum,
515 4491 687 4552 quae
715 4475 1039 4538 similiter
1060 4476 1175 4538 fiet
1202 4494 1326 4555 per
1348 4475 1665 4538 ultimum
1691 4476 2184 4552 Scrutatorem,
2205 4476 2348 4553 qui,
2370 4476 2568 4539 finita
2594 4474 2971 4537 insertione
2994 4473 3293 4536 omnium

300 4580 785 4644 schedularum
815 4584 887 4644 in
925 4582 1138 4661 filum,
1167 4585 1399 4663 capita
1429 4584 1530 4645 fili
1559 4583 1738 4646 nodo
1762 4584 2025 4662 iunget,
2056 4588 2128 4646 et
2154 4583 2514 4646 schedulas
2541 4600 2774 4645 omnes
2801 4582 2903 4644 ita
2931 4580 3293 4660 colligatas

298 4690 382 4750 in
420 4689 634 4751 alium
674 4690 954 4753 calicem
990 4691 1449 4768 vacuum„vel
1482 4693 1554 4753 in
1587 4709 1822 4754 mensa
1858 4707 2157 4752 seorsum
2195 4694 2423 4769 ponet.

491 4796 593 4859 75.
631 4797 959 4875 Sequitur
980 4799 1193 4860 tertia
1222 4802 1292 4860 et
1321 4803 1668 4875 postrema
1694 4799 1901 4876 actio,
1936 4814 2110 4875 quae
2140 4798 2710 4874 postsorutinium
2747 4795 3101 4875 appellata·
3126 4796 3291 4873 fuit,

300 4903 506 4967 cuius
533 4906 733 4966 actus
758 4909 903 4967 tres
939 4908 1125 4974 sunt,
1160 4902 1514 4967 videlicet:
1560 4906 1949 4967 numeratio
1985 4904 2492 4983 suffragiorum,
2526 4920 2760 4966 eorum
2790 4901 3189 4980 recogniti0‚
3222 4905 3295 4965 et

302 5009 786 5073 schedularum
820 5013 1222 5074 combustio.

493 5118 771 5180 Primus
798 5119 1033 5197 itaque
1062 5126 1261 5182 actus
1285 5125 1393 5183 est
1422 5122 1809 5183 numeratio
1832 5121 2339 5200 suffra-giorum,
2368 5138 2539 5198 quae
2564 5121 2687 5187 fiet
2710 5137 2832 5197 per
2859 5118 3296 5181 Scrutatores

306 5242 597 5304 semper,
638 5226 777 5288 sive
813 5231 1048 5289 secuta-
1092 5226 1185 5289 sit
1222 5227 1487 5300 electio,
1530 5228 1669 5291 sive
1705 5247 1881 5290 non:
1927 5234 1998 5292 et
2032 5229 2089 5289 si
2128 5228 2400 5305 quidem
2439 5232 2675 5291 secuta
2708 5245 2845 5289 non
2893 5228 2989 5289 sit
3022 5226 3292 5304 electio,

308 5339 391 5399 ut
448 5334 735 5402 sciatur,
795 5335 971 5412 quod
1022 5335 1092 5396 in
1151 5352 1230 5398 eo
1275 5334 1611 5397 scrutinio
1657 5352 1791 5396 non
1842 5337 2132 5399 habetur
2178 5336 2391 5414 Papa;
2438 5335 2497 5396 si
2543 5352 2703 5398 vero
2752 5338 2987 5397 secuta
3036 5334 3154 5411 sit,
3215 5337 3295 5396 ut

305 5444 580 5504 constet
609 5442 692 5504 de
723 5442 1053 5504 canonica
1092 5442 1450 5505 Pontificis
1483 5443 1833 5505 electione.
1871 5444 2029 5507 Fiet
2059 5447 2288 5505 autem
2323 5443 2487 5505 haec
2519 5442 2909 5505 numeratio
2940 5440 3291 5519 suffragio·
