3753 5871
1253 389 1428 439 Liber
1460 390 1695 441 Tertius
1729 414 1741 426 ·
1786 388 1873 439 De
1914 389 2110 440 Rebus
3088 384 3199 444 275

345 579 379 661 ξ
419 577 486 644 2.
523 578 833 645 Necesse
863 581 977 645 est
1007 582 1091 646 ut
1130 576 1446 663 singulis
1485 577 1563 643 in
1592 576 1888 643 casibus
1919 576 1997 643 id
2031 574 2399 658 Episcopo
2438 574 2875 642 ordinaturo
2905 575 3196 641 constet

210 705 298 752 ex
333 683 766 753 authentico
799 684 1070 752 Curiae
1115 684 1556 767 episcopalis
1602 683 2027 752 testimonio
2056 680 2107 748 ¹.

1498 878 1693 949 CAN.
1726 877 1878 943 967.

383 1018 717 1086 caveant
743 1019 1176 1103 Superiores
1206 1017 1532 1103 religiosi
1554 1036 1646 1083 ne
1674 1017 1754 1082 in
1774 1015 2114 1083 fraudem
2140 1014 2491 1099 Episcopi
2512 1014 2925 1081 dioecesani
2949 1014 3188 1081 subdi·

211 1130 366 1193 tum
402 1125 897 1193 ordinandum
930 1127 1024 1193 ad
1066 1125 1288 1192 aliam
1328 1125 1744 1210 religiosam
1776 1124 2074 1191 domum
2117 1123 2449 1202 mittant,
2488 1127 2620 1189 aut
2653 1122 3191 1190 concessionem

209 1234 633 1301 litterarum
672 1234 1260 1302 dimissoriamm
1298 1233 1390 1301 de
1426 1234 1802 1301 industria-
1838 1233 1916 1299 in
1958 1232 2035 1299 id
2077 1237 2368 1316 tempus
2406 1231 2785 1311 differant,
2838 1250 2984 1315 quo
3021 1231 3190 1314 Epi-

209 1359 474 1425 scopus
509 1342 626 1409 vel
660 1342 1086 1421 affuturus,
1135 1341 1257 1409 vel·
1298 1342 1545 1408 nullas
1581 1341 1974 1407 habiturus
2012 1339 2112 1406 sit
2150 1339 2653 1406 ordinationes
2685 1336 2736 1402 ².

1478 1640 1735 1707 CAPUT
1784 1640 1892 1707 ΙΙ.

1031 1777 1143 1845 De
1190 1777 1518 1846 subiecto
1556 1795 1809 1845 sacrae
1848 1776 2364 1844 ordinatio-nia.

1496 1972 1674 2040 CAN.
1716 1971 1867 2039 968.

387 2112 422 2194 ξ
471 2115 536 2177 1.
590 2112 892 2179 Sacram
935 2112 1475 2179 ordinationem
1514 2112 1756 2178 valide
1798 2111 2062 2195 recipit
2103 2110 2304 2177 solus
2344 2110 2460 2176 vir
2498 2110 2940 2193 baptizatus3
2991 2109 3194 2177 licite

205 2227 483 2300 autem,
532 2220 659 2304 qui
696 2221 792 2287 ad
836 2237 1164 2286 normam
1206 2238 1581 2287 sacrorum
1632 2237 1998 2286 canonum
2048 2219 2318 2287 debitis
2360 2219 2872 2303 qualitatibus,
2914 2219 3194 2287 iudicio

211 2328 501 2411 proprii
551 2326 962 2408 ordinarii,
1020 2328 1407 2412 praeditus
1468 2329 1594 2410 sit,
1648 2346 1882 2411 neque
1935 2327 2093 2393 ulla
2151 2328 2580 2394 detineatur
2630 2328 3188 2411 irregularitate

203 2434 445 2501 aliove
479 2435 1004 2518 impedimento
1035 2435 1088 2502 ³.
2130 2434 2133 2438 “

386 2542 421 2624 5
468 2541 535 2608 2.
584 2542 730 2622 Qui
763 2542 1318 2627 irregularitate
1350 2542 1586 2610 aliove
1617 2541 2142 2625 impedimento
2171 2541 2627 2625 detinentur,
2665 2541 2838 2609 licet
2870 2547 3040 2626 post
3081 2560 3189 2609 or-

203 2650 664 2717 dinationem
704 2651 929 2718 etiam
975 2651 1133 2717 sine
1180 2651 1482 2735 propria
1526 2651 1749 2733 culpa
1787 2655 2069 2731 exorto,
2110 2650 2595 2734 prohibentur
2633 2655 2963 2734 receptos
3001 2650 3189 2717 ordi·

206 2775 339 2823 nes
374 2774 706 2824 exercere
742 2757 795 2825 ⁴.

1492 2898 1669 2967 CAN.
1720 2899 1871 2967 969.

387 3044 422 3126 5
470 3046 535 3110 1.
588 3044 818 3111 Nemo
864 3062 951 3109 ex
999 3042 1502 3109 saecularibus
1547 3043 1959 3124 ordinetur,
2011 3043 2137 3126 qui
2185 3043 2461 3111 iudicio
2509 3042 2794 3127 proprii
2841 3042 3189 3128 Episcopi

206 3170 357 3218 non
400 3153 503 3219 sit
539 3152 994 3219 necessarius
1027 3151 1141 3217 vel
1189 3150 1397 3216 utilis
1439 3149 1766 3217 ecclesiis
1806 3149 2160 3218 dioecesis
2190 3150 2242 3216 ⁵.

386 3258 420 3340 ἕ
466 3260 533 3325 2.
587 3259 752 3326 Non
801 3258 1235 3343 prohibetur
1284 3262 1530 3325 tamen
1580 3258 1994 3342 Episcopus
2041 3258 2424 3343 proprium
2474 3275 2898 3343 promovere
2949 3258 3187 3325 subdi-

203 3371 394 3449 tum,
432 3369 559 3451 qui
591 3367 669 3433 in
702 3367 1069 3444 futurum,
1108 3366 1410 3450 praevia
1450 3367 1782 3450 legitima
1823 3366 2422 3434 excardinatione
2464 3371 2536 3434 et
2574 3366 3190 3448 incardinatione,

202 3475 513 3542 servitio
565 3475 760 3541 alius
805 3474 1157 3541 dioecesis
1201 3474 1639 3542 destinetur.

1511 3649 1688 3717 CAN.
1738 3649 1890 3716 970.

387 3792 748 3876 Proprius
777 3791 1191 3876 Episcopus
1218 3791 1338 3859 vel
1367 3790 1722 3876 Superior
1752 3790 2140 3876 religiosus
2169 3792 2405 3858 maior
2434 3796 2678 3876 potest
2710 3794 2867 3860 suis
2902 3792 3194 3861 clericis

202 3917 297 3966 ex
329 3900 587 3985 quavis
611 3899 969 3967 canonica
995 3918 1246 3982 causa,
1282 3900 1572 3968 occulta
1610 3918 1919 3984 quoque,
1960 3900 2181 3967 etiam
2220 3900 2910 3984 extraiudicialiter‚
2945 3919 3189 3970 ascen·

391 4144 413 4180 1
454 4143 833 4196 Innocentius
875 4144 1040 4203 XIII,
1097 4149 1281 4195 const.
1329 4158 1361 4194 c
1408 4142 1729 4203 Apostoltci
1785 4140 2102 4191 ministerii
2143 4155 2194 4202 ι,
2242 4141 2307 4194 23
2361 4143 2505 4194 maii
2549 4143 2696 4203 1723,
2747 4143 2774 4204 5
2821 4142 2903 4205 17;
2951 4143 3194 4196 Benedi-

203 4234 345 4285 ctus
365 4233 532 4293 XIII,
556 4236 742 4285 const.
770 4248 802 4284 ι
823 4233 897 4283 In
920 4244 1190 4292 wpremo
1218 4247 1266 4295 ι,
1292 4232 1357 4285 23
1380 4236 1526 4293 sept.
1559 4233 1707 4294 1724,
1734 4233 1761 4294 5
1793 4235 1876 4294 14,
1908 4234 1991 4295 aez
2011 4237 2198 4287 const.
2224 4249 2254 4284 ι
2287 4234 2615 4287 Pastorum
2642 4234 2819 4294 officii
2840 4249 2891 4296 ι,
2925 4235 2990 4285 27
3013 4238 3191 4288 mart.

202 4320 357 4381 lm,
394 4321 421 4382 5
464 4321 516 4380 8,
547 4322 597 4381 ὃς
631 4321 986 4373 Benedictus
1020 4322 1171 4381 XIV,
1216 4323 1401 4373 const.
1438 4337 1468 4372 ι
1503 4320 1776 4381 Impositi
1818 4320 2000 4374 Nobis
2033 4339 2082 4379 ι,
2120 4323 2186 4374 27
2219 4323 2368 4375 febr.
2409 4324 2555 4385 17473
2592 4322 2649 4374 S.
2682 4324 2748 4376 O.
2782 4324 2889 4384 Ep.
2927 4327 2991 4377 et
3024 4323 3189 4385 neg„

206 4407 452 4460 ordinis
477 4409 877 4459 Eremitarum
906 4407 1464 4469 camaldulensium,
1490 4411 1556 4463 13
1585 4411 1687 4462 iul.
1717 4411 1864 4473 173ος
1897 4410 1955 4462 S.
1987 4411 2053 4463 G.
2085 4411 2173 4472 0.,
2203 4412 2237 4464 3
2267 4413 2387 4463 iun.
2416 4412 2563 4472 1599:
2596 4411 2752 4463 decr.
2783 4411 2848 4462 24
2873 4424 3007 4472 aug.
3046 4412 3194 4474 1619,

206 4499 577 4557 wirntonem,
608 4500 674 4550 11
701 4499 864 4558 maii,
901 4499 936 4552 8
963 4499 1106 4558 iun„
1146 4499 1210 4551 13
1239 4500 1341 4550 iul.
1374 4499 1520 4561 1782:
1560 4499 2144 4560 Lartem-Sanam..
2174 4499 2241 4552 18
2270 4513 2402 4561 aug.
2435 4500 2583 4560 1888,
2619 4499 2697 4552 ad
2727 4500 2776 4551 2.

388 4588 416 4625 2
446 4587 800 4639 Benedictus
831 4589 981 4648 xlv,
1014 4591 1197 4640 const.
1235 4604 1265 4638 οι
1296 4586 1569 4647 Impositi
1598 4587 1779 4640 Nobis
1815 4604 1863 4649 n,
1898 4589 1962 4640 27
1995 4590 2142 4641 febr.
2176 4589 2322 4651 1747ς
2365 4589 2423 4641 S.
2458 4589 2524 4641 C.
2561 4589 2666 4649 Ep.
2709 4592 2772 4641 et
2803 4589 2966 4650 Reg„
3008 4588 3192 4640 Mino·

204 4686 341 4724 rum
383 4675 854 4734 observantium,
897 4678 962 4727 11
1012 4678 1131 4728 iun.
1175 4677 1320 4738 163&
1371 4677 1429 4730 S.
1461 4678 1526 4730 G.
1559 4677 1646 4739 C.,
1688 4677 1841 4729 decr.
1886 4679 1951 4730 15
1999 4681 2174 4731 mart.
2216 4678 2362 4740 15963
2400 4678 2434 4730 3
2475 4679 2593 4729 iun.
2640 4678 2786 4739 1599:
2826 4676 3191 4734 Piraeonen„
3229 4697 3233 4701 ·

203 4766 273 4816 11
307 4764 473 4825 mail,
508 4764 543 4816 8
574 4765 717 4825 iun..
754 4765 819 4817 13
853 4766 956 4817 inl.
995 4765 1143 4817 1782.

381 4857 407 4893 ³
452 4854 515 4906 Ο.
550 4854 633 4913 52,
664 4855 748 4915 60,
793 4854 858 4906 C.
897 4856 947 4913 I,
992 4868 1045 4916 q.
1080 4856 1129 4915 1;
1163 4867 1213 4906 c.
1245 4857 1296 4916 1,
1327 4855 1378 4916 3,
1409 4857 1476 4915 X,
1515 4858 1585 4906 de
1621 4857 1960 4915 presbytero
2004 4868 2120 4908 non
2159 4853 2474 4914 baptizato,
2513 4856 2629 4914 111,
2667 4856 2748 4917 43;
2789 4854 2846 4908 S.
2880 4857 2945 4909 O.
2981 4855 3040 4908 S.
3073 4855 3188 4909 off.

212 4944 534 5005 (Angliae),
568 4944 603 4995 2
634 4946 810 4996 mart.
847 4944 992 5005 1842:
1026 4944 1368 4996 Pontmcale
1402 4944 1591 5005 Rom„
1631 4946 1725 4997 tit.
1766 4944 1853 4994 De
1889 4943 2192 4994 ordinibus
2226 4943 2615 5003 conserendis.

383 5036 412 5071 ⁴
447 5032 513 5084 C.
557 5034 607 5092 1.
654 5033 726 5084 D.
783 5033 914 5095 LII:
952 5045 1001 5084 c.
1057 5046 1178 5094 un..
1221 5034 1287 5093 X,
1333 5035 1405 5086 dc
1458 5033 1667 5086 clerte-o
1708 5046 1815 5094 per
1856 5033 2076 5084 saltum
2118 5035 2400 5092 promoto,
2447 5033 2516 5093 V,
2565 5033 2645 5094 293
2687 5033 2860 5085 Cone.
2905 5033 3193 5094 'ri-idem„

203 5134 351 5174 sess.
392 5122 529 5181 vn,
569 5124 640 5172 de
674 5123 809 5181 res„
845 5134 896 5174 c.
936 5123 1019 5183 10:
1058 5123 1201 5175 Pius
1237 5122 1320 5182 11,
1358 5125 1543 5175 const.
1583 5138 1613 5172 α
1660 5122 1807 5173 oum
1843 5135 1917 5172 σω
1952 5133 2253 5173 sacrorum
2299 5137 2348 5182 »,
2386 5122 2452 5174 17
2473 5123 2628 5174 'nov.
2671 5122 2819 5183 1461,
2861 5122 2888 5183 5
2922 5122 2973 5184 2;
3007 5122 3190 5174 Urba·

204 5222 321 5263 nus
355 5209 521 5270 vlu,
555 5214 740 5263 const.
785 5226 815 5260 α
845 5212 1101 5263 secretis
1141 5226 1189 5271 ι,
1221 5212 1285 5262 11
1316 5211 1439 5263 dec.
1482 5211 1629 5271 lom,
1665 5211 1692 5272 5
1726 5211 1777 5272 2,
1809 5211 1860 5271 3,
1897 5211 1947 5264 6.

384 5303 411 5339 ⁸
449 5300 621 5351 Conc.
650 5300 938 5359 Trident„
968 5313 1111 5353 sess.
1138 5300 1284 5360 XXI,
1315 5303 1388 5351 de
1413 5302 1547 5360 rel„
1577 5313 1626 5351 c.
1657 5300 1707 5362 23
1732 5312 1875 5353 sess.
1904 5301 2118 5360 xxnl,
2156 5302 2226 5351 de
2254 5299 2389 5359 rer..
2416 5311 2466 5351 c.
2503 5299 2584 5361 16;
2612 5299 2990 5353 Innocentius
3023 5300 3191 5358 XIII,

203 5393 394 5442 const.
432 5403 464 5439 c
490 5388 814 5449 Aponiana
840 5389 1159 5440 mini-nterii
1186 5403 1247 5449 ι,
1274 5389 1339 5441 ae
1368 5390 1511 5441 maii
1542 5389 1690 5449 1723,
1723 5390 1750 5451 5
1787 5390 1838 5450 3:
1875 5389 2231 5442 Benedictus
2257 5390 2423 5449 XIII,
2454 5393 2640 5440 const.
2674 5404 2705 5438 α
2735 5389 2807 5438 In
2836 5400 3107 5448 supremo
3141 5406 3190 5449 n,

203 5480 270 5532 23
302 5481 453 5539 sept.
489 5478 636 5539 1724,
672 5479 699 5540 5
733 5479 782 5539 2,
814 5478 896 5540 28;
926 5482 1112 5530 const.
1151 5494 1181 5529 α
1213 5477 1542 5530 Paetorum
1575 5478 1750 5538 officii
1781 5494 1832 5540 n,
1876 5478 1941 5530 27
1974 5483 2148 5532 mart.
2183 5477 2331 5537 1726,
2379 5479 2405 5539 5
2438 5478 2489 5539 33
2532 5479 2674 5529 Pius
2705 5479 2772 5538 X,
2813 5478 2930 5530 litt.
2967 5478 3190 5538 encycl.

205 5585 237 5621 c
263 5568 438 5620 Pieni
462 5567 702 5619 l'animo
732 5583 783 5630 ι,
808 5567 874 5621 28
904 5568 1007 5619 iul.
1033 5568 1179 5630 1906;
1206 5568 1265 5620 S.
1299 5567 1363 5619 C.
1391 5568 1464 5620 de
1489 5567 1660 5630 Prop.
1691 5568 1854 5628 Fide,
1888 5569 2057 5621 instr.
2096 5567 2197 5628 (ad
2223 5567 2333 5619 Vic
2359 5569 2463 5628 Ap.
2494 5568 2613 5628 N.),
2647 5578 2845 5619 mense
2873 5580 3007 5629 aug.
3040 5566 3191 5619 1827.
