3753 5871
441 318 551 377 356
864 320 869 325 ’
1581 317 1779 369 0οᾱοο
1815 318 1979 371 lum
2028 318 2309 371 Gom&

1697 662 2040 735 SECTIO
2092 662 2180 734 ΙΙ.

1393 810 1523 893 De
1576 808 2130 913 temporibus
2183 809 2489 895 sacris.

1723 1052 1902 1119 ΟΔΝ.
1951 1051 2147 1119 1243.

594 1147 986 1280 ‘Tempora
1024 1212 1240 1261 sacra
1276 1198 1456 1262 sunt
1493 1194 1652 1262 dies
1690 1194 1892 1277 festi3
1931 1194 2170 1281 iisque
2217 1198 2702 1263 accensentur
2740 1194 2900 1264 dies
2942 1195 3440 1264 abstinentiae

444 1305 523 1371 et
562 1300 849 1370 ieiunii.

1724 1428 1904 1496 CAN.
1952 1426 2149 1493 1244.

628 1564 664 1647 ξ
710 1566 776 1631 1.
827 1564 1006 1633 Dies
1044 1566 1278 1634 festos
1317 1565 1639 1651 itemque
1686 1566 1845 1634 dies
1887 1566 2385 1635 abstinentiae
2421 1570 2499 1636 et
2537 1567 2823 1653 ieiunii,
2869 1568 3257 1637 universae
3305 1568 3438 1636 Ec·

446 1671 716 1740 clesiae
763 1690 1211 1756 communes,
1253 1674 1732 1757 constituere,
1778 1675 2216 1756 transferre,
2261 1675 2579 1759 abolere,
2626 1676 2850 1744 unius
2903 1683 3018 1747 est
3058 1695 3446 1762 supremae

446 1778 987 1849 ecclesiasticae
1029 1780 1507 1849 auctoritatis
1544 1784 1593 1849 ¹.

628 1887 664 1970 ς
708 1886 777 1954 2.
827 1888 1212 1956 ordinum
1250 1890 1578 1956 locorum
1616 1889 2030 1974 peculiares
2064 1887 2223 1957 suis
2267 1866 2723 1957 «ιιᾶωεειιωιιε
2758 1908 2887 1958 seu
2926 1891 3110 1958 loeis
3145 1891 3305 1960 dies
3339 1893 3440 1960 re-

449 1996 610 2168 ffi
642 2002 780 2065 aut
813 1995 974 2064 dies
1011 1997 1508 2065 abstinentiae
1544 2000 1622 2066 et
1659 1997 1921 2065 ieiunii
1960 2002 2299 2082 possunt,
2352 2015 2484 2082 per
2524 1998 2820 2066 modum
2864 2001 3160 2067 tantum
3202 2005 3441 2084 actus,

610 2118 775 2169 cere
810 2102 864 2171 ².

1729 2227 1909 2296 om.
1958 2227 2154 2294 1245.

628 2367 665 2451 ξ
710 2370 777 2434 1.
828 2367 996 2435 Non
1029 2367 1268 2435 solum
1301 2364 1683 2435 ordinarii
1710 2367 2065 2451 locorum,
2097 2367 2224 2435 sed
2250 2369 2476 2436 etiam
2502 2368 2834 2452 parochi,
2872 2367 2950 2436 in
2977 2368 3273 2435 casibus
3299 2367 3444 2433 sin·

449 2475 837 2561 gularibus
876 2475 1223 2559 iustaque
1258 2475 1351 2543 de
1385 2493 1638 2558 causa,
1679 2480 1995 2560 possunt
2043 2476 2411 2543 subiectos
2454 2476 2597 2544 sibi
2636 2475 2969 2561 singulos
3009 2474 3261 2544 fideles
3300 2474 3444 2540 sin·

453 2582 757 2668 gulasve
798 2583 1154 2666 familias,
1192 2581 1417 2651 etiam
1456 2587 1669 2651 extra
1706 2582 2195 2665 territorium,
2236 2588 2461 2667 atque
2506 2584 2585 2650 in
2633 2602 2768 2651 suo
2803 2584 3188 2651 territorio
3223 2582 3449 2650 etiam

454 2690 907 2776 peregrinos,
950 2709 999 2757 a
1040 2691 1199 2775 lege
1248 2690 1619 2759 communi
1658 2691 1749 2758 de
1791 2691 2262 2759 observantia
2304 2692 2665 2759 festorum
2711 2691 3034 2774 itemque
3074 2690 3166 2758 de
3208 2690 3445 2757 obser·

453 2798 711 2866 vantia
751 2798 1250 2867 abstinentiae
1280 2802 1358 2866 et
1391 2797 1652 2866 ieiunii
1692 2799 1808 2865 vel
1845 2800 2072 2867 etiam
2111 2801 2497 2883 utriusque
2530 2799 2964 2883 dispensare
2995 2798 3048 2865 ⁸.

630 2904 665 2989 §
710 2904 779 2972 2.
830 2905 1238 2990 ordinarii,
1284 2925 1373 2975 ex
1416 2924 1646 2974 causa
1687 2905 2049 2991 peculiari
2091 2906 2340 2990 magni
2382 2905 2642 2991 populi
2693 2923 3098 2973 concursus
3143 2911 3277 2975 aut
3318 2922 3447 2989 pu·

454 3013 691 3082 blicae
727 3014 1203 3095 valetudinis,
1245 3018 1558 3099 possunt
1602 3018 1838 3082 totam
1882 3033 2168 3098 quoque
2212 3014 2602 3082 dioecesim
2641 3034 2770 3082 seu
2809 3015 3052 3082 locum
3090 3031 3138 3080 a·
3173 3012 3453 3081 ieiunio

453 3126 531 3190 et
556 3121 652 3188 ab
682 3120 1140 3188 abstinentia
1170 3121 1284 3189 vel
1324 3122 1547 3189 etiam
1580 3121 1674 3188 ab
1704 3124 2022 3205 utraque
2061 3121 2281 3188 simul
2312 3121 2471 3205 lege
2502 3121 2929 3207 dispensare
2950 3120 3003 3187 ⁴.

638 3227 673 3310 ξ
720 3227 787 3295 3.
839 3228 931 3295 In
978 3228 1331 3313 religione
1371 3228 1700 3297 clericali
1746 3233 2087 3314 exempta
2128 3230 2433 3298 eandem
2488 3229 2968 3313 dispensandi
3012 3231 3453 3314 potestatem

455 3336 730 3404 babent
773 3336 1207 3422 Superiores
1247 3338 1342 3404 ad
1376 3338 1670 3406 modum
1705 3338 2035 3423 parochi,
2078 3339 2266 3424 quod
2304 3339 2579 3407 attinet
2613 3339 2707 3406 ad
2742 3355 3120 3423 personas,
3164 3337 3257 3405 de
3295 3336 3447 3421 qui·

455 3443 594 3511 bus
629 3444 709 3511 in
756 3461 922 3510 can.
965 3443 1119 3526 514,
1168 3443 1202 3526 §
1246 3446 1287 3510 1
1314 3444 1368 3511 ⁸.
2551 3499 2554 3502 -

1722 3553 1901 3621 OAN.
1950 3553 2145 3620 1246.

635 3688 1092 3773 supputatio
1127 3688 1278 3756 diei
1324 3686 1527 3772 testi,
1573 3688 1895 3773 itemque
1934 3688 2083 3756 diei
2121 3685 2618 3755 abstinentiae
2659 3692 2734 3754 et
2771 3686 3058 3766 ieiunii,
3111 3684 3455 3754 iacienda

454 3801 570 3865 est
598 3814 647 3864 a
674 3795 918 3864 media
957 3801 1173 3865 nocte
1212 3814 1444 3881 usque
1474 3796 1571 3863 ad
1605 3796 1919 3863 mediam
1958 3800 2269 3875 noctem,
2307 3795 2513 3862 salvo
2554 3794 3016 3879 praescripto
3046 3812 3212 3861 can.
3253 3792 3404 3861 923.

642 4053 665 4088 ¹
705 4052 982 4106 Urbanus
1016 4051 1185 4110 vl11,
1220 4055 1404 4104 const.
1442 4066 1473 4101 ι
1510 4050 1797 4102 Universa
1828 4066 1880 4110 ι,
1914 4051 1979 4103 13
2014 4054 2161 4110 sept.
2206 4051 2354 4111 1642,
2392 4051 2420 4112 3
2453 4050 2503 4111 ὃς
2542 4050 2814 4102 Clemens
2845 4048 3012 4109 xln.
3045 4060 3138 4110 ep.
3175 4063 3208 4099 e
3247 4047 3324 4099 m
3358 4058 3456 4106 ρα-

465 4145 668 4192 ter-mas
704 4157 755 4203 ι,
802 4143 836 4192 4
874 4144 1052 4194 mart.
1102 4140 1251 4199 1762,
1294 4141 1319 4200 3
1356 4141 1406 4201 1;
1443 4140 1586 4192 Pius
1628 4140 1727 4199 VI,
1775 4142 1959 4191 const.
2002 4154 2033 4189 α
2071 4140 2382 4190 Auctorem
2418 4139 2559 4200 fidei
2598 4154 2648 4198 ι,
2687 4139 2752 4190 28
2788 4150 2925 4201 aug.
2958 4137 3107 4197 1794,
3161 4147 3323 4198 prop.
3361 4136 3452 4196 mi.

463 4231 683 4294 synodi
706 4232 1043 4292 Pistorien„
1066 4230 1285 4291 damn.;
1308 4230 1625 4291 Gregorius
1647 4228 1796 4289 XVI,
1821 4241 1913 4289 ep.
1939 4229 2157 4291 encycl.
2185 4244 2216 4279 ι
2243 4228 2630 4282 Commissum
2661 4227 2950 4280 divinitus
2977 4242 3027 4288 ι,
3053 4227 3119 4279 17
3141 4227 3286 4278 maii
3310 4226 3457 4287 1835:

463 4322 523 4374 Β.
557 4322 630 4373 R.
664 4320 753 4382 0.,
787 4320 1058 4378 sutrina,
1091 4319 1126 4372 8
1156 4319 1278 4372 iun.
1313 4318 1463 4380 1630,
1499 4318 1578 4370 ad
1616 4319 1668 4379 2,
1702 4318 1752 4370 8.

640 4415 668 4450 ²
702 4411 878 4464 Cone.
905 4411 1195 4470 'Pl-ment..
1231 4421 1374 4461 sess.
1401 4408 1566 4469 XXV,
1594 4410 1665 4459 αθ
1689 4406 2081 4468 &nutantum
2107 4419 2157 4459 e.
2190 4407 2272 4469 12·,
2307 4407 2580 4460 Urbanus
2604 4407 2772 4467 vlu,
2802 4409 2987 4459 const.
3024 4420 3055 4455 α
3090 4406 3377 4457 Universa
3407 4421 3456 4464 ι,

459 4502 526 4555 18
555 4505 702 4563 sept.
739 4501 889 4561 1642,
925 4501 953 4562 3
986 4501 1037 4563 ὃς
1070 4498 1428 4551 Benedictus
1457 4498 1609 4558 XIV,
1645 4499 1831 4549 const.
1878 4511 1909 4546 ι
1943 4495 2033 4547 Aa
2065 4495 2383 4547 militantis
2427 4513 2474 4556 ι,
2511 4496 2578 4548 30
2609 4499 2783 4549 mart.
2820 4494 2968 4554 1742,
3006 4495 3034 4556 3
3077 4495 3128 4555 7:
3164 4493 3223 4545 S.
3260 4492 3325 4545 G.
3363 4492 3451 4552 0.,

460 4593 883 4649 Antequam..
906 4590 973 4640 22
994 4601 1120 4650 apr.
1144 4589 1292 4650 1719;
1312 4587 1370 4641 S.
1392 4586 1462 4638 B.
1485 4586 1571 4648 0.,
1601 4586 1980 4644 Concordiae,
2009 4584 2073 4638 23
2096 4585 2217 4637 iun.
2241 4585 2390 4647 1703,
2421 4585 2500 4637 ad
2524 4585 2573 4648 23
2594 4583 3032 4643 Briotmoroen„
3056 4583 3124 4636 18
3145 4594 3280 4644 aug.
3306 4581 3453 4633 1725.

638 4683 666 4719 ³
700 4680 766 4732 0.
800 4679 884 4740 17,
921 4680 992 4729 D.
1039 4679 1108 4739 V,
1144 4679 1215 4728 aa
1250 4687 1427 4732 oona:
1458 4687 1508 4727 c.
1540 4676 1591 4736 2,
1622 4676 1688 4735 X,
1727 4677 1798 4726 de
1831 4674 2240 4725 observatione
2274 4673 2649 4733 ieiuniorum,
2695 4674 2811 4732 111.
2848 4673 2929 4734 46;
2966 4672 3243 4726 Urbanus
3285 4669 3456 4729 VIII,

459 4773 645 4822 const.
686 4785 717 4820 α
756 4767 1045 4818 Universa
1082 4782 1134 4827 ι,
1169 4766 1236 4819 18
1277 4769 1426 4826 sept.
1463 4765 1611 4825 1642,
1650 4765 1677 4827 3
1721 4765 1773 4826 ὃς
1808 4763 2165 4815 Benedictus
2198 4763 2350 4823 xlv,
2386 4775 2477 4824 ep.
2516 4764 2735 4824 encyel.
2776 4777 2807 4812 ι
2840 4759 2972 4813 Non
3016 4757 3368 4818 ambivimus
3407 4773 3455 4816 ι,

459 4860 527 4912 80
555 4858 701 4910 maii
731 4858 881 4919 1741,
927 4858 955 4919 3
988 4859 1040 4918 1,
1074 4856 1125 4918 3;
1155 4867 1245 4916 ep.
1281 4855 1500 4917 eneyel.
1537 4869 1568 4904 α
1600 4853 1673 4904 In
1709 4864 1985 4913 suprema
2027 4869 2076 4912 ιι,
2111 4852 2176 4903 22
2208 4864 2343 4914 aug.
2388 4852 2536 4913 1741,
2575 4853 2603 4914 3
2641 4852 2690 4912 23
2720 4861 2810 4911 ep.
2851 4849 3073 4912 encycl.
3108 4864 3141 4900 e
3168 4846 3456 4898 Libanus-

461 4948 607 4998 sime
634 4963 685 5010 ι,
714 4950 780 5001 10
809 4946 931 4998 iun.
962 4947 1111 5006 1745,
1146 4946 1174 5007 3
1202 4945 1371 5006 10-25;
1409 4942 1467 4996 S.
1500 4943 1565 4996 G.
1601 4942 1659 4995 S.
1694 4943 1832 5003 om,
1873 4944 1992 4994 litt.
2031 4942 2096 4993 17
2125 4946 2301 4996 mart.
2335 4929 2482 5003 1883ς
2516 4941 2576 4995 S.
2608 4942 2674 4994 0.
2707 4941 2781 4993 de
2815 4940 2986 5001 Prop.
3021 4938 3168 4990 Fide
3206 4937 3297 4997 (0.
3333 4936 3454 4997 0.),

460 5040 493 5090 2
524 5052 658 5100 aug.
694 5038 842 5100 1781:
893 5038 981 5097 (0.
1020 5038 1084 5088 Ρ.
1122 5047 1228 5097 pro
1266 5033 1701 5094 Sin—siam),
1739 5033 1804 5085 26
1839 5033 1962 5083 iun.
2001 5033 2144 5085 1820.

634 5132 664 5168 ⁴
699 5126 1058 5180 Benedictus
1091 5127 1242 5186 XIV,
1276 5137 1366 5186 ep.
1406 5125 1626 5186 encyel.
1660 5138 1691 5173 ι
1719 5121 1850 5173 Non
1879 5121 2230 5181 ambivimus
2260 5137 2310 5183 n,
2343 5124 2409 5176 30
2445 5122 2590 5174 mali
2620 5122 2768 5180 1741,
2802 5121 2830 5182 3
2861 5121 2912 5181 3;
2940 5130 3030 5180 ep.
3063 5118 3284 5179 encyel.
3317 5130 3348 5165 ι
3377 5114 3451 5166 ln

460 5229 735 5278 suprema
776 5233 826 5279 ι,
858 5217 925 5268 22
953 5229 1087 5278 aug.
1122 5217 1269 5277 1741,
1307 5216 1335 5277 3
1369 5215 1418 5277 2;
1452 5214 1510 5267 S.
1543 5215 1609 5265 0.
1645 5213 1703 5266 S.
1738 5213 1876 5273 off..
1911 5213 2067 5264 decr.
2104 5212 2136 5264 5
2177 5213 2302 5265 dec.
2334 5213 2482 5274 1894:
2514 5213 2580 5265 18
2613 5213 2787 5263 mart.
2820 5209 2968 5270 18963
3002 5207 3061 5261 S.
3097 5207 3164 5260 0.
3201 5205 3290 5267 0.,
3331 5206 3453 5258 utt.

458 5310 492 5362 3
522 5309 668 5359 maii
707 5307 856 5368 1912,
890 5319 949 5357 ιι.
988 5306 1062 5357 2⁰.

640 5401 667 5436 ⁸
702 5396 761 5450 8.
801 5396 867 5449 0.
910 5396 969 5449 Β.
1007 5395 1146 5456 0¹1..
1187 5394 1252 5446 12
1284 5406 1412 5455 apr.
1450 5394 1599 5456 1742;
1638 5392 1698 5446 Β.
1738 5393 1803 5445 0.
1846 5393 1940 5455 ,0.,
1991 5391 2231 5445 Ordinis
2276 5391 2836 5446 Praemomtraten„
2873 5390 2907 5440 1
2941 5389 3008 5439 et
3039 5386 3106 5438 15
3141 5385 3265 5437 dec.
3306 5384 3456 5445 1725,

458 5490 537 5539 ad
568 5487 671 5539 1-5.
