3753 5871
583 332 695 393 582
1718 331 1916 382 coam
1961 330 1992 381 1
1998 328 2121 380 urie
2161 328 2442 382 00808101

1853 589 2032 657 CAN.
2079 587 2276 655 2152.

776 732 810 817 5
856 736 923 799 1.
973 733 1329 802 Rationes
1369 751 1415 800 a
1468 731 1790 817 parocho
1827 734 2092 799 contra
2133 725 2647 797 invitationem
2699 725 3066 793 adductas
3108 720 3475 801 Ordimrim,

597 847 683 911 ut
707 840 952 908 valide
978 844 1180 926 agat,
1210 825 1490 907 auditis
1518 840 1777 908 iisdem
1809 836 2439 914 examinatoribus
2472 835 2564 903 de
2592 834 2857 920 quibus
2893 834 2972 900 in
3001 849 3172 899 can.
3200 829 3367 911 2148,
3391 828 3479 909 51,

595 947 1030 1032 perpendat,
1073 947 1431 1032 approbet
1463 952 1598 1014 aut
1629 947 1922 1015 reiiciat
1966 946 2015 1013 ¹.

776 1056 810 1138 5
857 1055 923 1122 2.
973 1055 1292 1133 Decisio,
1342 1057 1494 1124 sive
1537 1056 1978 1124 affirmativa
2020 1055 2255 1123 tuerit
2301 1053 2453 1121 sive
2499 1050 2867 1138 negativa,
2928 1047 3252 1134 parocho
3298 1043 3485 1130 signin·

595 1166 808 1231 cetur
848 1164 1145 1232 decreto
1178 1164 1229 1229 ².

603 1573 980 1624 recursum
1020 1556 1490 1640 interponere
1536 1555 1736 1640 apud
1779 1554 2089 1623 eundem
2130 1552 2636 1633 ordinarium,
2690 1547 2842 1635 qui,
2887 1567 2979 1615 ne
3017 1512 3335 1614 invalide
3365 1546 3496 1627 agat.

603 1663 843 1747 debet,
892 1664 1175 1732 auditis
1250 1663 1538 1731 duobus
1604 1662 1948 1748 parochis
2014 1662 2589 1743 consultoribus,
2671 1677 2900 1727 novas
2965 1655 3420 1742 allegationes
3448 1651 3501 1717 nb

603 1770 854 1838 eodem
904 1772 1224 1855 parocho
1273 1771 1475 1839 intra
1525 1771 1769 1838 decem
1821 1771 1982 1839 dies
2043 1771 2137 1838 ab
2187 1769 2631 1854 interposito
2682 1785 2982 1836 recursu
3048 1760 3500 1850 producenda

601 1881 824 1948 simul
858 1899 1025 1947 cum
1061 1880 1475 1948 rationibus
1507 1880 1748 1963 primo
1783 1880 2064 1960 allatis,
2101 1879 2547 1957 examinare,
2582 1876 2992 1961 approbare
3023 1877 3168 1941 aut
3200 1862 3501 1938 reiioere⁸.

784 1987 817 2070 5
863 1987 930 2054 2.
981 1987 1360 2055 Parochus
1399 1991 1646 2072 potest
1681 2006 1805 2055 eos
1849 1990 2077 2055 testes
2120 1988 2468 2055 inducere
2504 1985 2600 2053 ad
2639 2002 2969 2053 normam
3004 2001 3176 2051 can.
3215 1980 3392 2063 2145,
3422 1979 3508 2061 51,

605 2114 786 2181 quos
833 2095 1077 2180 prima
1109 2096 1267 2163 vice
1314 2114 1391 2163 se
1428 2095 1775 2163 inducere
1815 2114 1962 2162 non
2001 2095 2331 2179 potuisse
2372 2094 2818 2179 probaverit.

775 2202 808 2285 5
854 2203 921 2270 3.
972 2203 1268 2271 Decisio
1299 2202 1594 2271 decreto
1626 2207 1804 2271 nota
1840 2202 2164 2287 parocho
2196 2201 2352 2271 flat.
3581 2184 3585 2313 l*

1875 2394 2055 2462 cm.
2103 2394 2298 2462 2154.

786 2537 820 2619 5
868 2540 934 2603 1.
982 2538 1256 2606 Amoto
1299 2538 1619 2623 parocho
1666 2537 2139 2621 Ordinarius,
2188 2536 2817 2626 examinatoribus
2859 2535 2976 2603 vel
3027 2534 3365 2620 parochis
3409 2548 3516 2598 eon·

607 2644 1040 2728 sultoribus,
1079 2647 1206 2730 qui
1244 2650 1530 2731 partem
1575 2646 1998 2716 habuerunt
2030 2648 2109 2715 in
2152 2648 2522 2715 amotione
2555 2645 3039 2729 decernenda,
3078 2646 3163 2713 in
3205 2640 3521 2712 consilium

609 2752 942 2835 adscitis,
988 2771 1127 2837 pro
1161 2754 1446 2821 viribus
1493 2755 1836 2823 consulat
1879 2755 2033 2822 sive
2071 2755 2565 2823 translatione
2603 2754 2700 2822 ad
2743 2754 2969 2821 aliam
3011 2752 3412 2838 paroeciam
3449 2745 3522 2814 vel

614 2858 1118 2946 assignatione
1157 2860 1354 2928 alius
1404 2859 1620 2929 officii
1660 2866 1795 2930 aut
1843 2862 2202 2946 beneficii,
2249 2862 2315 2930 si
2356 2862 2451 2930 ad
2493 2863 2672 2931 haec
2712 2861 3022 2931 idoneus
3062 2864 3193 2948 sit,
3239 2862 3380 2929 sive
3413 2874 3525 2945 pen·

611 2968 840 3052 sione,
875 2974 1099 3053 prout
1131 2987 1349 3037 casus
1386 2971 1586 3039 ferat
1616 2976 1692 3040 et
1722 2971 2078 3040 adiuncta
2112 2972 2553 3056 permittant
2591 2968 2646 3033 ⁴.

790 3076 824 3158 5
870 3075 937 3219 2⁸.
987 3076 1274 3146 Ceteris
1296 3079 1626 3163 paribus,
1651 3080 1730 3146 in
1758 3080 2177 3165 provisione
2200 3080 2596 3148 favendum
2620 3079 2858 3165 magis
2884 3079 3348 3149 renuntianti
3375 3094 3529 3164 qm

611 3188 855 3250 amoto
933 3234 950 3250 .

1875 3311 2054 3380 om.
2102 3312 2299 3380 2155.

792 3454 1186 3540 Negotium
1240 3473 1471 3522 novae
1518 3454 1963 3539 provisionis
2022 3457 2327 3540 parochi
2376 3455 2606 3524 amoti
2655 3459 2903 3541 potest
2951 3454 3392 3523 Ordinarius
3432 3447 3536 3515 sive

615 3560 780 3647 ipso
811 3562 1208 3631 amotionis
1248 3562 1545 3632 decreto
1575 3563 1729 3631 sive
1761 3567 2045 3648 postea,
2088 3564 2628 3649 quamprimum
2664 3567 2939 3647 tamen,
2976 3561 3323 3647 expedire
3347 3559 3394 3628 ⁸.

1887 3771 2065 3838 OAN.
2112 3770 2309 3837 2156.

797 3913 832 3996 5
879 3916 946 3979 1.
999 3913 1356 3983 Sacerdos
1401 3933 1447 3982 a
1485 3915 1828 4000 paroecia
1874 3919 2167 3983 amotus
2205 3914 2421 3984 debet
2458 3916 2998 4000 quamprimum
3040 3916 3349 3984 liberam
3385 3910 3542 3981 relin-

623 4038 844 4106 quere
882 4021 1367 4106 paroecialem
1404 4022 1726 4105 domum,
1776 4027 1852 4090 et
1889 4023 2135 4090 omnia
2186 4041 2372 4107 quae
2408 4023 2501 4090 ad
2544 4024 2958 4107 paroeciam
2996 4025 3371 4109 pertinent
3414 4033 3547 4086 novo

621 4128 943 4212 parocho
982 4130 1098 4197 vel
1132 4147 1522 4197 oeconomo
1560 4131 1656 4198 ab
1690 4131 2092 4199 Ordinario
2125 4132 2424 4199 interim
2458 4133 2817 4217 deputato
2852 4134 3146 4202 tradere
3188 4135 3245 4203 ¹.

801 4236 834 4319 5
881 4235 947 4303 2.
1001 4237 1083 4305 Si
1121 4243 1370 4306 autem
1409 4238 1500 4306 de
1538 4237 1835 4306 infirmo
1869 4244 2141 4324 agatur
2191 4242 2317 4325 qui
2354 4261 2396 4310 e
2437 4242 2836 4326 paroeciali
2872 4241 3089 4311 domo
3137 4245 3302 4312 sine
3338 4242 3544 4310 incom-

620 4345 840 4412 modo
864 4345 1123 4430 nequit
1147 4347 1300 4415 alio
1329 4347 1750 4430 transferri,
1791 4348 2238 4416 Ordinarius
2266 4349 2497 4417 eidem
2540 4350 2911 4435 relinquat
2940 4351 3102 4418 eius
3140 4370 3352 4420 usum
3379 4347 3547 4417 etim

622 4452 1100 4535 exclusivum,
1148 4454 1399 4521 eadem
1442 4454 1879 4523 necessitate
1929 4457 2247 4525 durante
2296 4456 2347 4524 ⁸.

807 4746 829 4782 ¹
1057 4745 1335 4804 Oonsist„
1367 4744 1521 4796 decr.
1554 4760 1585 4796 ι
1621 4743 1887 4796 Maxima
1917 4757 2059 4796 cura
2094 4762 2143 4806 ι,
2177 4746 2241 4798 20
2269 4760 2403 4808 883.
2435 4747 2583 4807 1910,
2622 4759 2752 4799 can.
2784 4747 2866 4798 19.

960 4745 1025 4798 0.

959 4836 1024 4889 0.
1056 4836 1335 4894 Oonsist„
1369 4834 1525 4887 decr.
1567 4850 1598 4886 ι
1626 4834 1891 4887 limma
1922 4846 2062 4887 σιινα
2098 4852 2148 4897 ι,
2182 4836 2246 4888 20
2274 4849 2406 4899 aug.
2442 4839 2590 4899 1910,
2629 4848 2759 4888 can.
2793 4809 2875 4898 ᾖ),
2907 4835 2986 4887 21.

798 4932 823 4968 ³
959 4927 1025 4980 0.
1056 4927 1335 4985 constet..
1367 4926 1522 4978 decr.
1558 4941 1589 4977 ι
1625 4920 1887 4977 namma
1918 4934 2063 4977 cum
2093 4942 2142 4988 ι,
2175 4928 2241 4980 20
2268 4941 2401 4990 883.
2435 4928 2583 4988 1910,
2622 4939 2751 4978 can.
2784 4926 2953 4978 22-25.

798 5022 827 5059 ι

626 5108 849 5160 Buten
961 5017 1026 5070 o

870 4745 927 4798 8.

797 4837 928 4889 ’.8

867 4926 926 4980 8.

871 5016 930 5069 8.
1059 5017 1336 5077 Consist„
1377 5017 1531 5068 decr.
1569 5032 1600 5068 ι
1633 5016 1897 5067 Maxima
1941 5029 2083 5069 cura
2119 5033 2168 5079 ι,
2205 5020 2271 5071 20
2302 5031 2436 5081 883.
2474 5020 2621 5079 1910,
2666 5031 2796 5069 can.
2832 5017 2915 5076 m,
2947 5016 3031 5078 27,
3068 5017 3095 5078 5
3134 5019 3188 5079 1,
3226 5019 3276 5078 2:
3310 5015 3364 5069 8.
3404 5011 3457 5065 G.
3487 5006 3547 5060 C..

850 5119 965 5168 en„
988 5107 1052 5159 21
1077 5109 1181 5161 181.
1168 5146 1203 5170 .,
1234 5110 1298 5160 11
1321 5121 1476 5171 aug..
1501 5108 1568 5159 22
1589 5111 1736 5170 sept.
1760 5109 1908 5170 17423
1930 5109 2328 5170 Hermoclen„
2359 5110 2425 5160 22
2445 5109 2567 5161 dec.
2594 5109 2739 5170 18603
2764 5108 3167 5168 Concor-dien..
3194 5108 3261 5161 m
3290 5107 3422 5160 (ebt.
3441 5095 3547 5153 im·

798 5199 931 5252 8.
975 5199 1038 5251 0.
1077 5199 1354 5260 00881818,
1391 5199 1547 5251 decr.
1584 5214 1615 5250 ι
1648 5199 1913 5250 Πασίωα
1948 5213 2091 5251 σανα
2124 5216 2173 5261 ι,
2216 5201 2281 5253 20
2320 5213 2454 5262 883.
2497 5200 2646 5260 1910,
2682 5201 2811 5251 can.
2854 5198 2937 5259 21,
2984 5198 3011 5259 ἱ
3054 5199 3107 5252 8.

802 5290 829 5327 ⁸
867 5288 925 5341 8.
966 5289 1031 5341 C.
1064 5289 1339 5349 Consist„
1371 5290 1526 5341 decr.
1564 5304 1593 5340 ι
1621 5288 1887 5339 Μαωίωα
1925 5301 2066 5340 σανα
2097 5305 2146 5351 ι,
2181 5290 2247 5343 20
2275 5302 2409 5351 883.
2429 5290 2591 5351 anio,
2621 5300 2752 5340 can.
2784 5287 2868 5341 28.

797 5379 928 5433 8.
960 5379 1025 5432 0.
1059 5379 1337 5440 0083181..
1369 5379 1524 5450 decr.
1565 5395 1596 5429 ι
1625 5379 1889 5430 Δία-τίω
1924 5390 2066 5430 cura
2095 5396 2145 5442 ι,
2177 5381 2243 5433 20
2269 5393 2403 5442 883.
2436 5380 2586 5441 1910,
2625 5391 2754 5432 can.
2787 5379 2870 5440 29,
2904 5379 2931 5440 5
2963 5379 3011 5430 1.

865 5469 925 5521 8.
957 5469 1024 5521 0.

802 5474 827 5510 ⁸
1054 5469 1331 5531 constst„
1372 5469 1526 5521 decr.
1562 5486 1592 5520 α
1625 5468 1887 5521 namma
1919 5482 2062 5522 oum
2092 5485 2142 5532 ι,
2175 5471 2241 5524 m
2267 5483 2402 5533 883.
2435 5471 2583 5531 1910,
2623 5482 2753 5522 can.
2785 5470 2868 5531 29,
2902 5470 2929 5531 5
2961 5468 3012 5520 2.
