3753 5871
1802 307 1993 360 Im
3303 319 3388 364 XV

3136 470 3252 506 m·

387 554 532 619 Τιτ.
576 552 818 619 XXIV.
856 589 937 598 -
977 554 1075 619 De
1116 570 1437 636 processu
1470 551 1991 618 beatificationis
2031 552 2395 618 Servorum
2440 550 2564 618 Dei
2602 569 2722 634 per
2762 550 2943 615 viam

1112 687 1256 734 non
1294 671 1526 735 cultus
1530 714 2946 738 ...............
3025 665 3391 732 20374194

549 820 712 887 Car.
755 823 805 886 1.
909 857 990 868 —
1029 822 1129 887 De
1169 821 1601 904 processibus
1638 841 1684 887 a
1722 821 1855 887 loci
1902 820 2267 887 Ordinatio
2319 819 2468 886 iure
2513 818 2789 904 proprio
2845 817 2948 884 in·

1110 938 1460 1005 struendis
1529 985 2945 1004 ...............
3025 936 3390 1001 mss-2064

711 1071 854 1137 Art.
894 1072 944 1137 1.
1078 1108 1157 1119 —
1198 1072 1295 1137 De
1338 1072 1828 1155 perquisitione
1868 1071 2278 1155 scriptorum
2319 1071 2514 1137 Servi
2553 1070 2676 1136 Dei
2727 1118 2742 1133 .
2828 1118 2843 1133 .
2928 1118 2943 1133 .
3023 1069 3389 1134 2042-2048

711 1187 857 1252 Art.
899 1188 981 1252 ll.
1061 1224 1141 1234 —-
1182 1191 1281 1254 De
1321 1206 1644 1272 processu
1684 1187 2127 1253 informativo
2228 1233 2945 1254 ........
3024 1184 3389 1250 2049-2056

716 1301 860 1367 Art.
901 1302 1014 1367 111.
1065 1338 1139 1370 —.-
1183 1304 1280 1368 De
1322 1322 1642 1388 processu
1685 1321 1892 1387 super
1933 1320 2074 1367 non
2114 1303 2307 1369 cultu
2331 1349 2947 1367 .......
3027 1300 3392 1365 21574060

714 1418 857 1484 Art.
898 1420 1011 1485 IV.
1055 1455 1137 1467 —
1177 1419 1276 1485 De
1316 1420 1834 1486 transmissione
1875 1438 2234 1503 processus
2282 1421 2690 1503 scriptorum
2729 1416 2919 1483 Servi

1117 1538 1260 1616 Dei,
1290 1556 1649 1620 processus
1676 1538 2100 1604 informativi
2127 1542 2196 1604 et
2220 1538 2306 1603 de
2332 1556 2473 1604 non
2498 1537 2689 1603 cultu
2716 1536 2805 1601 ad
2833 1535 2950 1601 Sa-

1117 1672 1301 1720 cram
1342 1654 1950 1740 congregationem
2036 1701 2951 1722 ..........
3029 1651 3394 1718 20614064

553 1789 719 1855 Gir.
762 1789 842 1854 11.
882 1824 962 1836 —
1002 1790 1101 1854 De
1141 1806 1386 1856 causae
1440 1789 1946 1856 introductione
2005 1789 2191 1873 apud
2244 1790 2518 1857 Sacram
2573 1788 2952 1871 congrega-

1116 1903 3393 2002 tionem............7...9065-2086

716 2020 863 2086 Art.
902 2021 952 2086 I.
1048 2057 1125 2067 —
1168 2022 1266 2087 De
1305 2022 1645 2088 revisione
1685 2023 2089 2105 scriptorum
2132 2068 2948 2087 .........
3028 2019 3391 2084 90654072

719 2139 862 2204 Art.
905 2139 990 2204 11.
1059 2176 1134 2187 —
1179 2140 1277 2205 De
1316 2138 1744 2205 discussione
1783 2156 2143 2222 processus
2182 2137 2601 2204 informativi
2632 2186 2646 2201 .
2733 2186 2749 2201 .
2833 2186 2848 2201 .
2933 2187 2948 2202 .
3028 2135 3391 2201 2073-2084

720 2254 863 2319 Art.
903 2255 1025 2320 111.
1050 2290 1131 2302 -—
1172 2257 1271 2321 De
1309 2255 1735 2322 discussione
1777 2273 2139 2338 processus
2178 2273 2385 2338 super
2424 2272 2563 2319 non
2605 2253 2795 2319 cultu
2833 2302 2848 2317 .
2934 2301 2948 2316 .
3029 2251 3392 2317 m-ssoess

551 2386 715 2452 CAP.
760 2387 874 2452 111.
914 2424 993 2434 —
1035 2391 1133 2454 De
1174 2390 1605 2470 processibus
1651 2390 2047 2471 apostolicis
2129 2436 2945 2455 .........
3026 2385 3388 2451 90874124

718 2502 857 2568 Art.
899 2504 950 2568 1.
1044 2539 1124 2550 —
1165 2505 1263 2570 De
1304 2522 1624 2587 processu
1664 2505 2042 2586 apostolico
2084 2504 2487 2571 instruendo
2531 2552 2947 2568 .....
3028 2501 3387 2567 20874097

722 2618 860 2683 Art.
901 2619 985 2684 11.
1059 2656 1137 2665 —
1180 2622 1277 2686 De
1318 2638 1676 2703 processus
1716 2621 2076 2703 apostolici
2119 2620 2466 2687 validitate
2507 2617 2948 2685 diiudicanda
3026 2617 3390 2683 20984100

716 2734 858 2800 Art.
900 2736 1014 2801 ΠΙ.
1056 2771 1138 2784 —-
1175 2738 1274 2802 De
1315 2737 1569 2803 iudicio
1593 2756 1800 2821 super
1842 2738 2236 2804 heroicitate
2265 2737 2596 2803 vlrtutum
2626 2735 2699 2801 in
2728 2737 2949 2820 specie

1118 2854 1225 2920 vel
1265 2872 1471 2939 super
1514 2856 1842 2940 martyrio
1883 2855 2168 2942 eiusque
2215 2873 2421 2921 causa
2426 2903 2939 2920 ......
3020 2852 3383 2919 91014115

714 2971 858 3037 Art.
907 2972 1017 3038 lv.
1056 3009 1137 3020 —-
1178 2973 1275 3038 De
1312 2973 1568 3039 iudicio
1601 2993 1808 3058 super
1848 2973 2041 3041 Servi
2081 2975 2204 3060 Dei
2233 2973 2581 3040 miraculis
2609 2974 2683 3039 in
2710 2972 2950 3056 specie.
3029 2971 3391 3037 91164124

390 3140 537 3205 Τιτ.
579 3140 784 3207 XXV.
852 3179 931 3190 -
971 3144 1069 3209 De
1111 3161 1432 3227 processu
1475 3146 1999 3212 beatificationis
2039 3145 2403 3212 Servorum
2444 3144 2566 3209 Dei
2608 3162 2727 3227 per
2768 3142 2944 3208 viam

1113 3259 1345 3325 cultus
1384 3278 1507 3326 seu
1547 3278 1750 3327 casus
1781 3260 2045 3344 excepti
2130 3308 2943 3328 .........
3024 3256 3386 3326 91954135

389 3422 533 3489 Τιτ.
576 3424 815 3491 XXVI.
842 3461 922 3472 —
962 3427 1060 3492 De
1102 3427 1463 3495 Beatorum
1503 3428 2019 3496 canonizatione
2023 3476 2940 3496 ..........
3020 3426 3377 3492 91364141

395 3669 624 3735 PARS
663 3672 1006 3738 TERTIA.
1049 3708 1124 3720 —
1167 3675 1264 3740 De
1305 3675 1503 3741 modo
1531 3675 1943 3757 procedendi
1984 3677 2062 3742 In
2100 3676 2460 3743 nonnullIs
2502 3675 2945 3757 expediendis

1112 3793 1421 3876 negotiis
1435 3794 1548 3859 vel
1562 3793 2045 3860 sanctionibus
2062 3794 2470 3875 poenalibus
2493 3792 2947 3875 applicandis.
3028 3790 3391 3855 91424194

392 3965 537 4031 Τιϊ.
577 3967 849 4034 XXVII.
905 4005 976 4018 —
1021 3970 1122 4036 De
1162 3972 1368 4036 modo
1394 3972 1800 4054 procedendi
1828 3971 1901 4037 in
1929 3972 2302 4039 remotione
2331 3973 2782 4056 parochorum
2811 3972 2950 4036 ina·

1112 4087 1540 4153 movibilium
1627 4138 2944 4156 ..............
3026 4088 3390 4155 21474156

389 4254 534 4319 Trr.
577 4254 882 4322 XXVIII.
904 4291 983 4303 —
1025 4258 1122 4322 De
1184 4258 1385 4323 modo
1445 4259 1850 4341 procedendi
1919 4259 1994 4325 in
2061 4261 2433 4326 remotione
2495 4261 2942 4344 parochorum

1114 4375 1585 4441 amovibilium
1626 4426 2947 4443 ..............
3028 4378 3385 4443 91574161

387 4544 532 4610 Τιτ.
573 4545 817 4611 XXIX.
908 4582 975 4594 —
1025 4548 1123 4611 De
1166 4548 1367 4612 modo
1408 4550 1816 4633 procedendi
1862 4548 1938 4614 in
1981 4549 2425 4615 translatione
2467 4550 2941 4632 parochorum.
3026 4549 3386 4614 21624167

389 4716 532 4781 Τιτ.
572 4716 783 4783 XXX.
904 4754 980 4765 —
1023 4720 1120 4784 De
1162 4721 1364 4785 modo
1406 4720 1812 4802 procedendi
1829 4724 2072 4787 contra
2088 4721 2372 4788 clericos
2400 4739 2539 4787 non
2558 4721 2950 4788 residentes.
3029 4722 3391 4787 21684175

388 4886 533 4952 Tu.
573 4887 812 4953 XXXI.
900 4925 972 4939 —
1016 4889 1118 4956 De
1152 4891 1355 4956 modo
1393 4892 1803 4976 procedendi
1835 4895 2072 4958 contra
2100 4892 2381 4958 clericos
2407 4891 2948 4958 concubinarios.
3027 4892 3385 4957 21764181

388 5059 533 5123 Tm
576 5059 849 5126 XXXII.
903 5098 982 5109 -
1023 5062 1122 5128 De
1163 5064 1368 5128 modo
1421 5063 1827 5147 procedendi
1887 5067 2129 5130 contra
2180 5066 2551 5148 parochum
2607 5063 2680 5129 in
2735 5063 2946 5129 adim-

1112 5178 1381 5261 plendis
1421 5180 1918 5263 paroecialibus
1958 5181 2196 5246 officiiS
2245 5181 2694 5265 negligentem
2731 5229 2746 5244 .
2829 5230 2845 5245 .
2928 5229 2944 5245 .
3024 5181 3387 5246 21824185

385 5345 530 5409 Τιτ.
570 5344 884 5412 XXXIII.
902 5384 980 5394 —
1022 5348 1122 5414 De
1162 5348 1364 5413 modo
1397 5350 1806 5433 procedendi
1847 5351 1924 5417 in
1963 5351 2416 5434 suspensione
2456 5369 2541 5416 ex
2582 5350 2952 5416 informata

1110 5466 1528 5532 conscientia
1569 5467 1944 5552 infligenda
2024 5516 2944 5535 ..........
3023 5467 3389 5532 21864194
