3753 5871
502 297 613 358 340
1640 302 1837 354 Gom
1882 302 2045 356 ltu-u
2085 303 2365 355 comici

1780 545 1959 614 CAN.
2017 546 2214 615 1193.

675 684 768 751 In
804 684 1158 751 oratoriis
1190 683 1746 768 semi-publicis,
1784 684 2109 770 legitime
2150 685 2442 769 erectis,
2478 685 2727 752 omnia
2768 685 3023 754 divina
3061 686 3298 756 officia
3332 689 3498 755 sun·

501 792 872 859 ctionesve
911 792 1452 860 ecclesiasticae
1489 792 1850 860 celebrari
1901 798 2237 877 possunt,
2291 794 2436 860 nisi
2478 793 2776 862 obstent
2815 794 3155 864 rubricae
3192 800 3331 864 aut
3369 796 3500 864 Or·

498 898 842 967 dinarius
883 899 1140 984 aliqua
1180 900 1550 983 exceperit
1580 897 1632 968 ¹.

1777 1021 1957 1090 CAN.
2006 1023 2202 1090 1194.

677 1163 768 1229 In
801 1161 1118 1246 privatis
1145 1160 1748 1228 coemeteriorum
1779 1147 2165 1242 aediculis,
2201 1159 2292 1227 de
2325 1160 2592 1245 quibus
2630 1161 2710 1227 in
2741 1178 2907 1228 can.
2951 1160 3150 1245 1190,
3185 1160 3497 1229 Ordina-

502 1271 662 1339 rius
703 1270 849 1338 loci
896 1271 1325 1355 permittere
1370 1269 1858 1337 habitualiter
1903 1272 2150 1353 potest
2195 1269 2421 1337 etiam
2470 1269 2799 1353 plurium
2859 1269 3259 1337 Missurum
3317 1269 3497 1338 cele·

500 1379 933 1472 brationem;
975 1377 1055 1445 in
1095 1377 1270 1444 aliis
1313 1377 1667 1445 oratoriis
1704 1376 2154 1459 domesticis,
2211 1376 2508 1443 nonnisi
2554 1375 2778 1444 unius
2830 1376 3129 1461 Missae,
3175 1395 3310 1462 per
3350 1394 3496 1445 mo-

498 1486 676 1554 dum
722 1490 961 1568 actus,
1010 1486 1090 1552 in
1126 1502 1304 1552 casu
1344 1484 1599 1568 aliquo
1633 1483 2254 1567 extraordinario,
2294 1485 2495 1551 iusta
2533 1488 2610 1553 et
2648 1484 3081 1553 rationabili
3118 1484 3211 1553 de
3247 1501 3501 1570 caum

500 1593 948 1661 ordinarius
1019 1597 1268 1659 autem
1336 1591 1471 1658 has
1545 1591 2066 1677 permissiones
2128 1610 2219 1660 ne
2281 1592 2721 1676 elargiatur,
2789 1592 2937 1659 nisi
3000 1591 3098 1660 ad
3163 1610 3497 1662 normam

498 1718 664 1769 can.
710 1705 907 1790 1192,
955 1707 990 1790 5
1031 1710 1077 1776 2
1110 1699 1163 1768 ².

1772 1821 1952 1888 CAN·
2003 1820 2199 1887 1195.

678 1956 712 2040 5
760 1959 825 2024 1.
877 1958 969 2024 In
1005 1958 1356 2026 oratoriis
1388 1957 1812 2026 domesticis
1843 1976 1934 2026 ex
1968 1958 2265 2026 indulto
2298 1959 2772 2043 Apostolicae
2819 1959 3058 2045 Sedis,
3106 1960 3254 2028 nisi
3286 1960 3498 2029 aliud

502 2065 581 2132 in
627 2066 878 2136 eodem
924 2065 1223 2134 indulto
1256 2083 1598 2150 expresse
1631 2071 2010 2150 caveatur,
2048 2066 2408 2134 celebrari
2446 2070 2715 2152 potest,
2755 2071 3145 2153 postquam
3186 2068 3499 2136 Ordina-

501 2173 660 2241 rius
691 2173 1102 2241 oratorium
1135 2173 1554 2241 visitaverit
1583 2178 1659 2241 et
1698 2174 2122 2257 probaverit
2162 2173 2258 2241 ad
2289 2191 2621 2242 normam
2654 2193 2820 2242 can.
2856 2175 3055 2256 1192,
3094 2175 3129 2258 5
3164 2175 3232 2250 2,
3275 2175 3502 2244 unica

501 2280 759 2363 Missa,
807 2299 1038 2366 eaque
1084 2281 1301 2363 lecta,
1352 2280 1670 2364 singulis
1715 2282 2000 2366 diebus,
2061 2282 2388 2366 exceptis
2445 2282 2661 2350 festis
2706 2280 3323 2365 sollemnioribuoe
3369 2283 3500 2351 sed

498 2388 693 2456 aliae
726 2389 1151 2457 functiones
1184 2389 1727 2457 ecclesiasticae
1765 2389 2037 2458 ibidem
2075 2409 2166 2457 ne
2210 2389 2397 2456 fiant
2424 2387 2480 2457 ⁸.

670 2496 704 2579 5
751 2496 818 2562 2.
869 2496 1316 2565 ordinarius
1353 2515 1552 2580 vero,
1588 2497 1987 2565 dummodo
2016 2499 2258 2566 iustae
2287 2497 2541 2565 adsint
2569 2503 2647 2566 et
2679 2498 3162 2566 rationabiles
3199 2516 3496 2582 causae,

498 2604 834 2673 diversae
870 2604 966 2672 ab
1004 2605 1114 2673 eis
1154 2605 1245 2672 ob
1297 2623 1482 2689 quas
1521 2604 1900 2673 indultum
1949 2607 2374 2674 concessum
2413 2605 2589 2687 suit,
2637 2605 2863 2674 etiam
2904 2606 3505 2675 sollemnioribus

497 2712 714 2780 sestis
752 2711 1183 2797 permittere
1220 2716 1467 2797 potest
1506 2730 1640 2798 per
1686 2713 1984 2780 modum
2032 2718 2249 2781 actus
2287 2713 2560 2781 Missae
2596 2713 3163 2782 celebrationem
3187 2712 3242 2776 ⁴.

1772 2905 1950 2974 cm.
2000 2904 2195 2973 1196.

677 3041 711 3125 5
760 3043 825 3108 1.
876 3042 1227 3110 Oratoria
1270 3043 1674 3111 domestica
1718 3062 1852 3112 nec
1905 3045 2324 3111 consecrari
2380 3063 2513 3113 nec
2558 3045 2887 3113 benedici
2933 3053 3246 3132 possunt
3294 3064 3500 3116 more

495 3148 972 3218 ecclesiarum
1003 3150 1057 3218 ⁸.
2208 3208 2214 3214 .

676 3257 710 3341 5
756 3257 824 3324 2.
874 3258 1081 3328 Licet
1116 3258 1444 3326 ora-toria
1479 3258 1881 3327 domestica
1922 3263 1996 3333 et
2035 3260 2542 3344 semi-publica
2578 3262 2950 3329 communi
2994 3262 3324 3331 locorum
3371 3263 3494 3332 do-

497 3382 872 3435 morumve
919 3367 1426 3435 benedictione
1472 3372 1605 3435 aut
1657 3367 1866 3434 nulla
1916 3367 2419 3436 benedictione
2477 3368 2873 3454 donentur,
2925 3371 3196 3440 debent
3242 3375 3495 3440 tamen

499 3492 658 3541 esse
705 3473 962 3541 divino
1022 3478 1316 3541 tantum
1364 3475 1605 3542 cultui
1658 3480 2037 3544 reservata
2096 3480 2172 3545 et
2223 3478 2318 3544 ab
2372 3478 2711 3546 omnibus
2759 3480 3185 3547 domesticis
3234 3480 3497 3548 usibus

495 3579 730 3648 libera
765 3582 818 3648 ⁸.

678 3863 701 3899 ¹
740 3861 798 3916 8.
836 3861 908 3914 Β.
943 3861 1032 3924 0.,
1058 3860 1394 3921 bitonum,
1426 3861 1459 3912 2
1480 3862 1585 3914 iul.
1612 3862 1759 3924 1⁰61:
1780 3862 2118 3922 Νίνον-ηοω..
2142 3863 2177 3915 8
2201 3867 2377 3917 mart.
2404 3865 2552 3926 1879,
2586 3865 2665 3917 ad
2691 3867 2739 3928 1,
2769 3866 2819 3928 2,
2854 3866 2905 3929 3;
2927 3866 3085 3919 decr.
3112 3867 3176 3919 23
3201 3868 3320 3920 lan.
3348 3866 3496 3929 18⁹0:

501 3951 824 4009 secovien„
867 3950 934 4003 10
965 3962 1099 4003 nov.
1135 3950 1282 4002 1900.

678 4042 706 4079 ²
740 4041 802 4094 0.
836 4041 921 4100 33,
955 4040 1039 4102 34,
1068 4040 1141 4092 D.
1178 4040 1229 4099 1.
1261 4041 1332 4090 de
1357 4050 1534 4096 com-c
1559 4040 1617 4093 S.
1652 4039 1719 4092 0.
1755 4039 1844 4099 0.,
1875 4040 2386 4101 concavet-omn..
2412 4042 2477 4095 20
2508 4042 2631 4095 dec.
2660 4043 2807 4105 1856:
2835 4042 2894 4097 8.
2926 4044 2993 4096 C.
3023 4044 3099 4098 de
3126 4045 3298 4106 Pmp.
3329 4044 3492 4106 Fide,

500 4133 670 4183 lustr.
710 4130 813 4191 (ad
841 4130 966 4182 Vic.
1000 4128 1143 4181 Gen.
1183 4129 1491 4189 Nauium),
1520 4129 1587 4181 29
1616 4128 1765 4182 febr.
1799 4129 1948 4192 183oe
1980 4129 2039 4182 S.
2072 4129 2142 4182 R.
2176 4130 2264 4191 0.,
2295 4129 2623 4192 Ioannem,
2661 4131 2726 4184 20
2755 4138 2904 4193 sept.
2937 4132 3085 4195 1749,
3120 4132 3200 4185 ad
3226 4132 3280 4186 5.

677 4222 703 4258 ³
738 4220 802 4272 0.
831 4219 914 4279 35,
945 4219 1017 4270 D.
1055 4218 1104 4280 1,
1139 4220 1210 4268 ae
1239 4228 1418 4275 coms
1449 4218 1718 4270 Clemens
1745 4218 1845 4278 XI.
1874 4218 2030 4270 decr.
2071 4233 2102 4269 ι
2129 4217 2411 4269 Nonnulli
2440 4234 2490 4280 n,
2523 4221 2588 4271 15
2616 4220 2739 4273 dec.
2769 4221 2917 4282 170&
2954 4220 3313 4275 Benedictus
3339 4221 3492 4282 xlv,

494 4321 587 4371 ep.
619 4310 839 4370 encycl.
874 4324 905 4360 ι
935 4308 1150 4368 naono
1192 4318 1322 4357 cum
1354 4321 1404 4368 n,
1438 4306 1472 4357 2
1505 4307 1626 4359 lun.
1661 4307 1810 4369 1751,
1847 4308 1874 4368 5
1917 4308 2001 4368 11,
2033 4306 2117 4367 12,
2146 4308 2230 4370 19;
2262 4308 2405 4359 Pius
2438 4307 2575 4369 VII,
2617 4311 2803 4361 const.
2841 4324 2872 4360 ι
2909 4310 3145 4361 Iamdiu
3177 4325 3229 4371 ι,
3263 4312 3331 4363 19
3359 4322 3487 4372 apr.

498 4400 645 4462 181oe
671 4399 814 4452 Pius
837 4399 904 4461 X,
936 4401 1100 4451 motu
1130 4409 1322 4459 propr.
1360 4412 1391 4448 ι
1418 4396 1587 4448 Inter
1610 4395 1970 4457 multiplices
2003 4412 2054 4458 ι,
2083 4396 2149 4449 21
2176 4396 2328 4449 ωῠτ.
2361 4397 2509 4456 1905,
2540 4410 2599 4449 n.
2629 4397 2712 4457 22,
2749 4398 2831 4460 46;
2861 4397 2918 4450 S.
2951 4399 3017 4451 0.
3050 4398 3125 4450 de
3154 4398 3494 4451 Sacramen-

498 4490 598 4550 tis‚
626 4489 891 4540 Romana
916 4492 975 4540 et
1000 4487 1276 4547 aliarum,
1310 4489 1375 4539 11
1398 4499 1525 4549 apr.
1554 4487 1702 4550 10133
1731 4485 1789 4539 S.
1821 4487 1890 4539 0.
1920 4486 2009 4548 0.,
2039 4486 2378 4540 Tam-inest..
2406 4486 2472 4538 25
2505 4486 2624 4538 lan.
2652 4485 2801 4548 1609,
2831 4486 2911 4539 ad
2940 4487 2991 4549 ὃς
3019 4486 3080 4539 S.
3116 4487 3188 4538 R.
3224 4488 3313 4548 0.,
3349 4485 3491 4537 Bor·

497 4579 785 4638 outonem,
811 4581 875 4629 11
900 4590 1028 4640 apr.
1059 4577 1207 4637 1840.
1241 4577 1319 4629 ad
1343 4578 1392 4639 23
1417 4575 1844 4637 Gomoarium
1870 4580 1930 4628 et
1960 4574 2315 4636 calceata„
2340 4576 2407 4629 13
2440 4576 2589 4628 febr.
2616 4574 2765 4637 1892,
2802 4574 2879 4628 ad
2906 4575 3119 4636 XXIII:
3147 4574 3488 4636 Quebcoen„

494 4669 528 4721 0
553 4671 728 4720 mart.
757 4668 905 4729 1890,
933 4668 1012 4721 ad
1045 4669 1097 4728 Ι,
1124 4669 1174 4729 1;
1199 4667 1488 4726 Romana,
1518 4668 1585 4719 10
1610 4678 1737 4727 apr.
1767 4666 1917 4728 189ος
1951 4666 2347 4727 Audenam„
2374 4667 2408 4718 4
2435 4666 2559 4720 dec.
2598 4665 2745 4727 1896;
2772 4665 3219 4718 caeremoniale
3253 4665 3487 4727 Episco-

497 4766 643 4817 μοι,
676 4757 713 4807 l.
747 4756 830 4817 11,
864 4768 914 4807 c.
948 4756 1196 4817 mlv,
1235 4768 1295 4807 n.
1329 4756 1378 4806 2.

673 4848 702 4884 ⁴
733 4846 797 4898 0.
829 4846 911 4906 35,
941 4846 1014 4898 D.
1053 4846 1103 4904 1.
1133 4847 1204 4895 ae
1231 4855 1410 4902 coum:
1438 4844 1496 4898 S.
1534 4845 1600 4897 0.
1633 4846 1707 4899 de
1737 4844 2157 4906 sacramentis,
2190 4843 2474 4904 Meliten..
2511 4844 2579 4896 22
2604 4845 2779 4898 mart.
2812 4844 2962 4906 1915,
3001 4843 3079 4895 ad
3109 4843 3193 4895 11.

676 4938 703 4974 ὅ
738 4934 796 4986 S.
835 4934 904 4985 R.
941 4934 1029 4994 0.,
1066 4934 1222 4986 decr.
1255 4947 1383 4996 gen.
1417 4933 1451 4987 5
1483 4935 1604 4986 iun.
1647 4933 1796 4994 1899,
1832 4947 1890 4985 n.
1926 4934 2027 4986 v1.

678 5024 706 5060 θ
736 5024 1092 5077 Benedictus
1131 5024 1282 5086 XIV,
1321 5036 1412 5086 ep.
1452 5026 1672 5088 encycl.
1713 5039 1744 5075 ι
1791 5022 2007 5084 Moeno
2045 5035 2177 5074 cum
2214 5038 2265 5086 ι,
2305 5024 2340 5075 2
2375 5024 2498 5076 iun.
2549 5024 2698 5085 1751,
2741 5024 2768 5084 1
2809 5022 2893 5085 123
2941 5023 3085 5075 Pius
3122 5022 3261 5082 VII,
3301 5023 3485 5074 const.

495 5131 526 5167 ι
555 5113 790 5165 Iamdiu
819 5129 870 5175 ι,
907 5116 974 5168 19
1002 5127 1129 5177 apr.
1164 5114 1312 5177 181ος
1354 5113 1414 5168 S.
1448 5113 1519 5166 B.
1551 5113 1640 5177 0.,
1674 5113 1832 5166 decr.
1866 5125 1997 5174 gen.
2039 5113 2074 5166 5
2106 5114 2228 5165 iun.
2263 5112 2413 5180 1899,
2447 5125 2507 5164 n.
2543 5113 2644 5175 VIg
2684 5112 2929 5164 Rituale
2960 5112 3149 5173 Rom„
3186 5111 3283 5165 tit.
3317 5109 3484 5168 VIII,

492 5217 542 5257 c.
574 5207 625 5266 0,
660 5205 1000 5256 Benedictio
1034 5205 1165 5266 loci.-
1191 5218 1241 5258 c.
1274 5206 1324 5266 7,
1364 5204 1502 5256 Auo
1536 5204 1860 5255 benedictio
1895 5205 2100 5255 domu
2130 5215 2335 5256 novae.
