3753 5871
474 323 579 380 188
1599 321 1802 400 peden
1845 318 2010 371 Ian·
2048 317 2329 371 canonica

652 508 687 591 5
731 508 798 575 2.
848 509 919 575 Ii
954 526 1231 591 omnes,
1264 506 1595 593 graviter
1621 524 1875 575 eorum
1912 511 2219 575 onerata
2246 506 2726 589 conscientia,
2758 506 3183 593 religiosum
3211 506 3456 575 dimit·

470 619 627 683 tere
658 621 1057 701 nequeunt,
1096 616 1245 682 nisi
1279 616 1594 682 servatis
1628 632 1815 700 quae
1847 619 2305 699 sequuntur:

721 726 821 790 1.⁰
864 724 1154 792 Causae
1197 722 1651 790 dimissionis
1684 720 1954 790 debent
1993 740 2151 790 esse
2194 739 2477 808 graves;

728 831 827 896 2.·
872 830 1198 899 Possunt
1224 849 1302 898 se
1334 831 1601 899 habere
1625 832 1778 898 sive
1800 850 1891 899 ex
1918 834 2133 915 parte
2159 830 2540 914 religionis
2565 829 2718 898 sive
2743 849 2832 898 ex
2860 833 3076 914 parte
3103 829 3453 915 religiosi.

470 938 825 1007 Defectus
861 939 1174 1023 spiritus
1201 938 1528 1024 religiosi
1557 940 1686 1025 qui
1713 939 1887 1006 aliis
1924 938 2276 1006 scandalo
2305 939 2431 1022 sit,
2462 943 2576 1007 est
2604 937 2970 1006 sufficiens
3005 938 3463 1007 dimissionis

469 1064 722 1129 causa,
772 1048 837 1113 si
881 1047 1200 1132 repetita
1242 1046 1556 1116 monitio
1598 1064 1750 1113 una.
1788 1065 1959 1114 cum
2012 1045 2331 1114 salutari
2384 1046 2844 1131 poenitentia
2884 1047 3257 1113 incassum
3309 1063 3454 1114 ces·

470 1154 678 1236 serit,
710 1173 857 1221 non
878 1173 1053 1221 vero
1082 1153 1380 1221 infirma
1406 1153 1782 1236 valetudo,
1820 1153 1966 1221 nisi
1997 1158 2204 1223 certo
2223 1158 2512 1223 constet
2539 1172 2701 1222 eam
2727 1159 2903 1222 ante
2930 1153 3458 1238 professionem

467 1260 703 1329 fuisse
736 1260 988 1329 dolose
1023 1261 1393 1330 reticitam
1432 1268 1567 1329 aut
1602 1261 2171 1346 dissimulatam

726 1368 826 1435 3?
870 1369 1076 1437 Licet
1130 1369 1515 1453 Superiori
1555 1369 1968 1437 dimittenti
2009 1373 2216 1438 certo
2266 1369 2721 1438 innotescere
2763 1369 3104 1451 debeant,
3152 1386 3303 1435 non
3346 1372 3460 1436 est

468 1481 721 1545 tamen
754 1494 1044 1544 necesse
1079 1481 1166 1544 ut
1196 1476 1498 1543 formali
1535 1476 1813 1544 iudicio
1842 1477 2435 1562 comprobentur.
2481 1477 2585 1545 At
2617 1476 2962 1562 religioso
2995 1493 3281 1560 semper
3311 1492 3455 1542 ma·

472 1584 817 1652 nifestari
853 1583 1146 1666 debent,
1182 1584 1359 1651 data
1403 1584 1637 1652 eidem
1673 1585 1895 1669 plena
1928 1586 2415 1670 respondendi
2458 1585 2785 1668 licentia;
2820 1584 3122 1668 eiusque
3166 1600 3458 1667 respon-

471 1693 716 1760 siones
768 1691 1152 1776 Superiori
1189 1692 1599 1760 dimittenti
1642 1691 1962 1761 fideliter
1998 1694 2517 1766 subiiciantur:

732 1800 832 1865 4.⁰
875 1799 1158 1867 Contra
1204 1800 1660 1868 dimissionis
1698 1800 2074 1869 decretum
2121 1805 2238 1869 est
2275 1800 2620 1883 religioso
2659 1798 2985 1868 facultas
3035 1798 3462 1866 recurrendi

470 1907 566 1975 ad
603 1907 861 1975 Sedem
897 1907 1424 1992 Apostolicam3
1457 1913 1534 1977 et
1565 1909 1929 1993 pendente
1963 1927 2292 1990 recursu,
2326 1908 2663 1976 dimissio
2698 1908 2985 1974 nullum
3019 1907 3240 1975 habet
3282 1906 3456 1973 iuri·

467 2014 715 2083 dicum
756 2014 1120 2099 effectum3

642 2174 657 2189 .
735 2123 837 2189 5.⁶
872 2122 954 2190 Si
995 2124 1088 2192 de
1129 2123 1566 2191 mulieribus
1606 2127 1904 2208 agatur,
1943 2125 2224 2191 servari
2266 2123 2484 2192 debet
2518 2124 3058 2208 praescriptum
3101 2141 3267 2191 can.
3307 2121 3464 2205 643,

478 2232 512 2315 ξ
553 2231 600 2298 2
642 2230 691 2297 ¹.

1760 2341 1939 2410 cm.
1985 2341 2138 2408 648.

641 2457 1062 2543 Religiosus
1096 2458 1449 2526 dimissus
1476 2457 1572 2525 ad
1602 2476 1933 2525 normam
1969 2476 2134 2525 can.
2167 2456 2297 2525 647
2324 2456 2491 2542 ipso
2523 2456 2731 2524 facto
2757 2455 3074 2524 solvitur
3109 2455 3205 2522 ab
3231 2453 3457 2522 omni·

468 2564 606 2633 bus
630 2565 826 2633 votis
855 2565 1246 2651 religiosis,
1280 2565 1507 2633 salvis
1533 2561 1880 2634 oneribus
1914 2564 2161 2633 ordini
2195 2564 2461 2632 maiori
2494 2562 2828 2646 adnexis,
2863 2563 2930 2630 si
2957 2562 3058 2631 sit
3087 2562 3170 2630 in
3199 2561 3458 2637 sacris,

467 2676 543 2741 et
581 2672 796 2742 firmo
825 2673 1289 2757 praescripto
1315 2691 1481 2740 can.
1516 2673 1670 2750 641,
1710 2673 1744 2756 ξ
1778 2677 1846 2755 1,
1883 2673 2033 2756 642;
2065 2673 2381 2741 clericus
2410 2673 2659 2739 autem
2697 2671 2777 2738 in
2816 2669 3226 2737 minoribus
3267 2666 3457 2737 ordi·

469 2779 687 2848 nibus
718 2781 1180 2849 constitutus
1214 2799 1300 2848 eo
1332 2780 1497 2865 ipso
1531 2780 1879 2848 redactus
1912 2785 2026 2848 est
2059 2780 2139 2847 in
2174 2783 2455 2848 statum
2499 2777 2837 2845 laicalem
2868 2774 2922 2842 ².

1744 3061 2003 3129 Carnu·
2040 3060 2149 3128 11.

469 3201 583 3270 Dc
618 3203 1047 3271 dimissione
1083 3203 1598 3287 reliyiosorum
1644 3204 1772 3289 qui
1809 3208 1986 3272 vcta
2023 3209 2382 3288 perpetua
2417 3207 2946 3286 nuncuparunt
2984 3201 3066 3267 in
3103 3198 3461 3286 religiono

646 3310 975 3378 clericali
1010 3328 1160 3377 non
1186 3315 1525 3396 eoecmpta
1559 3312 1785 3379 celin
1814 3311 2170 3397 reliyione
2209 3310 2482 3380 laicali.

1770 3485 1949 3554 om.
1998 3485 2151 3551 649.

644 3601 734 3668 In
776 3601 1107 3668 virorum
1151 3600 1632 3685 religionibus
1674 3600 2145 3667 clericalibus
2198 3617 2347 3667 non
2389 3599 2750 3683 exemptis
2790 3602 2868 3667 et
2909 3598 3326 3681 laicalibus,
3374 3601 3466 3665 ut

469 3708 851 3792 professus
895 3726 942 3775 a
997 3708 1191 3775 votis
1237 3707 1617 3792 perpetuis
1659 3707 1944 3775 dimitti
2001 3707 2261 3792 pofflt,
2309 3706 2758 3791 praecedant
2814 3724 3104 3774 necesse
3149 3710 3263 3774 est
3309 3706 3460 3773 tria

467 3815 744 3884 delicta
807 3833 975 3882 cnm
1044 3813 1329 3900 duplici
1408 3814 1814 3883 monitione
1860 3832 1949 3882 ac
1994 3814 2288 3883 defectu
2355 3814 2891 3883 emendationis
2958 3812 3054 3881 ad
3126 3830 3455 3881 normam

465 3939 631 3989 can.
681 3921 993 3989 656·662.

1770 4029 1949 4099 CAN.
1993 4030 2146 4098 650.

646 4139 680 4223 ξ
729 4142 795 4205 1.
843 4138 1052 4207 Haec
1098 4140 1163 4207 si
1207 4139 1710 4223 constiterint,
1758 4157 2149 4224 supremus
2196 4139 2577 4225 religionis
2626 4140 3052 4209 Moderator
3108 4159 3277 4209 cum
3326 4158 3467 4209 suo

467 4246 825 4328 Consilio,
867 4247 1249 4332 perpensis
1288 4246 1628 4316 omnibus
1673 4248 1860 4315 facti
1898 4248 2299 4331 adiunctis,
2339 4247 2695 4316 deliberet
2744 4267 2920 4315 num
2957 4249 3164 4318 locus
3210 4250 3314 4318 sit
3351 4249 3457 4318 di·

466 4354 803 4423 missioni
841 4355 894 4422 ⁸.

640 4461 675 4544 §
721 4462 787 4528 2.
841 4462 922 4529 Si
962 4461 1200 4529 maior
1231 4459 1755 4545 suffragiorum
1799 4480 2150 4530 numerus
2182 4480 2320 4546 pro
2350 4461 2778 4530 dimissione
2819 4462 3157 4530 steterit:

727 4572 825 4635 1.·
870 4569 962 4635 In
1000 4569 1353 4655 religione
1388 4569 1578 4636 iuris
1611 4569 2026 4637 dioecesani
2066 4589 2184 4637 res
2218 4573 2378 4637 tota
2415 4570 2799 4638 deferatur
2836 4569 2933 4637 ad
2979 4568 3461 4637 Ordinarium

471 4675 615 4743 loci
653 4676 733 4744 in
779 4696 922 4762 quo
962 4677 1304 4762 religiosa
1343 4675 1660 4761 professi
1704 4678 1968 4745 domus
2003 4677 2151 4745 sita
2196 4680 2335 4759 est,
2382 4677 2597 4744 cuius
2635 4679 2752 4745 est
2785 4675 3286 4744 dimissionem
3325 4692 3467 4760 pro

472 4801 607 4851 sno
639 4785 989 4866 prudenti
1021 4784 1340 4853 arbitrio
1371 4785 1760 4852 decernere
1791 4785 1888 4852 ad
1923 4801 2256 4852 normam
2287 4801 2453 4851 can.
2493 4783 2643 4868 6473

653 5008 675 5043 ¹
714 5008 773 5060 8.
814 5010 878 5062 O.
910 5011 1018 5071 Dp.
1052 5013 1116 5063 et
1146 5010 1310 5072 Reg„
1351 5007 1596 5063 Ordinis
1626 5007 1686 5059 S.
1728 5006 2055 5067 Benedicti,
2087 5009 2154 5062 13
2184 5010 2327 5061 maii
2358 5010 2506 5072 1904,
2540 5009 2619 5063 ad
2658 5010 2707 5072 2:
2738 5010 2797 5063 8.
2832 5010 2897 5063 O.
2932 5022 3109 5071 super
3142 5009 3318 5064 Statu
3350 5011 3463 5064 Be-

471 5098 786 5159 gularlum,
817 5099 1035 5151 declar.
1068 5099 1136 5151 12
1163 5099 1284 5151 iun.
1317 5098 1467 5160 1858,
1497 5110 1555 5149 n.
1598 5098 1666 5160 V:
1694 5097 1729 5150 7
1757 5097 1908 5150 febr.
1942 5097 2090 5159 1862,
2124 5094 2201 5151 ad
2239 5098 2291 5160 2,
2321 5099 2372 5160 8;
2404 5098 2463 5151 S.
2508 5099 2572 5152 C.
2610 5099 2685 5152 de
2717 5099 3052 5162 Religiosis,
3085 5099 3239 5152 decr.
3271 5103 3306 5153 1
3334 5100 3458 5153 lan.

474 5186 622 5246 1811,
666 5197 724 5236 ιι.
762 5185 929 5238 VIII.

651 5278 678 5315 ²
720 5274 778 5327 S.
806 5275 870 5327 O.
900 5289 1076 5338 super
1109 5277 1285 5330 Statu
1310 5276 1713 5339 Regularium,
1741 5276 1959 5328 declar.
1985 5277 2053 5328 12
2076 5277 2199 5329 iun.
2226 5276 2375 5338 1868,
2404 5288 2461 5329 n.
2493 5277 2609 5339 1113
2643 5277 2701 5330 S.
2732 5277 2796 5331 0.
2835 5278 2910 5330 de
2937 5276 3272 5339 Religionis,
3302 5275 3463 5327 decr.

472 5365 506 5415 1
536 5364 655 5416 lan.
701 5365 850 5425 1911,
887 5376 946 5415 n.
985 5365 1154 5417 VIII.

651 5459 676 5494 ³
713 5456 831 5506 Leo
859 5453 1025 5515 XIII,
1055 5457 1239 5508 const.
1282 5471 1311 5506 ι
1342 5453 1627 5505 Conditus
1656 5468 1694 5506 a
1723 5453 1962 5506 christo
1992 5469 2040 5515 ι,
2072 5455 2106 5507 8
2134 5453 2256 5507 dec.
2290 5455 2438 5517 1900,
2481 5455 2508 5516 ς
2539 5453 2591 5516 2,
2630 5466 2691 5506 n.
2730 5453 2778 5505 1.
