3753 5871
405 310 511 371 1OE
1541 303 1738 357 σοαπ
1775 301 1939 354 luo-u
1986 296 2266 353 Gamla&

590 501 624 582 5
670 498 738 565 2.
789 496 1071 578 Potest,
1108 494 1204 561 ad
1239 509 1572 561 normam
1605 495 2088 573 statutorum,
2122 487 2535 556 oblationes
2570 484 2919 569 recipere,
2955 486 3034 551 et
3066 485 3400 567 receptas

411 628 716 695 erogare
761 608 857 676 ad
906 608 1069 692 pios
1114 605 1353 691 ipsius
1399 601 1918 671 associationis
1959 582 2162 682 usus,
2206 598 2416 665 salva
2450 614 2737 682 semper
2775 595 3242 665 offerentium
3280 614 3395 663 vo.-

414 720 708 786 luntate
749 717 796 783 ¹.
2273 737 2278 743 ·

596 831 630 914 5
675 830 744 898 3.
793 829 1005 897 Nulli
1031 826 1510 896 associationi
1535 825 2033 910 eleemosynas
2061 820 2408 906 colligere
2434 819 2634 902 licet,
2667 817 2812 885 nisi
2843 817 2920 887 id
2951 819 3088 885 aut
3115 818 3409 883 statuta

419 941 883 1027 permittant,
925 942 1061 1007 aut
1107 937 1508 1005 necessitas
1543 933 1898 1020 postulet,
1940 936 2015 999 et
2051 930 2197 998 loci
2243 928 2628 996 ordinarii
2665 945 3066 996 consensus
3103 928 3408 997 accedat

418 1071 507 1120 ac
543 1055 877 1121 servetur
911 1050 1151 1118 forma
1185 1047 1280 1115 ab
1314 1047 1565 1115 eodem
1605 1043 2068 1129 praescripta
2093 1039 2145 1107 ⁸.

596 1162 630 1245 5
675 1163 743 1228 4.
792 1162 910 1229 Ad
966 1160 1463 1246 eleemosynas
1518 1159 1734 1225 extra
1796 1153 2259 1224 territorium
2321 1148 2775 1236 colligendas
2829 1145 3411 1230 uniuscuiusque

420 1272 804 1340 Ordinarii
840 1271 1080 1353 venia,
1115 1269 1400 1353 scripto
1434 1267 1640 1344 data,
1680 1263 2112 1351 requiritur.

601 1384 635 1467 5
681 1383 749 1450 5.
798 1382 1276 1451 oblationum
1311 1398 1598 1466 quoque
1625 1397 1714 1446 ac
1751 1378 2377 1463 eleemosynarum
2416 1369 2658 1441 fidelis
2695 1366 3148 1454 erogationis
3188 1363 3406 1431 ratio-

423 1510 587 1559 nem
622 1491 1019 1559 associatio
1052 1490 1316 1559 reddat
1346 1487 1749 1556 Ordinatio
1779 1487 1925 1555 loci
1958 1485 2011 1552 ³.

1729 1713 1907 1781 cm.
1957 1713 2109 1782 692.

599 1862 718 1929 Ad
752 1861 1145 1930 fruendum
1178 1863 1696 1930 associationis
1727 1863 2041 1946 iuribus,
2080 1864 2515 1950 privilegiis,
2553 1865 3064 1951 indulgentiis,
3102 1859 3415 1953 aliisque

426 1973 693 2056 gratiis
723 1972 1267 2056 spiritualibus,
1303 1990 1593 2040 necesse
1627 1977 1741 2041 est
1770 1976 1846 2040 et
1873 1972 2145 2041 sufficit
2172 1978 2259 2041 ut
2287 1973 2455 2058 quis
2490 1974 2569 2041 in
2607 1993 2767 2042 eam
2803 1975 3048 2043 valide
3079 1986 3418 2059 receptus

430 2082 555 2165 sit,
607 2083 1006 2151 secundum
1051 2084 1359 2168 propria
1398 2083 1917 2151 associationis
1963 2086 2255 2151 statuta
2297 2087 2373 2152 et
2417 2084 2511 2151 ab
2566 2102 2654 2152 ea
2709 2085 3036 2172 legitime
3093 2105 3240 2155 non
3295 2108 3410 2157 ex-

433 2192 695 2275 pulsus
726 2194 778 2260 ⁴.

1722 2337 1900 2406 CAN.
1942 2336 2095 2404 693.

609 2487 645 2571 5
693 2492 758 2555 1.
807 2487 1223 2556 Acatholici
1252 2493 1329 2557 et
1356 2488 1752 2558 damnatae
1781 2495 2024 2558 sectae
2046 2489 2409 2575 adscripti
2435 2497 2571 2562 aut
2592 2511 2905 2562 censura
2931 2493 3220 2562 notorie
3241 2494 3417 2563 irre·

438 2598 565 2666 titi
607 2603 683 2667 et
715 2599 796 2665 in
831 2617 1093 2684 genere
1136 2599 1417 2684 publici
1450 2605 1873 2682 peccatores
1915 2599 2159 2668 valide
2203 2601 2432 2685 recipi
2475 2607 2849 2687 nequeunt
2893 2602 2944 2666 ⁸.

613 2711 647 2794 5
693 2712 762 2816 2.
811 2711 1088 2779 Eadem
1131 2729 1448 2795 persona
1487 2716 1733 2797 potest
1771 2713 2097 2781 adscribi
2138 2714 2478 2798 pluribus
2520 2716 3162 2799 associationibus,
3218 2716 3424 2786 salvo

432 2821 896 2908 praescripto
926 2839 1093 2892 can.
1132 2820 1262 2889 705
1295 2822 1345 2890 ⁸.

614 2933 647 3015 5
693 2932 761 3001 3.
810 2932 1173 3001 Absentes
1221 2951 1313 3001 ne
1368 2932 1894 3002 adscribantur
1942 2934 2559 3003 associationibus
2604 2935 2700 3003 ad
2749 2933 3044 3002 modum
3095 2933 3427 3020 organici

436 3045 769 3129 corporis
828 3044 1284 3127 constitutis;
1344 3048 1770 3128 praesentes
1851 3048 2127 3129 autem,
2219 3045 2514 3113 nonnisi
2574 3045 2890 3115 scientes
2951 3064 3039 3114 ac
3097 3047 3428 3115 volentes

432 3153 756 3221 adscribi
794 3158 1110 3239 possunt
1145 3154 1197 3222 ⁷.

617 3265 651 3347 5
697 3267 763 3331 4.
818 3264 1039 3334 Salvo
1065 3265 1527 3350 praescripto
1549 3284 1715 3334 can.
1744 3266 1901 3350 704,
1938 3267 2265 3353 religiosi
2297 3272 2611 3351 possunt
2642 3267 2789 3353 piis
2813 3268 3432 3337 associationibus

442 3394 703 3444 nomen
741 3377 945 3459 dare,
995 3377 1320 3461 exceptis
1359 3378 1458 3446 iis
1496 3396 1809 3463 quarum
1846 3379 2068 3463 leges,
2117 3378 2596 3462 superiorum
2635 3378 2936 3462 iudicio,
2978 3396 3145 3445 cum
3187 3379 3426 3447 obser·

441 3487 698 3555 vantia
741 3487 1038 3573 regulae
1082 3492 1158 3556 et
1196 3487 1817 3555 constitutionum
1855 3487 2244 3556 conciliari
2282 3491 2672 3572 nequeant.

622 3799 644 3834 1
681 3798 950 3851 Clemens
975 3799 1145 3859 vlu,
1180 3802 1365 3852 const.
1394 3813 1428 3850 a
1454 3799 1863 3860 Quaecumque
1898 3815 1947 3861 ι,
1979 3800 2013 3852 7
2043 3799 2167 3854 dec.
2196 3801 2345 3862 1604,
2375 3801 2402 3862 5
2433 3801 2484 3865 8;
2512 3801 2569 3854 S.
2601 3801 2667 3854 Ο.
2697 3802 2787 3864 0.,
2816 3801 3163 3861 Ariminen..
3198 3801 3266 3856 29
3290 3815 3426 3866 aug.

445 3892 592 3951 1596:
630 3892 943 3949 Aeculaua,
981 3892 1017 3945 8
1050 3896 1111 3945 et
1142 3892 1207 3943 24
1237 3894 1411 3945 mart.
1445 3891 1593 3952 1725,
1626 3892 1705 3944 ad
1733 3891 1784 3943 0.

625 3988 650 4022 ²
686 3984 955 4037 Clemens
978 3986 1146 4044 VIII,
1171 3989 1356 4038 const.
1385 4001 1416 4036 ι
1441 3985 1849 4046 Quaecumque
1878 3999 1928 4047 ι,
1953 3984 1989 4037 7
2018 3985 2141 4037 dec.
2167 3985 2317 4046 1604.
2347 3986 2374 4047 5
2402 3985 2451 4047 S;
2477 3985 2537 4038 8.
2569 3985 2635 4038 G.
2667 3986 2756 4047 0.,
2785 3986 3161 4047 banoscum„
3189 3987 3256 4039 20
3282 3989 3432 4048 sept.

444 4076 591 4137 1710,
632 4076 709 4128 ad
743 4075 795 4138 23
829 4076 1098 4135 Ianum..
1130 4077 1197 4129 27
1225 4089 1375 4141 apr„
1407 4077 1473 4128 22
1502 4078 1647 4139 lun..
1680 4077 1746 4130 18
1776 4077 1881 4129 iul.
1914 4077 2062 4138 1748,
2103 4077 2183 4129 ad
2211 4078 2260 4138 2:
2296 4076 2355 4130 S.
2390 4077 2454 4130 G.
2490 4077 2745 4139 Indulg„
2779 4078 3176 4137 commacu..
3207 4079 3273 4129 11
3304 4079 3428 4130 lun.

444 4169 592 4228 1838:
623 4168 681 4221 S.
714 4168 783 4219 B.
816 4170 903 4230 (3.,
936 4169 1174 4222 Nullius
1210 4170 1577 4228 Mucianae,
1606 4170 1640 4222 0
1680 4170 1783 4222 lul.
1817 4169 1967 4229 1718,
2001 4169 2080 4221 ad
2112 4170 2194 4231 13;
2226 4169 2534 4228 Perusina,
2567 4171 2603 4222 9
2634 4170 2738 4222 iul.
2776 4169 2924 4232 1718,
2966 4170 3043 4223 ad
3086 4170 3168 4221 15.

624 4264 649 4298 ³
688 4260 860 4311 conc.
908 4262 1194 4322 Trident„
1239 4273 1387 4314 sess.
1434 4261 1615 4324 XXII,
1657 4263 1729 4312 de
1766 4260 1902 4320 ret„
1939 4272 1991 4313 c.
2030 4263 2080 4323 9:
2117 4260 2386 4314 Clemens
2425 4262 2592 4322 VIII,
2629 4265 2814 4315 const.
2866 4277 2897 4312 ι
2934 4261 3342 4323 Quaecumque
3384 4277 3435 4323 ι,

446 4353 479 4406 7
505 4354 628 4406 dec.
657 4353 805 4414 1604,
836 4354 863 4415 5
890 4355 939 4416 8;
970 4355 1325 4407 Benedictus
1349 4355 1501 4415 XIV,
1537 4357 1721 4408 const.
1754 4370 1785 4405 ι
1814 4353 1904 4405 Aa
1934 4354 2251 4406 militantia
2281 4369 2331 4416 ι,
2361 4355 2429 4408 30
2455 4357 2630 4408 mart.
2664 4354 2813 4416 1742,
2852 4354 2880 4416 5
2918 4354 3001 4417 823
3037 4354 3096 4407 8.
3129 4353 3195 4406 G.
3228 4355 3336 4415 Ep.
3368 4357 3436 4407 et

448 4447 611 4507 neg..
654 4444 965 4503 uuum..
999 4447 1066 4499 20
1096 4449 1270 4499 mart.
1311 4447 1461 4506 1618:
1496 4446 2006 4507 conventualium,
2040 4447 2076 4498 5
2115 4450 2229 4499 oct.
2266 4446 2412 4509 1646ς
2448 4445 2507 4498 S.
2543 4447 2608 4499 Ο.
2644 4446 2732 4508 G..
2771 4444 3149 4504 Lanatam..
3184 4446 3252 4499 20
3281 4449 3432 4508 sept.

447 4540 594 4612 1719,
629 4538 706 4591 ad
733 4538 837 4600 3·ος
866 4538 1131 4597 Ianucu„
1161 4539 1225 4591 27
1254 4551 1403 4600 apr..
1433 4539 1499 4590 22
1535 4539 1679 4600 lun..
1710 4540 1776 4591 13
1806 4540 1911 4591 lul.
1944 4538 2094 4599 1748,
2126 4538 2205 4590 ad
2235 4539 2285 4590 3.

624 4634 652 4669 ⁴
695 4630 753 4682 S.
786 4630 850 4682 C.
887 4631 945 4683 Β.
979 4630 1093 4683 Off.
1150 4631 1329 4690 (Sect.
1374 4631 1451 4684 de
1495 4631 1777 4694 Indulg.),
1817 4631 1972 4683 decr.
2013 4631 2078 4683 23
2112 4643 2238 4692 apr.
2278 4631 2425 4692 19143
2463 4630 2521 4683 S.
2561 4630 2627 4683 O.
2667 4630 2921 4692 Indulg„
2965 4630 3192 4681 Incerti
3226 4628 3338 4679 loci
3374 4629 3440 4679 tn

451 4725 667 4782 Gallia,
704 4724 771 4776 12
814 4724 965 4777 febr.
1003 4725 1149 4786 184ος
1185 4724 1580 4782 cameracen..
1617 4725 1683 4778 25
1721 4725 1840 4777 lan.
1880 4724 2028 4784 1842,
2067 4724 2146 4776 ad
2182 4726 2234 4784 1,
2272 4724 2323 4786 2,
2368 4722 2743 4782 Piraeo-ouen..
2783 4724 2850 4775 12
2886 4724 3031 4775 maii
3079 4722 3227 4782 1843,
3269 4722 3346 4774 ad
3385 4724 3436 4784 1:

453 4818 625 4868 Urbis
670 4819 730 4866 ct
774 4816 969 4874 Orbis,
1014 4816 1049 4869 5
1083 4829 1217 4879 aug.
1257 4817 1405 4880 1851.-
1439 4815 1789 4875 uuonan..
1825 4817 1893 4869 27
1928 4817 2073 4868 maii
2110 4815 2256 4877 1857:
2293 4814 2689 4875 cameracen„
2735 4814 2802 4868 29
2836 4827 2968 4877 aug.
3010 4814 3158 4876 18043
3196 4812 3434 4864 Moenu-

452 4911 606 4960 uien.
639 4915 697 4962 ct
731 4909 1313 4969 Vmoennapoutana‚
1343 4910 1409 4962 18
1442 4909 1546 4962 lul.
1580 4909 1730 4970 1887,
1759 4910 1839 4962 ad
1879 4910 1929 4968 1.
1963 4910 2045 4971 113
2075 4909 2442 4968 ‚lucu-staua.
2475 4908 2541 4959 10
2571 4919 2704 4969 aug.
2739 4908 2888 4968 1809,
2922 4906 3001 4958 ad
3036 4907 3170 4958 vu.

625 5008 651 5042 ⁵
691 5003 835 5055 Plus
869 5003 966 5064 IX,
1000 5013 1091 5064 ep.
1128 5018 1159 5053 ι
1188 5003 1554 5064 Quamquam
1581 5019 1631 5064 »,
1660 5002 1726 5055 29
1751 5002 1896 5054 mali
1925 5002 2071 5064 18733
2096 5004 2282 5053 const.
2314 5016 2345 5051 a
2377 5001 2637 5052 Eam-tae
2664 5014 2714 5061 ι,
2743 4999 2809 5052 29
2839 5010 2964 5060 apr.
2995 4998 3143 5060 1876;
3171 4998 3230 5050 S.
3258 4997 3326 5051 Ο.
3364 4998 3439 5051 de

454 5097 623 5156 Prop.
657 5095 802 5148 Fide
837 5096 926 5156 (Ο.
959 5096 1076 5156 9.),
1110 5096 1176 5147 19
1203 5097 1351 5155 sept.
1383 5094 1529 5147 1867.

630 5192 653 5226 ⁸
729 5187 787 5240 S.
830 5188 895 5241 O.
941 5189 1047 5250 Ep.
1088 5192 1154 5242 et
1186 5188 1349 5251 Reg„
1386 5186 1659 5247 Naxica..
1691 5187 1727 5241 8
1759 5187 1882 5240 lun.
1919 5187 2067 5250 18183
2099 5186 2158 5240 8.
2203 5187 2269 5239 G.
2305 5185 2561 5247 ludulg„
2599 5183 2967 5244 Zaoabricn„
3005 5184 3071 5235 17
3104 5185 3252 5236 febr.
3290 5184 3439 5244 1718,

449 5282 526 5334 ad
554 5284 604 5343 4;
632 5281 923 5340 Briocen..
954 5283 1019 5335 29
1051 5282 1195 5334 mali
1226 5281 1375 5342 1841,
1408 5280 1486 5333 ad
1524 5282 1607 5343 105
1637 5279 1954 5339 Basileon„
1988 5281 2053 5332 13
2087 5280 2235 5331 tebr.
2269 5278 2419 5339 1894,
2455 5277 2533 5330 ad
2568 5279 2615 5330 1.

624 5377 646 5411 ⁷
695 5374 752 5427 S.
808 5375 872 5428 Ο.
931 5375 1183 5438 ludulg„
1230 5375 1580 5426 Amerinam
1631 5373 1785 5425 Novi
1831 5373 2019 5433 Remu
2063 5371 2395 5432 Hupancoi,
2439 5371 2506 5424 28
2548 5383 2675 5432 apr.
2723 5370 2870 5432 1761;
2916 5367 3091 5421 Urbis
3146 5374 3205 5421 ct
3251 5366 3445 5426 oron.

452 5468 517 5518 13
548 5478 673 5527 apr.
710 5468 856 5530 18783
885 5469 951 5521 19
981 5469 1101 5520 iun.
1134 5469 1281 5530 188ος
1315 5466 1490 5520 Urbis
1529 5471 1589 5519 ct
1624 5465 1815 5526 ortu,
1848 5466 1916 5518 28
1947 5478 2078 5517 nov.
2114 5464 2260 5516 1880.
