3753 5871
1200 1031 1553 1146 MOTU
1629 1030 2187 1145 ΡΒΟΡΒΙΟ

183 1293 582 1346 conclusam
635 1293 1102 1345 ms‘rrrmun
1142 1295 1237 1345 AD
1277 1292 1562 1348 00121018
1593 1293 1923 1347 mucuns
1972 1296 2429 1347 Aumnncn
2476 1278 3189 1348 anRPRnTAND081.

981 1561 1834 1655 BENEDICTUS
1927 1563 2123 1654 ΡΡ.
2197 1564 2396 1658 XV

210 1825 407 1930 sq!
445 1827 603 1882 um
631 1805 850 1884 iuris
876 1806 1266 1884 canonici
1295 1806 1718 1900 Codicem,
1756 1808 1896 1886 fel.
1931 1831 2096 1887 rec.
2130 1810 2592 1894 decessoris
2624 1810 2909 1890 Nostri
2941 1808 3078 1888 Pii
3106 1810 3189 1888 X

225 1901 401 2040 ,QZ
476 1949 736 2030 iussu
798 1950 1246 2053 digestum,
1291 1975 1462 2030 non
1526 1954 1798 2032 multo
1866 1956 2086 2046 ante,
2131 1940 2850 2055 exspectationem
2925 1957 3190 2036 totius

198 2091 592 2170 catholici
643 2092 872 2171 orbis
920 2092 1379 2194 explentes,
1455 2093 2302 2196 promulgaverimus,
2374 2091 2804 2175 Ecclesiae
2868 2096 3189 2175 bonum

197 2231 634 2333 ipsiusque
676 2237 990 2312 natura
1024 2234 1142 2313 rei
1173 2233 1553 2333 profecto
1579 2235 2021 2337 postulant
2048 2238 2167 2327 ut,
2207 2239 2632 2337 quantum
2663 2236 2847 2314 fieri
2886 2239 3186 2338 potest,

197 2392 680 2466 caveamus,
718 2398 824 2454 ne
858 2377 1010 2454 aut
1041 2375 1404 2480 incertis⁹
1422 2376 1957 2477 privatorum
1991 2376 2440 2455 hominum
2474 2377 2578 2455 de
2613 2398 3020 2480 germano
3057 2399 3189 2457 ca-

204 2537 520 2596 nonum
573 2541 837 2597 sensu
886 2517 1430 2619 opinionibus
1491 2522 1579 2599 et
1626 2519 2157 2610 coniecturis,
2212 2522 2367 2599 aut
2412 2515 2707 2599 crebra
2769 2541 3188 2599 novarum

204 2658 476 2759 legum
528 2659 974 2751 varietate,
1030 2661 1253 2740 tanti
1299 2662 1577 2764 operis
1619 2660 2045 2740 stabilitas
2086 2661 2179 2738 in
2223 2660 2684 2740 discrimen
2725 2660 3189 2763 aliquando

207 2804 572 2880 vocetur.
627 2802 1159 2904 Quapropter
1212 2802 1746 2904 propositum
1792 2800 2053 2881 Nobis
2095 2804 2224 2881 est
2265 2801 2606 2904 utrique
2648 2801 3190 2881 incommodo

209 2969 681 3040 occurrere3
710 2949 940 3051 quod
962 2951 1062 3028 ut
1086 2948 1580 3040 efficiamus,
1611 2948 1855 3027 Motu
1886 2948 2256 3050 proprio,
2287 2951 2518 3027 certa
2545 2947 2902 3027 scientia
2932 2949 3190 3050 atque

102 3200 106 3207 ἡ
208 3095 538 3171 matura
585 3091 1195 3172 deliberatione
1243 3093 1574 3182 Nostra,
1623 3092 1834 3170 haec
1878 3112 2096 3191 quae
2138 3090 2367 3170 infra
2409 3092 2727 3193 scripta
2769 3094 2972 3171 sunt
3025 3094 3188 3171 sta-

212 3238 526 3318 tuimus
566 3240 829 3340 atque
877 3238 1447 3317 decernimus:

504 3384 581 3461 Ι.
624 3382 1137 3484 Exemplum
1172 3383 1708 3463 decessorum
1749 3385 2250 3465 Nostrorum
2295 3387 2590 3479 secuti,
2634 3388 2786 3490 qui
2825 3389 3191 3467 decreto-

214 3547 394 3606 rum
420 3526 808 3607 .Concilii
849 3527 1329 3606 Tridentini
1366 3527 2160 3630 interpretationem
2198 3533 2539 3635 proprio
2583 3534 2944 3611 Patrum
2998 3533 3194 3612 Car-

217 3666 634 3747 dinalium
685 3671 962 3748 coetui
1011 3670 1648 3761 commiserunt,
1719 3667 2193 3750 Consilium
2249 3695 2398 3751 seu
2455 3670 3186 3762 Commissionem,

216 3811 334 3888 uti
352 3813 693 3903 vocant,
727 3809 1349 3903 constituimus,
1377 3812 1517 3891 cui
1539 3813 1695 3891 uni
1721 3814 1854 3890 ius
1882 3813 2044 3892 erit
2078 3812 2415 3892 Codicis
2443 3836 2809 3892 canones
2838 3814 3191 3899 authen-

222 3951 371 4031 tice
408 3953 1058 4056 interpretandi,
1099 3955 1399 4034 audita
1430 3956 1744 4047 tamen,
1778 3955 1875 4032 in
1917 3955 2169 4034 rebus
2203 3955 2551 4052 maioris
2585 3955 3020 4050 momenti,
3059 3955 3213 4035 Sa·-

217 4118 352 4176 cra
387 4122 489 4178 ea
523 4099 1193 4201 congregatione
1231 4100 1478 4178 cuius
1517 4102 1861 4201 propria
1905 4122 2038 4178 res
2077 4101 2207 4190 sit,
2257 4121 2476 4200 quae
2524 4097 2897 4179 Consilio
2934 4100 3194 4179 disce-

219 4241 528 4339 ptanda
609 4242 1132 4344 proponitur.
1207 4242 1449 4321 Idem
1519 4264 1719 4320 vero
1776 4241 2250 4320 Consilium
2332 4245 2719 4336 constare
2798 4244 3199 4322 volumus

228 4403 323 4459 ex
363 4385 691 4486 aliquot
733 4384 816 4464 S.
864 4386 960 4464 R.
1012 4384 1106 4462 E.
1162 4382 1784 4476 cardinalibus,
1832 4407 2198 4487 quorum
2253 4406 2480 4464 unus
2524 4385 2801 4465 coetui
2858 4383 3197 4487 praesit,

228 4525 747 4607 Auctoritate
787 4528 1095 4606 Nostra
1162 4529 1248 4606 et
1311 4549 1891 4607 successorum
1951 4509 2448 4605 Nostrorum
2513 4526 3023 4630 deligendis;
3069 4527 3204 4606 his

226 4672 615 4751 accedent
650 4676 838 4751 tum
871 4673 1008 4750 vir
1040 4671 1471 4774 probatus,
1512 4672 1661 4772 qui
1700 4670 1918 4751 sacri
1964 4669 2318 4750 Consilii
2356 4669 2516 4750 erit
2556 4671 2663 4750 ab
2700 4671 2964 4763 Actis,
3008 4674 3196 4749 tum

227 4813 539 4916 aliquot
574 4816 1116 4896 Consultores
1143 4840 1249 4895 ex
1275 4820 1636 4918 utroque
1667 4819 1892 4896 clero
1918 4815 2133 4895 iuris
2163 4816 2552 4894 canonici
2581 4815 2861 4918 periti,
2898 4814 3194 4895 eadem

228 4959 741 5039 Auctoritate
768 4959 1313 5062 designandi3
1344 4961 1490 5039 sed
1524 4960 1898 5039 Consilio
1925 4959 2062 5037 ius
2092 4957 2256 5038 erit
2292 4959 2834 5038 Consultores
2863 4981 3199 5061 quoque

231 5099 663 5182 Sacramm
743 5103 1536 5207 Congregationum,
1605 5126 1757 5207 pro
1830 5126 1987 5182 sua
2051 5123 2474 5203 quemque
2529 5124 2636 5194 re,
2687 5102 3199 5181 sententiam

231 5249 585 5344 rogandi.

389 5496 410 5527 ¹
442 5498 592 5555 Acta
627 5497 1006 5568 Apostolioao
1041 5497 1234 5565 Sedis,
1276 5495 1380 5565 lx,
1421 5496 1584 5565 1917,
1619 5494 1746 5555 483.
