3753 5871
1197 322 1371 373 Liber
1409 322 1647 373 Primus
1697 350 1715 360 ·
1756 322 2008 374 Nor-mae
2061 322 2375 374 Oenei-oles
2853 294 2859 300 ’
3248 321 3286 380 3

1604 548 1781 614 CAN.
1823 547 1909 613 10

468 672 703 757 Leges
748 671 1156 756 respiciunt
1197 671 1484 753 futura,
1534 690 1680 738 non
1727 671 2159 755 praeterita,
2220 673 2366 738 nisi
2412 673 2847 740 nominatim
2904 674 2982 740 in
3040 673 3146 740 eis
3190 674 3281 741 de

293 780 726 864 praeteritis
757 784 1110 847 caveatur
1146 779 1197 846 ¹.

1603 903 1781 971 oss.
1831 904 1942 969 11.

469 1046 872 1114 Irritantes
897 1051 1034 1114 aut
1065 1045 1629 1114 inhabilitantes
1658 1065 1784 1112 eae
1814 1050 2111 1113 tantum
2144 1045 2339 1130 leges
2375 1046 2749 1113 habendae
2780 1050 2980 1128 sunt,
3017 1045 3282 1130 quibus

287 1162 428 1225 aut
460 1162 712 1225 actum
753 1175 911 1224 esse
946 1155 1233 1222 nullum
1270 1159 1406 1222 aut
1438 1154 1839 1223 inhabilem
1883 1173 2040 1222 esse
2076 1171 2462 1238 personam
2500 1171 2839 1237 expresse
2873 1154 2989 1220 vel
3033 1153 3276 1237 aequi·

288 1265 628 1334 valenter
661 1265 1049 1333 statuitur.

1612 1388 1789 1457 cm.
1831 1364 1943 1455 12.

467 1530 785 1615 Legibus
816 1548 1013 1597 mere
1050 1529 1570 1597 ecclesiasticis
1604 1549 1748 1596 non
1784 1532 2133 1597 tenentur
2171 1530 2294 1614 qui
2328 1529 2777 1613 baptismum
2811 1548 2959 1595 non
3002 1546 3278 1613 recepe·

290 1644 499 1715 runt,
540 1657 673 1707 nec
702 1639 1064 1723 baptizati
1091 1639 1217 1722 qui
1245 1636 1636 1705 sufficienti
1668 1638 1983 1705 rationis
2021 1657 2158 1704 usu
2190 1656 2335 1704 non
2372 1627 2722 1723 gaudent,
2757 1656 2888 1704 nec
2918 1637 3070 1721 qui,
3107 1636 3280 1703 licet

291 1747 616 1815 rationis
659 1765 873 1813 usum
918 1746 1264 1829 assecuti,
1323 1746 1715 1830 septimum
1763 1746 2035 1813 aetatis
2081 1764 2356 1811 annum
2406 1745 2729 1812 nondum
2775 1745 3278 1829 expleverunt,

291 1855 442 1918 nisi
486 1855 696 1919 aliud
731 1855 894 1921 iure
937 1872 1276 1934 expresse
1311 1859 1664 1921 caveatur
1696 1852 1750 1920 ².

1614 2045 1791 2113 CAN.
1827 2045 1936 2111 13.

468 2192 504 2274 ξ
551 2194 618 2257 1.
668 2190 986 2276 Legibus
1031 2189 1498 2274 generalibus
1538 2192 1889 2256 tenentur
1930 2187 2199 2272 ubique
2239 2193 2608 2255 terrarum
2656 2203 2908 2256 omnes
2946 2205 3083 2270 pro
3125 2185 3278 2271 qui·

921 2298 948 2334 ³

289 2302 433 2367 bus
467 2301 974 2490 Ιέἑῧῖἓὲξὶξυε.
996 2405 1319 2473 conditis
1356 2424 1494 2491 pro
1523 2403 1883 2488 peculiari
1914 2402 2299 2470 territorio
2329 2403 2386 2469 ii
2427 2402 2927 2470 subiiciuntur
2958 2420 3095 2483 pro
3129 2401 3279 2484 qui·

288 2515 433 2583 bus
465 2515 668 2582 latae
702 2519 880 2582 sunt
920 2514 1188 2599 quique
1221 2513 1489 2580 ibidem
1524 2511 1978 2580 domicilium
2010 2511 2127 2578 vel
2163 2508 2856 2595 quasi-domicilium
2901 2506 3175 2574 habent
3210 2519 3284 2574 et

289 2622 520 2689 simul
550 2626 726 2689 actu
755 2625 1330 2699 commorantur,
1373 2619 1586 2685 firmo
1627 2619 2088 2701 praescripto
2118 2637 2283 2684 can.
2321 2620 2406 2682 14
2442 2618 2496 2682 ⁴.

1605 2813 1781 2880 CAN.
1821 2813 1932 2879 14.

475 2923 513 3005 ξ
547 2925 614 2989 1.
652 2921 1080 3008 Peregrini:

557 3033 656 3097 1.⁶
700 3031 867 3099 Non
908 3031 1483 3114 adstringuntur
1525 3030 1811 3114 legibus
1853 3028 2434 3119 particularibus
2480 3029 2597 3094 sui
2641 3027 3007 3095 territorii
3061 3043 3282 3110 quan-

286 3138 424 3205 diu
473 3138 569 3205 ab
609 3156 697 3205 eo
732 3138 1029 3221 absunt,
1074 3138 1221 3204 nisi
1267 3142 1404 3205 aut
1447 3157 1701 3206 earum
1741 3130 2237 3223 transgressio
2273 3136 2350 3202 in
2394 3135 2698 3220 proprio
2735 3135 3118 3202 territorio
3161 3151 3279 3201 no-

287 3249 483 3327 ceat,
519 3252 655 3315 aut
686 3244 883 3327 leges
922 3245 1075 3314 sint
1107 3245 1553 3330 personales3

556 3351 656 3417 2.⁰
696 3351 950 3436 Neque
988 3352 1274 3435 legibus
1308 3354 1673 3421 territorii
1705 3354 1784 3431 in
1824 3371 1968 3437 quo
2007 3356 2427 3434 versantur,
2463 3352 2559 3418 iis
2592 3349 2917 3434 exceptis
2953 3368 3139 3434 quae
3171 3366 3281 3416 or·

289 3459 453 3527 dini
489 3460 790 3540 publico
820 3460 1244 3536 consulunt,
1279 3461 1397 3526 vel
1436 3466 1737 3526 actuum
1772 3460 2160 3528 sollemnia
2188 3458 2709 3535 determinant:

556 3559 660 3631 3.·
702 3566 805 3633 At
849 3564 1134 3649 legibus
1171 3566 1638 3649 generalibus
1683 3570 2058 3649 tenentur,
2099 3565 2391 3635 etiamsi
2433 3567 2569 3642 hae
2616 3585 2753 3633 suo
2786 3566 2864 3632 in
2905 3565 3288 3633 territorio

293 3690 441 3752 non
473 3671 800 3755 vigeant,
833 3672 1134 3741 minime
1169 3693 1344 3743 vero
1375 3677 1439 3742 si
1472 3676 1551 3743 in
1585 3676 1747 3744 loco
1774 3675 1855 3742 in
1890 3694 2033 3760 quo
2060 3679 2456 3743 versantur
2495 3692 2641 3742 non
2684 3673 3009 3759 obligent
3039 3672 3091 3740 ⁸.

473 3780 510 3862 ἓ
553 3779 622 3845 2.
669 3781 862 3864 Vagi
916 3780 1343 3865 obligantur
1385 3783 1670 3868 legibus
1723 3788 1878 3851 tam
1931 3779 2398 3869 generalibus
2442 3802 2659 3868 quam
2705 3783 3287 3868 particularibus

293 3905 484 3974 quae
512 3887 765 3971 vigent
797 3888 877 3954 in
909 3888 1072 3957 loco
1101 3890 1180 3956 in
1222 3908 1366 3975 quo
1394 3896 1811 3959 versantur.

464 4149 489 4184 ²
529 4147 599 4199 c.
633 4148 683 4208 2,
716 4150 800 4209 13,
831 4148 898 4209 X,
944 4148 1015 4197 de
1052 4146 1591 4206 constitutionibus,
1629 4148 1678 4209 Ι,
1713 4149 1762 4211 2ς
1803 4160 1852 4200 c.
1890 4151 1942 4210 4,
1989 4151 2060 4199 de
2094 4149 2282 4209 officio
2319 4148 2518 4209 leuati,
2559 4150 2609 4211 1,
2646 4150 2729 4210 15,
2767 4151 2831 4201 in
2879 4149 3001 4212 V103
3034 4163 3084 4203 c.
3124 4151 3174 4211 2,
3213 4152 3285 4201 de

298 4240 561 4297 indiciis,
612 4239 694 4298 11,
731 4241 782 4298 1,
831 4240 893 4289 in
929 4238 1131 4299 Clem.;
1170 4251 1221 4290 c.
1267 4251 1391 4307 un„
1431 4241 1502 4291 de
1538 4241 2008 4301 sequestratione
2051 4241 2485 4302 possessionum
2518 4243 2578 4291 et
2620 4242 2948 4302 tractuum,
2995 4241 3079 4302 11,
3124 4242 3177 4301 θ,
3225 4243 3285 4291 in

294 4321 502 4390 metim
538 4341 590 4380 e.
633 4342 756 4389 un„
802 4329 873 4379 ae
915 4327 1379 4389 probationibus,
1433 4329 1515 4389 11,
1558 4328 1608 4389 7,
1653 4329 1714 4379 in
1758 4329 1962 4390 clem:
2004 4340 2054 4381 c,
2100 4330 2153 4390 1,
2184 4331 2255 4387 de
2296 4328 2592 4381 sententia
2645 4325 3283 4402 excommnnicationis,

298 4417 706 4478 suspensionis
736 4423 798 4471 et
834 4419 1158 4478 interdicti,
1191 4419 1261 4480 V,
1300 4420 1384 4481 10,
1425 4421 1488 4471 in
1525 4419 1728 4481 Clem.;
1760 4420 1818 4473 S.
1853 4421 1920 4473 C.
1965 4421 2022 4473 S.
2056 4420 2171 4473 Off.
2223 4421 2402 4481 (sect.
2445 4421 2520 4473 de
2557 4421 2836 4483 Indum),
2876 4419 2941 4472 20
2973 4422 3090 4472 ian.
3134 4421 3283 4481 1911:

300 4507 356 4560 S.
404 4509 473 4562 G.
523 4510 782 4570 Indulg„
825 4511 1064 4564 Ordinis
1105 4509 1402 4562 Minor-um
1448 4511 1930 4571 capuccinorum,
1977 4513 2041 4563 21
2088 4513 2208 4564 iun.
2247 4512 2396 4573 1893,
2444 4511 2522 4564 ad
2563 4512 2611 4563 1.

459 4602 490 4637 ²
530 4602 594 4655 C.
625 4603 674 4662 4,
708 4603 776 4661 X,
810 4606 881 4654 de
915 4603 1426 4663 consanoninitate
1459 4607 1520 4655 et
1547 4604 1866 4665 affinitate,
1903 4603 2005 4662 IV,
2034 4604 2117 4665 143
2148 4615 2198 4655 c.
2228 4603 2281 4663 8,
2315 4604 2382 4664 X,
2420 4606 2492 4655 de
2521 4603 2814 4662 divortiis,
2850 4601 2952 4661 IV,
2989 4603 3072 4663 19;
3098 4601 3273 4654 conc.

294 4690 591 4752 Trident,
625 4703 766 4743 sess.
802 4693 952 4752 XIV,
981 4695 1053 4744 de
1085 4693 1469 4754 poenitentia,
1502 4704 1552 4743 c.
1583 4693 1631 4753 2;
1666 4692 2021 4744 Benedictus
2046 4692 2197 4752 XIV,
2231 4705 2322 4754 ep.
2351 4693 2569 4754 encycl.
2608 4708 2638 4742 α
2670 4693 2842 4743 Inter
2866 4694 3205 4753 omnivenas
3235 4704 3287 4750 n,

288 4780 325 4829 2
355 4782 510 4831 tebr.
550 4781 702 4839 1744.
745 4782 770 4838 ἱ
816 4783 897 4844 16;
940 4793 1030 4842 ep.
1071 4798 1100 4832 α
1145 4780 1448 4840 Sinoulcri
1486 4797 1535 4842 n,
1573 4784 1608 4833 9
1645 4783 1793 4834 febr.
1833 4782 1983 4841 1749,
2023 4782 2050 4842 fi
2096 4783 2146 4842 2;
2185 4781 2242 4834 S.
2276 4781 2340 4833 C.
2378 4782 2434 4833 S.
2469 4780 2605 4838 off„
2650 4783 2820 4833 instr.
2871 4782 2972 4840 (ad
3008 4781 3279 4842 Archiep.

290 4869 668 4929 Quebecen.),
710 4869 777 4920 16
814 4870 962 4928 sept.
1005 4863 1154 4928 1824,
1198 4870 1277 4921 ad
1327 4871 1374 4932 23
1422 4869 1700 4930 (Tunkin.
1748 4870 2092 4930 occident),
2139 4872 2206 4922 19
2245 4883 2372 4932 apr.
2417 4869 2565 4931 183⁶&
2615 4871 2784 4922 instr.
2839 4870 2941 4928 (ad
2993 4870 3116 4920 Vic.
3173 4870 3280 4929 Ap.

295 4956 612 5020 Nankm),
641 4958 709 5010 28
741 4971 876 5020 aug.
914 4959 1063 5021 1891;
1098 4957 1156 5011 Β.
1189 4959 1253 5011 G.
1292 4958 1366 5011 de
1401 4960 1572 5019 Prop.
1606 4958 1752 5010 Fide
1794 4957 1884 5018 (C.
1918 4961 1983 5008 P.
2023 4984 2042 4995 ·
2071 4962 2355 5023 Jaffnae),
2392 4963 2457 5013 23
2493 4973 2628 5022 aug.
2658 4960 2807 5021 1852,
2844 4959 2923 5012 ad
2956 4959 3007 5009 5.
3038 4984 3104 4994 -
3131 4953 3285 5006 Vide

287 5045 945 5109 etiamcan.859,31;
982 5046 1274 5108 906;1099,
1318 5046 1755 5108 ῦ2ς1254,51.

458 5136 487 5171 ³
529 5137 596 5189 O.
630 5140 683 5196 1,
720 5138 789 5197 X,
829 5144 901 5192 de
938 5139 1478 5197 constitutionibus,
1512 5138 1561 5197 1,
1601 5138 1650 5198 23
1686 5137 1859 5189 Cone.
1894 5135 2182 5193 Trident„
2223 5147 2366 5186 sess.
2398 5140 2564 5197 xxv,
2607 5142 2677 5190 ae
2709 5138 2845 5198 ref„
2883 5137 2948 5188 e..
2975 5135 3058 5187 18.

455 5226 488 5264 ⁴
527 5226 596 5278 0.
640 5226 694 5286 2,
738 5227 812 5277 ae
844 5228 1384 5285 constitutionibus,
1430 5228 1480 5287 1,
1524 5227 1574 5287 2,
1614 5228 1676 5277 in
1718 5226 1844 5288 V103
1879 5226 1999 5277 Leo
2039 5225 2207 5285 XIII,
2243 5225 2427 5275 const.
2476 5241 2503 5272 u
2549 5230 2841 5280 Romanos
2877 5225 3188 5285 Pontifices
3233 5237 3285 5280 n,

288 5313 330 5365 8
372 5315 518 5366 man
564 5314 720 5368 1881.

457 5407 484 5442 ⁸
519 5406 586 5460 O.
625 5405 715 5465 21,
763 5405 833 5466 X,
882 5407 954 5457 de
990 5404 1286 5458 sententia
1330 5407 1971 5464 communicationis,
2017 5403 2088 5462 V,
2133 5401 2215 5460 39,
2248 5414 2297 5454 c.
2346 5403 2396 5466 2,
2439 5405 2508 5452 de
2554 5399 3093 5458 constitutionibus,
3139 5402 3190 5456 1,
3228 5401 3283 5454 2,

213 5533 224 5542 .
292 5498 511 5561 ωῖῐος
548 5499 609 5552 8.
645 5497 717 5549 0.
759 5495 1043 5554 Consist„
1082 5493 1298 5546 declar.
1338 5493 1404 5545 31
1440 5496 1616 5544 mart.
1648 5492 1798 5552 1916,
1836 5504 1894 5542 n.
1928 5490 1982 5550 2,
2019 5491 2067 5543 3.
