3753 5871
1461 344 1824 396 Documenta
3029 342 3137 402 6⁹7

335 536 400 597 9.
450 568 469 580 ·
518 533 774 596 Statim
817 550 901 596 ac
948 532 1204 595 Sancta
1252 531 1460 594 Sedes
1503 533 1870 607 vacaverit,
1919 529 2111 593 illico
2152 529 2537 609 Apostolici
2583 528 2845 592 Palatii
2892 534 3133 607 portae

133 642 589 704 claudantur.
628 640 840 703 Nemo
876 639 1144 720 ingredi
1186 638 1444 718 poterit
1477 638 1615 700 nisi
1646 656 1729 702 ex
1769 638 1969 701 venia
2001 636 2396 700 cardinalis
2437 635 2839 700 camerarii.
2878 638 3131 701 Verum

136 747 675 812 novendialibus
714 747 1038 827 peractis,
1081 745 1381 810 exterior
1417 762 1732 811 accessus
1771 747 1861 810 ad
1905 746 2187 809 Musaea
2226 749 2301 809 et
2340 745 2836 809 Bibliothecam
2879 746 3131 809 iterum

137 859 415 934 pateat,
453 861 537 919 ut
565 870 800 918 omnes
828 871 911 918 ea
950 852 1102 917 loca
1133 853 1417 917 visitare
1459 854 1750 932 pofflrrt,
1795 853 2009 917 veluti
2051 853 2183 916 huc
2217 869 2430 932 usque
2463 853 2728 916 factum
2761 857 2907 917 est:
2946 853 3129 917 clau·

137 963 365 1024 datur
392 964 623 1025 tamen
657 962 717 1025 si
751 962 823 1025 S.
862 961 1060 1025 Sedis
1092 959 1323 1025 hostes
1353 961 1480 1026 hac
1511 962 1944 1024 concessione
1979 962 2086 1024 uti
2120 959 2333 1025 velint
2374 964 2724 1039 tamquam
2768 964 3131 1039 praetextu

135 1086 284 1147 quo
314 1069 448 1132 sibi
485 1069 808 1148 aperiant
841 1068 1110 1131 aditum
1141 1070 1217 1130 in
1246 1067 1425 1131 alias
1461 1069 1754 1132 Aedium
1784 1068 2283 1154 Vaticauarum
2324 1070 2579 1147 partes.

335 1177 439 1239 10.
487 1211 507 1222 -
556 1176 633 1239 Si
661 1175 816 1254 quis
839 1177 930 1240 ad
956 1175 1454 1239 Vaticanarum
1471 1176 1773 1241 Aedium
1800 1179 2044 1256 portas
2064 1179 2381 1239 armatus
2405 1176 2556 1256 ipse
2579 1179 2710 1238 aut
2733 1192 2888 1239 cum
2923 1192 3132 1238 manu

136 1283 502 1347 hominum
555 1283 769 1347 armis
813 1283 1314 1347 instructorum
1355 1284 1641 1348 accedat
1681 1302 1761 1349 eo
1815 1282 2108 1347 consilio
2152 1287 2236 1348 ut
2290 1283 2362 1347 S.
2423 1283 2773 1347 Palatium
2816 1284 3128 1362 invadat,

137 1393 395 1468 portae
424 1406 564 1454 non
597 1390 1026 1470 aperiantur,
1060 1389 1182 1454 sed
1216 1390 1449 1470 potius
1485 1391 1759 1455 sinatur
1793 1395 1876 1456 ut
1907 1391 1996 1454 ab
2032 1390 2349 1454 invasore
2379 1393 2802 1454 evertantur.

335 1499 439 1560 11.
473 1492 508 1545 '·
555 1498 632 1561 Si
661 1498 1030 1578 contigerit
1051 1501 1135 1562 ut
1159 1496 1415 1577 aliquis
1437 1514 1482 1562 a
1503 1498 1854 1563 Gubernio
1878 1502 2004 1562 aut
2030 1516 2076 1563 a
2108 1499 2486 1578 Municipio
2508 1499 2763 1563 missus
2784 1499 2879 1563 ad
2903 1499 2974 1562 S.
3003 1500 3129 1562 Pa-

136 1604 402 1668 latium
433 1605 741 1686 accedat,
776 1605 1079 1685 satelles,
1112 1605 1232 1684 qui
1264 1608 1432 1669 tnnc
1462 1605 1538 1667 in
1572 1606 1874 1670 statione
1904 1607 2066 1685 erit,
2105 1609 2296 1686 petet
2324 1608 2414 1670 ab
2455 1624 2540 1671 eo
2579 1606 2895 1685 quisnam
2933 1606 3032 1670 sit
3060 1609 3134 1670 et

133 1729 288 1789 qua
324 1713 410 1777 de
453 1728 666 1775 causa
701 1713 1003 1776 venerit:
1058 1713 1413 1791 responsio
1446 1717 1678 1778 autem
1717 1717 2002 1794 accepta
2047 1715 2139 1778 ad
2185 1712 2625 1779 Cardinalem
2661 1712 3132 1778 GamerarIum

135 1818 525 1897 deferetur,
561 1804 679 1897 (lui
712 1835 840 1898 pro
869 1820 1202 1898 temporis
1230 1820 1581 1884 adiunctis
1613 1838 1755 1884 rem
1783 1825 1970 1901 aget.

336 1927 437 1989 12.
486 1960 508 1973 ·
554 1926 630 1989 Si
670 1926 908 2006 aliqua
955 1928 1341 1991 auctoritas
1389 1928 1495 1992 vel
1539 1927 1824 2008 politica
1864 1927 1972 1993 vel
2019 1927 2247 1992 civilis
2287 1928 2698 2008 expetiverit
2747 1928 2934 2008 loqui
2975 1945 3131 1993 cum

134 2032 513 2096 cardinali
553 2034 830 2097 Decano
869 2037 998 2098 aut
1033 2031 1393 2098 Cardinali
1433 2034 1852 2116 camerario,
1892 2037 1958 2099 is
1998 2036 2260 2115 petenti
2302 2034 2711 2101 sanstaciet.
2760 2037 3014 2101 Verum
3056 2037 3135 2098 in

137 2142 302 2204 loco
351 2140 492 2202 iam
533 2145 740 2204 antea
790 2141 882 2204 ad
923 2158 1064 2204 rem
1109 2157 1424 2221 expresse
1475 2144 1859 2207 constituto
1911 2160 2272 2222 personam
2312 2141 2509 2208 illam
2552 2143 2886 2222 excipiet:
2938 2142 3133 2207 locus

135 2251 385 2311 tamen
421 2247 796 2311 distinctus
833 2247 971 2312 erit
1006 2266 1051 2311 a
1088 2249 1337 2312 ceteris
1372 2248 1848 2314 Cardinalium
1892 2250 2462 2331 habitationibus,
2506 2267 2721 2330 neque
2763 2249 2911 2315 ulla
2952 2252 3128 2330 Apo·

135 2354 383 2417 stolici
413 2354 673 2418 Palatii
701 2355 777 2416 in
807 2359 1004 2434 parte
1035 2356 1238 2436 situs,
1269 2356 1386 2418 ubi
1416 2357 1725 2435 excipere
1754 2358 1933 2422 solet
1959 2360 2224 2421 ceteros
2254 2375 2510 2437 omnes,
2550 2360 2800 2437 quibus
2829 2358 3135 2453 quolibet

132 2462 364 2527 titulo
393 2463 508 2525 ius
538 2464 868 2542 competit
892 2468 976 2527 ut
998 2463 1086 2528 ad
1114 2464 1264 2528 eius
1297 2466 1756 2544 praesentiam
1791 2465 2278 2530 admittantur.
2311 2467 2423 2531 Ad
2451 2467 2880 2546 praedictum
2908 2467 3131 2530 locum

133 2570 476 2633 exteriori
515 2570 950 2634 Musaeorum
978 2571 1089 2634 via
1127 2571 1511 2636 accedetur.
1544 2573 1644 2636 At
1672 2571 2113 2636 camerarius
2141 2577 2270 2637 aut
2299 2574 2525 2653 quivis
2552 2573 2736 2637 alius
2768 2591 2923 2637 eum
2956 2574 3130 2639 exci-

136 2693 313 2756 pere
348 2677 717 2756 recusabit,
755 2679 874 2756 qui
911 2678 1092 2741 sorte
1137 2678 1556 2743 declarasset
1602 2697 1673 2744 se
1718 2698 1798 2743 eo
1843 2679 2131 2744 consilio
2172 2680 2343 2744 velle
2377 2681 2453 2746 in
2491 2681 2966 2760 Apostolicum
3003 2682 3128 2744 Pa-

136 2783 400 2846 latium
426 2783 694 2863 ingredi
722 2788 803 2847 ut
831 2801 1131 2848 summae
1159 2787 1527 2864 potestatis
1555 2790 1628 2851 et
1652 2787 1924 2867 imperii
1954 2792 2156 2851 actus
2182 2787 2439 2868 ederet,
2470 2792 2598 2852 aut
2632 2789 3130 2852 Vaticanarum

139 2891 441 2955 Aedium
473 2893 712 2970 quavis
741 2896 937 2972 parte
972 2893 1316 2973 potiretur
1343 2899 1469 2959 aut
1496 2895 1801 2973 quolibet
1828 2896 2029 2960 modo
2069 2896 2363 2961 Sanctae
2398 2896 2596 2960 Sedis
2626 2897 2786 2959 iura
2815 2896 3125 2960 violaret.

332 3000 437 3062 13.
481 3034 499 3046 ·
542 2999 617 3062 Si
657 3000 839 3063 forte
874 3000 1233 3080 contingat
1271 3007 1350 3065 ut
1386 3002 1700 3065 italicum
1737 3002 2162 3067 Gubernium
2200 3020 2391 3082 opem
2440 3006 2512 3068 et
2557 3001 2892 3067 auxilium
2932 3020 3131 3065 suum

137 3108 363 3169 Sacro
398 3105 702 3186 Collegio
743 3108 1011 3172 offerat.
1048 3107 1606 3188 distinguendum
1642 3115 1751 3174 est
1790 3129 1882 3174 an
1925 3112 2092 3175 haec
2122 3110 2369 3175 auxilii
2413 3111 2674 3175 oblatio
2709 3112 2989 3190 scriptis
3025 3111 3130 3175 vel

135 3214 386 3292 potius
423 3231 539 3278 ore
575 3215 722 3293 fiat,
762 3214 1026 3279 scilicet
1059 3216 1442 3281 accessione
1477 3218 1832 3281 cuiusdam
1869 3218 2079 3297 legati
2117 3219 2204 3281 ab
2241 3216 2473 3282 eodem
2519 3218 2869 3282 Gubernio
2912 3218 3129 3297 missi,

133 3323 231 3385 ad
275 3321 717 3386 cardinalem
766 3323 1115 3386 Decauum
1162 3328 1290 3388 aut
1326 3325 1415 3388 ad
1454 3324 1891 3389 cardinalem
1940 3325 2431 3390 Camerarium.

335 3429 423 3490 In
458 3429 675 3507 priori
710 3448 899 3508 casu,
936 3430 1331 3494 cardinalis
1365 3432 1683 3496 Desa-nus
1719 3432 1899 3495 nihil
1933 3433 2372 3511 respondebit
2410 3432 2803 3512 praedictae
2840 3450 3128 3497 commu·

132 3537 510 3616 nicationi‚
547 3537 664 3601 sed
697 3538 1213 3616 diplomaticum
1239 3538 1522 3603 coetum
1552 3541 1986 3620 Legatorum,
2022 3542 2141 3620 qui
2175 3541 2362 3619 apud
2388 3540 2859 3621 Apostolicam
2892 3534 3129 3605 Sedem

135 3648 340 3723 sunt,
389 3644 647 3708 litteris
689 3650 1072 3724 opportune
1115 3647 1301 3710 datis
1343 3648 1655 3711 exorabit
1696 3653 1777 3712 ut
1821 3647 2169 3711 Gubernio
2211 3649 2511 3712 Romam·
2540 3665 2719 3711 nunc
2765 3648 3130 3727 occupanti

132 3751 482 3815 nuncient
516 3754 581 3829 a)
629 3751 912 3816 Sacrum
944 3734 1344 3834 collegium,
1376 3756 1941 3834 iuramentorum,
1983 3755 2230 3834 quibus
2269 3756 2679 3819 adstrictum
2713 3759 2845 3835 est,
2879 3770 3135 3819 memor

130 3858 415 3923 nullam
439 3861 890 3926 mutationem
916 3861 1244 3926 inducere
1266 3880 1463 3942 posse
1490 3863 1598 3925 illi
1629 3880 1856 3926 rerum
1886 3862 2289 3943 conditioni,
2326 3880 2528 3942 quam
2559 3863 2928 3927 defunctus
2955 3864 3127 3925 Pon·

129 3968 322 4030 tifex
375 3966 657 4045 reliquit
703 3972 910 4048 atque
947 3970 1173 4048 ipsum
1217 3969 1286 4033 S.
1341 3969 1716 4050 collegium
1766 3971 2107 4051 integram
2153 3970 2543 4034 Successori
2584 3971 2735 4034 eius
2774 3970 3129 4034 transmit-

131 4083 295 4139 tere
339 4075 559 4139 debet.
612 4076 676 4154 b)
723 4078 968 4155 Itaque
1009 4076 1272 4140 nullam
1315 4078 1993 4142 communicationem
2040 4077 2323 4141 Sacrum
2352 4070 2749 4157 'collegium
2795 4095 2949 4140 cum
2994 4077 3129 4141 Gu-

131 4181 390 4246 bernio
418 4182 667 4248 habere
697 4201 917 4263 posse,
947 4201 1232 4263 quocum
1259 4186 1627 4250 defunctus
1655 4185 1979 4249 Pontifex
2013 4185 2290 4250 minime
2316 4185 2883 4249 communicabat.
2916 4187 2975 4264 ο)
3011 4184 3127 4249 ce-

130 4298 377 4355 terum
416 4291 492 4353 in
531 4291 646 4371 iis,
691 4308 863 4371 quae
906 4296 1225 4371 spectant
1266 4294 1661 4358 interiorem
1707 4294 1777 4357 Β.
1828 4293 2089 4357 Palatii
2136 4297 2426 4372 partem,
2473 4292 2739 4357 nullum
2795 4292 3132 4356 auxilium

131 4416 324 4479 opus
358 4416 543 4463 esse:
577 4400 653 4461 in
682 4400 773 4464 iis
806 4417 989 4480 vero,
1026 4417 1200 4478 quae
1235 4402 1324 4466 ad
1355 4402 1934 4482 tranquillitatem
1965 4401 2370 4466 exteriorem
2405 4403 2779 4481 pertinent,
2810 4401 3130 4481 quoniam

135 4509 214 4571 S.
256 4505 639 4587 Collegium
669 4508 920 4571 Urbem
949 4525 1086 4572 non
1117 4509 1319 4588 regit,
1351 4510 1524 4572 nihil
1557 4511 1966 4589 respondere
1999 4528 2218 4590 posse.

333 4614 421 4677 In
469 4616 692 4680 altero
737 4634 903 4680 casu
943 4620 1198 4696 autem,
1239 4617 1299 4680 si
1347 4617 1505 4697 quis
1550 4619 1637 4681 ab
1676 4616 1917 4681 italico
1959 4617 2306 4682 Gubernio
2348 4617 2600 4681 missus
2640 4620 2905 4696 peteret
2942 4616 3130 4695 loqui

130 4740 306 4788 cum
330 4720 691 4787 cardinali
717 4722 1115 4789 CamerarIo
1140 4730 1268 4789 aut
1294 4743 1448 4789 cum
1476 4725 1834 4789 cardinali
1863 4726 2164 4805 Decano,
2199 4725 2310 4788 hic
2340 4724 2572 4789 eodem
2601 4725 2803 4787 modo
2838 4724 3134 4803 excipiet

130 4850 298 4897 eum
342 4847 426 4894 ac
456 4846 671 4910 supra
698 4815 1046 4896 ostensum
1087 4837 1194 4897 est
1232 4833 1322 4896 ad
1361 4834 1733 4897 articulum
1767 4834 1849 4896 12
1881 4837 2089 4913 atque
2125 4830 2359 4896 oblata
2391 4832 2748 4896 occasione
2778 4835 3018 4895 utetur
3051 4834 3135 4895 ut

131 4939 420 5005 easdem
460 4937 962 5005 declarationes
997 4944 1070 5004 et
1108 4941 1643 5020 protestationes
1683 4943 1871 5020 edat,
1913 4941 1999 5005 de
2035 4941 2283 5020 quibus
2327 4957 2542 5020 supra
2578 4940 2654 5002 in
2697 4939 2912 5019 priori
2967 4957 3129 5004 casu

131 5048 411 5111 dictum
463 5051 594 5124 est,
647 5049 765 5111 ubi
809 5048 1207 5129 dirigendae
1246 5054 1476 5113 essent
1526 5050 2054 5129 protestationis
2106 5049 2384 5113 litterae
2426 5048 2517 5112 ad
2562 5047 2847 5112 Goetum
2896 5047 3130 5127 Diplo·

130 5155 500 5219 maticum.

331 5263 419 5326 In
454 5262 759 5342 quolibet
798 5281 964 5327 casu
1006 5282 1166 5330 vero
1197 5264 1373 5329 nulli
1408 5264 1615 5330 alteri
1656 5285 1695 5331 e
1741 5266 1811 5329 Β.
1852 5264 2143 5345 Collegii
2182 5264 2505 5329 Membris
2540 5264 2666 5329 has
2699 5264 3136 5327 visitationes

130 5378 212 5438 et
251 5372 910 5437 communicationes
952 5372 1187 5438 licebit
1224 5375 1533 5453 excipere
1571 5374 1844 5438 nomine
1882 5390 2118 5438 eorum
2161 5373 2278 5453 qui
2323 5390 2507 5436 nunc
2547 5373 2958 5453 gubernant,
3013 5370 3133 5435 sed

131 5498 263 5544 eas
308 5480 573 5544 deferet
612 5482 702 5545 ad
746 5479 1150 5545 Cardinales
1191 5482 1474 5547 Ordinis
1526 5483 1776 5566 capita
1819 5488 1946 5547 aut
1996 5484 2085 5548 ad
2129 5482 2567 5546 Cardinalem
2613 5479 3125 5544 Camerarium:
