3753 5871
619 389 728 449 662
1749 387 1946 440 onae-
1990 386 2153 439 Im
2191 386 2472 438 Gamla

1853 832 2244 896 TITULUS
2280 834 2343 897 Ι.

1529 975 1637 1038 Dn
1681 975 1854 1039 sena
1889 976 2312 1037 Arosromca
2347 988 2659 1037 vamum.

1930 1203 2168 1268 oum
2198 1206 2260 1268 Ι.

891 1345 999 1408 Do
1023 1346 1368 1425 potestate
1384 1320 1470 1410 ’3.
1510 1344 1801 1425 canoas
1829 1344 2333 1421 ominatum,
2363 1343 2540 1407 scae
2575 1342 2978 1423 Αρωιοιεαι
3013 1345 3329 1405 vomu.

805 1544 867 1604 1.
911 1541 1110 1606 Sedis
1137 1541 1576 1621 Apostolicae
1603 1541 1962 1605 vacatione
1989 1540 2309 1618 durante,
2343 1537 2415 1601 S.
2449 1536 2829 1619 Collegium
2861 1537 3349 1601 Gardinalium
3386 1538 3468 1600 in
3499 1538 3601 1613 ih,

626 1667 800 1729 quae
831 1651 923 1713 ad
954 1649 1356 1713 Pontificem
1397 1649 1772 1712 Maximum
1805 1649 1969 1713 dum
2002 1648 2262 1712 viveret
2292 1647 2756 1727 pertinebant,
2800 1645 3063 1709 nullam
3105 1646 3403 1709 omnino
3436 1657 3599 1725 pun-

628 1761 879 1822 statem
919 1762 1046 1821 aut
1081 1757 1628 1821 iurisdictionem
1669 1756 1943 1836 habeat,
1987 1773 2205 1835 neque
2244 1756 2568 1837 gratian,
2623 1772 2839 1834 neque
2883 1755 3230 1818 iustitiam
3283 1755 3600 1827 taciani.

627 1870 755 1928 aut
805 1865 1063 1928 tactam
1106 1882 1230 1944 per
1272 1866 1673 1928 Pontificem
1715 1868 2063 1927 mortuum
2117 1864 2503 1928 executioni
2549 1862 3026 1940 demandandi;
3073 1863 3193 1926 sed
3253 1880 3347 1926 ea.
3394 1863 3601 1925 omnin

627 1973 870 2036 tuturo
904 1972 1226 2036 Pontifici
1257 1990 1603 2036 reservare
1631 1976 1953 2037 teneatur
1985 1973 2035 2035 ¹.
2071 1973 2317 2050 Itaque
2345 1971 2624 2033 irritum
2659 1975 2732 2035 et
2766 1972 2972 2035 inane
3002 1988 3151 2035 esse
3182 1971 3603 2035 decernimus

629 2081 960 2160 quidquid
1015 2080 1384 2159 potestatis
1425 2085 1553 2144 aut
1594 2080 2102 2144 iurisdictionis
2142 2081 2234 2143 ad
2290 2081 2695 2159 Romanum,
2742 2079 2906 2143 dum
2952 2079 3146 2158 vivit,
3209 2079 3599 2142 Pontifice-

629 2189 1042 2269 pertInentis
1084 2188 1247 2267 (nisi
1282 2192 1620 2268 quatenus
1651 2189 1726 2251 in
1761 2190 1891 2253 hac
1924 2189 2181 2252 Nostra
2217 2189 2731 2253 Constitutione
2774 2205 3090 2267 expresse
3132 2187 3597 2266 permittatur)

627 2299 863 2360 coetus
890 2297 1039 2376 ipse
1066 2294 1543 2360 Cardinalium
1577 2295 1856 2360 duxerit
1891 2297 2150 2375 (eadem
2181 2299 2467 2360 vacante
2495 2295 2825 2375 Ecclesia)
2869 2296 3328 2359 exercendum
3369 2295 3429 2357 ².

809 2404 873 2468 2.
908 2404 1085 2467 Item
1111 2403 1595 2484 praecipimus,
1627 2421 1714 2469 ne
1743 2403 1815 2467 Β.
1847 2403 2325 2467 Cardinalium
2357 2402 2737 2484 Collegium
2773 2403 2859 2469 de
2892 2402 3165 2466 iuribus
3205 2402 3426 2467 Sedis
3451 2406 3599 2482 Apo

629 2511 915 2577 stolicae
948 2511 1424 2590 Romanaeque
1456 2512 1804 2576 Ecclesiae
1846 2512 2352 2592 quomodolibet
2385 2512 2748 2591 disponere
2785 2510 3032 2590 valeat,
3070 2527 3297 2589 neque
3345 2511 3429 2573 in
3472 2527 3601 2589 quo

629 2620 815 2699 piam
857 2619 1128 2683 iuribus
1164 2620 1466 2684 eiusdem
1502 2620 1645 2684 sive
1677 2619 1937 2684 directe
1973 2621 2333 2684 detrahere
2365 2622 2691 2698 attentet,
2732 2619 2877 2683 sive
2916 2618 3258 2682 indirecte
3308 2635 3447 2697 per
3474 2634 3599 2680 en·-

628 2727 974 2791 niventiae
1013 2727 1327 2806 speciem,
1368 2745 1487 2791 seu
1535 2745 1657 2806 per
1690 2727 2309 2791 dissimulationem
2348 2727 2734 2791 faciunt-um
2770 2726 3100 2790 adversus
3142 2725 3403 2789 eadm
3448 2726 3600 2799 iun,
3662 2752 3664 2797 ;

627 2834 837 2899 etiam
865 2840 1024 2914 post
1047 2835 1311 2898 obitum
1337 2835 1697 2899 Pontificis
1723 2852 1843 2899 seu
1870 2834 2253 2899 vacationis
2282 2837 2610 2914 tempore,
2647 2837 3226 2914 perpetratorum,
3262 2837 3600 2897 annun
3662 2814 3664 2907 l

631 2943 969 3021 videatur3
1017 2945 1226 3007 immo
1264 2942 1577 3007 volumus
1616 2947 1700 3006 ut
1737 2943 2040 3006 omnium
2090 2944 2339 3007 virium
2379 2942 2819 3008 contentlone
2857 2943 3090 3007 eadem
3138 2943 3511 3007 custodire
3549 2945 3601 3005 et

627 3050 990 3115 defendere
1021 3050 1268 3114 debeat
1296 3051 1350 3113 ³.

809 3159 873 3221 3.
911 3158 1122 3238 Leges
1145 3177 1192 3223 a
1224 3157 1551 3223 Romanis
1583 3158 2038 3222 Pontificibus
2067 3160 2275 3238 latae,
2314 3177 2437 3239 per
2461 3162 2730 3222 coetum
2761 3157 3239 3222 Gardinalium
3268 3157 3600 3220 Romanu

630 3266 999 3345 Ecclesiae,
1038 3266 1192 3345 ipsa
1226 3269 1536 3345 vacante,
1573 3266 1850 3347 corrigi,
1889 3266 1994 3330 vel
2029 3266 2384 3330 immutari
2422 3267 2617 3329 nullo
2659 3266 2860 3329 modo
2903 3267 3221 3344 possunt,
3259 3281 3407 3329 nec
3447 3264 3597 3345 quie·

631 3391 834 3454 quam
853 3374 955 3438 eis
977 3374 1248 3437 detrahi
1271 3374 1412 3438 sive
1437 3372 1627 3452 addi,
1653 3374 1758 3438 vel
1788 3374 2176 3453 dispensari
2202 3373 2708 3454 quomodolibet
2733 3373 2921 3437 eima
2946 3374 3140 3453 ipsas
3165 3389 3293 3437 seu
3320 3372 3599 3453 aliquan

629 3498 864 3544 earum
897 3484 1185 3560 partem.
1225 3481 1422 3557 Quod
1455 3480 1888 3560 potissimum
1924 3482 2110 3546 valet
2138 3482 2224 3546 de
2261 3481 2893 3546 constitutionibus
2935 3480 3352 3561 pontificiis,
3399 3481 3491 3545 ad
3521 3496 3599 3543 or

630 3589 1007 3651 dinandum
1039 3589 1388 3668 negotium
1424 3587 1782 3653 electionis
1823 3589 2114 3654 Romani
2157 3587 2520 3652 Pontificis
2550 3587 2720 3652 latIs
2752 3591 2804 3651 ⁴.

811 3698 874 3760 4.
920 3696 996 3760 Si
1033 3713 1209 3776 quae
1239 3700 1470 3761 tamen
1508 3697 1723 3761 dubia
1756 3697 2162 3761 exoriantur
2198 3697 2387 3760 circa
2430 3714 2704 3760 sensum
2752 3696 3416 3777 praescriptionum,
3458 3713 3598 3777 qut

629 3804 758 3868 hac
788 3804 1047 3869 Nostra
1081 3804 1597 3869 Constitutione
1626 3805 2094 3882 continentur,
2140 3806 2244 3869 vel
2281 3805 2491 3869 etiam
2534 3805 2721 3869 circa
2758 3804 3119 3884 rationem,
3167 3804 3388 3869 ium
3428 3820 3598 3885 quan

629 3912 720 3975 ad
747 3929 945 3978 usum
968 3930 1052 3976 ea
1072 3912 1349 3976 traduci
1371 3912 1640 3992 debeat,
1670 3913 1811 3977 sive
1837 3929 2046 3992 super
2074 3912 2316 3992 quovis
2345 3912 2488 3977 alio
2513 3912 2808 3977 Nostrae
2841 3912 3049 3976 huius
3071 3910 3599 3977 Constituti&

629 4019 879 4100 capite,
929 4019 1261 4083 edicimus
1296 4037 1378 4083 ac
1417 4020 1847 4084 decernimus
1883 4021 2081 4085 unice
2122 4038 2330 4100 penes
2380 4020 2665 4084 Sacrum
2708 4019 3186 4083 Cardinalium
3237 4018 3595 4102 Oollqiun

629 4129 1040 4206 potestatem
1077 4144 1225 4192 esse
1255 4145 1465 4207 super
1491 4127 1601 4191 his
1628 4128 1895 4192 ferendi
1927 4128 2360 4206 sententiam
2390 4146 2591 4209 quam
2625 4130 2699 4191 in
2739 4147 2881 4193 rem
2913 4129 3129 4194 eidem
3175 4128 3251 4192 8.
3290 4129 3591 4193 Oardimr

629 4235 796 4297 lium
821 4233 1128 4315 Collegio
1151 4237 1420 4315 plenam
1442 4235 1815 4300 tribuimus
1844 4236 2275 4316 facultatem,
2303 4253 2439 4316 qua
2468 4236 2643 4299 hanc
2672 4235 2996 4299 Nostram
3030 4235 3592 4300 Constitutione-

628 4341 1078 4426 interpretari
1113 4360 1194 4406 ac
1226 4343 1438 4407 dubia
1466 4342 1821 4407 declarare
1849 4343 2147 4407 valeant.
2186 4344 2341 4420 Qua
2371 4343 2641 4422 quidem
2683 4343 2756 4405 in
2800 4359 2897 4421 re,
2935 4342 3507 4421 quemadmodum
3538 4341 3593 4401 ίι

631 4449 938 4529 reliquis,
967 4450 1054 4514 de
1085 4450 1333 4529 quibus
1356 4452 1446 4513 ad
1474 4450 1771 4520 Nostrae
1795 4451 2004 4516 huius
2038 4451 2577 4516 constitutionis
2605 4450 2948 4529 tramites,
2985 4453 3282 4529 excepto
3315 4452 3472 4530 ipso
3491 4448 3588 4512 eh»

631 4555 883 4620 ctionis
919 4560 1105 4636 actu,
1144 4558 1507 4622 deliberari
1545 4559 1930 4640 contingat,
1971 4560 2148 4624 satis
2185 4561 2462 4624 omnino
2497 4559 2637 4623 erit
2682 4559 2743 4622 si
2789 4558 3011 4622 manr
3048 4563 3589 4639 congregatum

631 4664 1107 4728 Cardinalium
1134 4683 1300 4744 pars
1325 4666 1400 4728 in
1425 4667 1728 4732 eamdem
1764 4668 2177 4731 sententiam
2202 4667 2595 4732 consentiat
2625 4670 2675 4729 ⁸.

812 4772 874 4834 5.
911 4772 1190 4836 Pariter
1215 4772 1290 4834 in
1319 4790 1483 4836 casu
1514 4774 1827 4854 urgentis
1856 4775 2141 4854 negotii,
2176 4775 2380 4854 quod,
2421 4793 2504 4839 ex
2542 4755 2704 4837 voto
2733 4773 3018 4837 maioris
3050 4777 3589 4854 congregatoru-

809 4983 824 5011 ¹
859 4979 941 5032 Pii
975 4980 1050 5033 lv
1080 4980 1272 5035 Const.
1312 5002 1339 5030 e
1366 4982 1434 5035 In
1464 4982 1751 5048 elioenai-e
1771 5003 1820 5045 ι,
1854 4995 1936 5034 vn
1967 4981 2102 5035 Idus
2133 4980 2253 5034 oet.
2290 4981 2430 5043 1502,
2464 4979 2496 5048 9
2524 4980 2584 5044 ῦς
2618 4978 2788 5034 Clam.
2830 4979 2933 5033 ΧΠ
2964 4979 3163 5034 (huet.
3205 5000 3232 5028 e
3253 4979 3589 5048 Apaudu-

628 5078 952 5143 omeium»,
986 5093 1045 5132 xv
1076 5079 1219 5133 Non.
1253 5080 1373 5134 Oct.
1409 5079 1549 5142 1732,
1583 5079 1615 5148 fi
1644 5081 1693 5133 6.

809 5178 830 5207 ⁸
863 5176 1033 5231 Clem.
1069 5177 1118 5230 V
1149 5178 1208 5232 iu
1240 5176 1405 5233 Cone.
1441 5177 1765 5240 Viennensi.
1798 5192 1919 5246 cap.
1954 5179 1987 5231 2
2023 5198 2048 5226 α
2073 5179 2161 5233 No
2192 5181 2453 5234 Romani
2472 5200 2498 5226 ι
2533 5180 2597 5232 in
2628 5193 2712 5246 pr.
2746 5179 2820 5232 de
2849 5177 3007 5232 elod-
3044 5175 3090 5239 Ι.
3122 5176 3159 5228 3
3188 5178 3250 5231 in
3281 5178 3438 5232 (3oe-

811 5276 832 5306 ⁸
863 5275 1069 5329 Leonis
1101 5275 1230 5329 XIII
1259 5276 1450 5330 const.
1489 5296 1515 5324 e
1537 5276 2026 5332 Pramwm
2057 5279 2264 5334 Nostri
2282 5298 2333 5343 ι,
2365 5278 2432 5331 u
2462 5277 2589 5331 Hali
2624 5277 2765 5330 1882.

812 5373 833 5402 ⁴
869 5370 1106 5425 Clem.V
1136 5387 1257 5441 cap.
1283 5373 1316 5425 2
1351 5373 1488 5427 «No
1520 5374 1822 5428 Romani»
1858 5377 1920 5429 in
1953 5378 2128 5444 pudo
2158 5377 2314 5432 eled.
2338 5375 2383 5439 1,
2416 5378 2450 5431 3
2481 5376 2540 5430 in
2572 5374 3092 5443 (30quoeng
3121 5377 3314 5432 Const-
3340 5372 3587 5429 edun-⁸

629 5469 834 5523 Patri-s
855 5489 901 5526 ο.
937 5484 1056 5523 xvn
1086 5471 1197 5524 kal.
1233 5471 1518 5525 Decembr.
1555 5471 1695 5534 1021.
1729 5472 1761 5541 9
1790 5474 1871 5528 α).

814 5569 836 5598 ⁸
865 5566 1068 5621 Leonis
1098 5567 1227 5620 xm
1259 5567 1450 5622 const.
1489 5589 1515 5617 e
1536 5569 2027 5626 Praedomcoroe
2058 5572 2267 5626 Nostri
2291 5594 2340 5628 ι.
