3753 5871
1299 265 1475 317 labor
1504 268 1740 318 Teo-tm
1775 292 1795 303 ·
1831 266 1919 317 De
1958 268 2155 319 Rebus
3135 270 3240 328 387

1529 476 1705 544 Cim.
1764 477 1969 544 1332.

439 599 717 666 Diebus
777 599 1166 666 dominicis
1219 598 1533 683 aliisque
1593 599 1810 667 festis
1859 598 1952 667 de
2002 606 2419 684 praecepto,
2486 616 2579 667 ea
2624 602 2810 668 bora
2862 619 3047 686 quae
3102 621 3235 669 suo

262 707 537 775 iudicio
580 708 814 792 magis
859 712 1037 790 apta
1082 708 1182 775 sit
1234 725 1277 803 g
1376 707 1633 792 populi
1676 708 2197 791 frequentiam,
2255 708 2471 777 debet
2514 711 2818 794 insuper
2874 711 3239 794 parochus

259 815 781 881 catechismum
820 814 1160 882 fidelibus
1192 813 1289 882 ad
1343 815 1497 897 Itis,
1544 833 1876 882 sermone
1910 815 2006 883 ad
2042 835 2293 884 eorum
2329 822 2629 901 captum
2665 818 3236 900 accommodato,

259 922 627 1005 explicare
671 921 721 989 ².
2630 925 2635 930 ’

1523 1030 1699 1096 ΟΔΝ.
1751 1029 1947 1097 1333.
2176 1121 2179 1122 ᾗ

443 1149 474 1230 ξ
524 1151 588 1213 1.
641 1148 1017 1222 Parocbus
1044 1149 1122 1214 in
1158 1148 1500 1230 religiosa
1529 1166 1924 1232 puerorum
1954 1149 2427 1217 institutione
2464 1155 2732 1233 potest,
2765 1152 2936 1233 imo,
2970 1152 3034 1217 si
3065 1151 3234 1237 legi·

262 1256 437 1323 time
484 1257 585 1324 sit
619 1257 1043 1340 impeditus,
1090 1256 1308 1323 debet
1341 1274 1635 1340 operam
1676 1256 2023 1325 adhibere
2059 1257 2519 1340 clericorum,
2560 1259 2638 1324 in
2678 1259 3058 1342 paroeciae
3096 1269 3233 1326 ter·

264 1348 524 1431 ritorio
548 1364 995 1447 degentium,
1021 1369 1157 1432 aut
1186 1365 1435 1447 etiam,
1466 1364 1531 1431 si
1557 1382 1847 1433 necesse
1878 1365 2004 1446 sit,
2034 1364 2324 1450 piorum
2358 1366 2742 1448 laicorum,
2773 1367 3232 1451 potissimum

260 1471 555 1538 illorum
611 1472 737 1556 qui
778 1471 855 1538 in
899 1471 1102 1556 pium
1147 1471 1572 1539 sodalitium
1616 1472 1997 1540 doctrinae
2049 1472 2499 1542 christianae
2543 1474 2837 1543 aliudve
2879 1476 3119 1543 simile
3159 1478 3236 1542 in

260 1580 599 1661 paroecia
635 1582 956 1646 erectum
996 1579 1355 1662 adscripti
1397 1581 1550 1653 sint
1585 1578 1639 1646 ².

440 1685 473 1767 ἕ
520 1685 586 1750 2.
636 1685 1060 1773 Presbyteri
1098 1687 1372 1771 aliique
1420 1686 1696 1769 clerici,
1743 1687 1950 1755 nullo
1999 1686 2329 1771 legitimo
2366 1687 2888 1772 impedimento
2927 1690 3236 1773 detenti,

261 1793 562 1877 proprio
612 1793 938 1877 parocho
978 1795 1058 1860 in
1108 1794 1243 1862 hoc
1303 1796 1770 1864 sanctissimo
1818 1814 2037 1879 opere
2083 1795 2463 1863 adiutores
2524 1801 2769 1879 sunto,
2822 1798 3047 1865 etiam
3102 1799 3238 1865 sub

262 1901 515 1981 poenis
554 1901 647 1967 ab
687 1900 1086 1969 Ordinario
1120 1900 1542 1987 infligendis
1580 1903 1632 1972 ³.

1524 2058 1701 2125 CAN.
1762 2057 1957 2127 1334.

440 2165 546 2250 Si,
600 2166 980 2233 Ordinarii
1033 2166 1174 2234 loci
1224 2165 1521 2248 iudicio,
1589 2166 2099 2251 religiosorum
2150 2164 2511 2234 auxilium
2573 2164 2668 2232 ad
2717 2162 3238 2230 catecheticam

261 2273 517 2358 populi
541 2273 1088 2341 institutionem
1117 2273 1218 2343 sit
1244 2273 1762 2355 necessarium,
1793 2273 2228 2358 Superiores
2256 2272 2605 2357 religiosi,
2642 2271 2865 2339 etiam
2893 2269 3237 2353 exempti,

259 2382 353 2448 ab
383 2381 631 2448 eodem
673 2381 1074 2449 ordinario
1105 2381 1470 2466 requisiti,
1515 2385 1862 2450 tenentur
1897 2401 2029 2466 per
2070 2401 2147 2449 se
2178 2380 2293 2449 vel
2327 2399 2459 2464 per
2492 2398 2664 2447 suos
2698 2379 3032 2446 subditos
3076 2378 3237 2445 reli·

259 2488 526 2574 giosoS,
578 2471 738 2556 si‘ne
786 2493 1033 2557 tamen
1085 2489 1450 2574 regularis
1507 2489 1946 2573 disciplinae
1991 2489 2460 2571 detrimento,
2515 2488 2721 2554 illam
2771 2486 3047 2571 populo
3093 2489 3237 2553 tra·

257 2594 454 2671 dere,
492 2597 927 2679 praesertim
963 2597 1041 2664 in
1080 2597 1405 2681 propriis
1437 2596 1788 2664 ecclesiis.

433 2864 600 2932 Non
647 2865 883 2933 solum
930 2869 1274 2950 parentes
1330 2757 2228 2951 aliiqtssAZuifflgZ-entum
2276 2865 2517 2933 locum
2575 2868 2855 2946 tenent,
2906 2863 3032 2961 sed
3081 2863 3241 2932 heri

261 2990 546 3058 quoque
572 2991 659 3041 ac
689 2973 972 3057 patrini
1004 2974 1453 3058 obligatione
1482 2975 2058 3059 adstringuntur
2092 2972 2406 3041 curandi
2437 2976 2525 3041 ut
2553 2990 2802 3041 omnes
2835 2972 2977 3041 sibi
3007 2972 3238 3040 subie-

257 3081 363 3148 cti
407 3081 522 3148 vel
556 3081 1045 3178 commendati
1090 3081 1538 3150 catechetica
1575 3083 2049 3151 institutione
2094 3081 2535 3148 erudiantur
2566 3081 2619 3147 ⁴.

263 3270 298 3322 8
316 3282 448 3321 nov.
473 3270 620 3330 1744,
650 3270 677 3330 ς
704 3272 754 3332 9;
783 3269 900 3322 litt.
928 3270 1146 3330 encycl.
1173 3285 1202 3319 «t
1229 3269 1374 3320 Cum
1403 3268 1664 3330 reunion
1695 3283 1744 3329 n,
1768 3269 1979 3320 2611111.
2005 3268 2151 3328 1754,
2180 3268 2207 3329 3
2234 3269 2283 3330 43
2305 3267 2449 3319 Pius
2473 3267 2570 3325 IX,
2605 3277 2696 3325 ep.
2727 3265 2945 3325 encycl.
2980 3277 3012 3313 ι
3039 3259 3243 3312 Nostis

265 3363 321 3409 et
358 3359 672 3409 Nobiscum
708 3373 757 3419 n,
795 3359 829 3411 8
861 3358 983 3410 dec.
1017 3359 1163 3419 1849:
1195 3370 1285 3419 ep.
1324 3361 1542 3421 encyci.
1584 3374 1612 3408 α
1661 3359 1806 3408 cum
1850 3370 2040 3417 nuper
2076 3373 2123 3418 υ,
2162 3357 2227 3409 20
2264 3358 2382 3421 ian.
2416 3357 2561 3417 1858ς
2607 3357 2724 3408 Leo
2762 3356 2926 3415 XIII,
2968 3367 3058 3415 ep.
3101 3369 3131 3404 α
3168 3353 3243 3404 In

264 3461 456 3499 mezzo
482 3464 530 3509 n,
556 3450 620 3501 20
646 3450 765 3500 iun.
795 3449 942 3511 1878;
973 3450 1115 3508 Pius
1140 3451 1205 3500 X.
1233 3452 1346 3501 litt.
1376 3449 1593 3510 encycl.
1629 3464 1657 3498 α
1690 3449 1912 3500 Acce-bo
1934 3449 2112 3500 nimis
2138 3462 2186 3508 n,
2213 3448 2278 3499 15
2300 3459 2427 3507 apr.
2454 3447 2602 3506 1905,
2628 3459 2685 3496 ιι.
2720 3446 2767 3505 Ι;
2794 3445 2852 3498 S.
2872 3445 2939 3497 C.
2959 3444 3240 3502 consist„

262 3540 415 3589 decr.
453 3554 485 3589 ι
520 3537 783 3587 namma
817 3549 959 3587 cura
992 3553 1040 3598 n,
1074 3539 1140 3589 m
1169 3550 1303 3599 aug.
1342 3539 1490 3599 1910,
1533 3549 1662 3590 can.
1707 3540 1759 3600 1,
1796 3551 1853 3589 n.
1892 3538 1966 3597 8⁹:
2000 3536 2059 3589 S.
2096 3538 2161 3588 O.
2199 3537 2272 3588 de
2306 3537 2476 3596 Prop.
2516 3535 2659 3586 Fide
2712 3534 2800 3594 (G.
2840 3534 2956 3594 G.),
2995 3534 3059 3584 21
3093 3536 3239 3592 sept.

264 3630 409 3688 1840,
445 3628 523 3680 ad
555 3629 603 3678 2.

444 3719 464 3754 ¹
503 3718 675 3770 Cone.
713 3718 998 3779 Trident„
1038 3732 1164 3770 sess
1219 3720 1417 3779 XXIV,
1457 3720 1525 3769 de
1563 3719 1696 3777 ret„
1733 3730 1784 3770 c.
1822 3719 1871 3779 4,
1903 3719 1953 3779 7;
1999 3717 2377 3769 Innocentius
2421 3715 2588 3775 XIII,
2626 3718 2811 3766 const.
2854 3729 2885 3763 ι
2922 3711 3245 3773 apostonci

265 3800 582 3858 ministerii
619 3806 678 3868 n,
700 3809 763 3861 23
794 3809 940 3860 maii
968 3810 1114 3869 1723,
1151 3810 1177 3869 ξ
1208 3811 1290 3871 11;
1318 3809 1673 3861 Benedictus
1701 3810 1867 3870 XIII,
1905 3812 2092 3860 const.
2133 3823 2165 3859 ι
2191 3809 2264 3858 In
2294 3819 2566 3868 supremo
2596 3823 2645 3869 ιι,
2677 3808 2741 3860 23
2771 3811 2917 3867 sept.
2951 3807 3099 3866 1724,
3134 3807 3159 3867 5
3190 3811 3241 3862 9.

264 3900 344 3959 28;
372 3903 555 3951 const.
592 3914 622 3949 α
654 3898 981 3949 Pastor-alis
1011 3899 1186 3958 officii
1217 3913 1265 3959 n,
1299 3900 1363 3950 27
1393 3904 1566 3950 mart.
1610 3899 1757 3958 1726,
1801 3900 1828 3960 ς
1861 3899 1912 3960 3;
1944 3899 2299 3951 Benedictus
2330 3899 2481 3958 XIV,
2515 3910 2606 3958 ep.
2640 3899 2859 3959 encycl.
2900 3912 2931 3946 ι
2966 3897 3098 3948 Etsi
3143 3896 3241 3944 mi·

265 3990 419 4038 nime
462 4004 509 4049 υ,
546 3990 579 4040 7
616 3991 761 4042 febr.
797 3990 945 4050 1742,
983 3989 1010 4049 ς
1044 3991 1094 4040 5.
1127 3989 1176 4050 8;
1210 3990 1327 4041 litt.
1362 3991 1581 4051 encycl.
1627 4004 1657 4039 α
1701 3988 1846 4040 Cum
1876 3989 2141 4049 reumont
2174 4004 2223 4048 n,
2259 3989 2324 4039 20
2358 3988 2479 4039 iun.
2517 3988 2664 4048 1754,
2701 3988 2728 4048 ς
2763 3989 2813 4049 4;
2842 3988 2987 4038 Pius
3015 3986 3113 4043 IX,
3150 3998 3239 4045 ep.

263 4080 479 4139 encycl.
516 4095 545 4128 α
580 4078 724 4128 Cum
757 4090 945 4138 nuper
975 4094 1024 4139 n,
1059 4080 1123 4131 20
1156 4080 1274 4131 ian.
1309 4079 1455 4139 1858:
1498 4080 1641 4131 Pius
1681 4081 1747 4139 X,
1786 4079 1905 4130 litt.
1940 4081 2171 4142 encycl:
2200 4094 2230 4129 α
2267 4078 2487 4130 Accrbo
2521 4078 2697 4130 nimis
2736 4093 2784 4141 n,
2822 4078 2889 4130 15
2931 4091 3056 4139 apr.
3094 4080 3241 4137 1905,

266 4181 321 4219 ιι.
356 4169 456 4228 V1;
494 4168 550 4219 S.
584 4168 648 4220 G.
682 4169 959 4228 Consist„
992 4169 1145 4221 decr.
1182 4184 1212 4219 α
1242 4167 1503 4218 Maxima
1535 4180 1676 4219 cura
1707 4184 1755 4228 n,
1787 4169 1851 4220 20
1880 4182 2014 4230 aug.
2053 4170 2200 4227 1910,
2239 4180 2369 4220 can.
2401 4170 2451 4229 1,
2483 4182 2540 4219 ιι.
2573 4168 2648 4229 8ος
2680 4167 2736 4221 S.
2771 4167 2835 4220 C.
2867 4167 2955 4228 0.,
2987 4165 3242 4224 Nullius,

264 4260 329 4309 30
358 4260 459 4310 iul.
490 4259 636 4320 1591;
660 4257 897 4309 Nullius
927 4258 1227 4319 (lv-betoni,
1255 4259 1322 4310 28
1347 4271 1472 4320 apr.
1504 4260 1650 4318 1736,
1690 4259 1768 4310 ad
1802 4260 1852 4320 1;
1883 4258 1941 4311 S.
1974 4259 2038 4311 C.
2070 4259 2143 4311 de
2175 4260 2344 4320 Prop.
2380 4258 2525 4310 Fide
2564 4258 2651 4317 (C.
2686 4256 2803 4319 G.),
2835 4257 2900 4309 28
2932 4270 3064 4309 nov.
3100 4257 3245 4316 17853

264 4349 419 4410 decr.
463 4348 526 4399 13
556 4360 684 4408 apr.
720 4348 867 4409 1807,
901 4362 957 4399 ιι.
993 4349 1139 4400 XIX.
2740 4344 2748 4349 “

199 4453 203 4456 ⁴
435 4441 462 4476 2
506 4439 562 4490 S.
597 4439 739 4490 Pius
767 4439 833 4497 V,
863 4443 1046 4491 const.
1079 4455 1108 4489 «t
1136 4439 1228 4489 Ea·
1257 4438 1452 4490 debito
1481 4454 1529 4499 ι,
1567 4440 1600 4490 0
1633 4443 1746 4490 oct.
1779 4439 1926 4499 1571,
1961 4440 1987 4499 fi
2018 4439 2067 4499 2;
2099 4439 2452 4490 Benedictus
2480 4438 2631 4497 XIV,
2667 4449 2757 4497 ep.
2792 4438 3018 4499 encycl.
3053 4451 3083 4486 α
3113 4435 3247 4486 Etsi

264 4528 502 4579 minime
544 4544 594 4589 n,
629 4529 662 4579 ’τ
698 4517 846 4581 febr.
881 4529 1028 4590 1742,
1066 4530 1093 4591 i
1129 4530 1178 4592 π
1210 4530 1327 4581 neo
1358 4530 1523 4590 xm,
1566 4541 1657 4589 op.
1703 4543 1733 4578 α
1764 4528 1838 4579 ιη
1871 4540 2065 4579 mezzo
2098 4543 2149 4588 »,
2183 4529 2249 4579 26
2281 4529 2402 4581 iun.
2438 4527 2586 4591 187&
2621 4530 2765 4580 Pius
2794 4530 2859 4590 X,
2895 4540 2986 4588 ep.
3023 4543 3055 4579 ι
3087 4527 3245 4587 opus

266 4633 303 4669 ο
331 4618 717 4670 catechismis
751 4636 801 4682 n,
828 4620 862 4672 8
887 4620 1008 4672 dec.
1039 4618 1184 4681 1903:
1212 4621 1329 4672 litt.
1358 4621 1575 4681 encycl.
1607 4634 1637 4669 α
1672 4620 1894 4670 Acer-bo
1927 4619 2103 4670 nimis
2132 4635 2180 4677 ι,
2212 4620 2276 4671 15
2304 4632 2431 4680 apr.
2470 4620 2618 4679 1905,
2648 4632 2707 4671 ιι.
2742 4619 2841 4680 1v;
2874 4620 2991 4670 litt.
3023 4619 3241 4679 encycl.

266 4725 294 4757 κ
339 4710 551 4761 Eduae
595 4721 770 4769 saepe
817 4725 865 4769 ι,
911 4710 977 4762 28
1018 4711 1160 4761 maii
1205 4711 1351 4771 19102
1408 4711 1465 4762 S.
1515 4710 1579 4762 O.
1628 4710 1701 4761 de
1750 4711 1919 4771 Prop.
1981 4710 2143 4770 Fide,
2192 4710 2360 4761 instr.
2420 4709 2521 4768 (ad
2566 4711 2691 4761 Vic.
2741 4708 2882 4760 Gen.
2944 4708 3247 4768 Nauium),

265 4799 329 4849 29
359 4799 506 4850 febr.
551 4799 696 4865 1836.ι

444 4892 468 4925 ³
507 4888 861 4941 Benedictus
895 4889 1046 4948 XIV,
1075 4904 1163 4949 ep.
1195 4895 1412 4952 encyci.
1448 4907 1478 4941 α
1510 4891 1644 4942 Etsi
1668 4892 1912 4943 'minime
1941 4905 1991 4952 n,
2025 4891 2057 4942 7
2089 4892 2235 4943 febr.
2268 4890 2417 4950 1742,
2453 4891 2480 4951 ς
2520 4890 2570 4952 6:
2599 4891 2743 4942 Pius
2772 4890 2839 4950 X,
2874 4890 2991 4940 litt.
3025 4889 3243 4949 encycl.

269 4997 297 5028 ιι
330 4979 542 5029 Baiias
567 4990 740 5039 saepe
765 4994 814 5039 s,
842 4978 908 5031 20
931 4979 1074 5031 maii
1097 4979 1244 5040 1910;
1277 4981 1336 5030 S.
1366 4982 1432 5034 C.
1461 4982 1548 5043 0.,
1579 4983 1904 5042 spalaten„
1930 4982 1996 5033 17
2022 4982 2127 5033 iul.
2160 4981 2307 5043 168&
2338 4982 2616 5040 Feles-en..
2645 4982 2710 5036 15
2737 4982 2839 5032 iul.
2871 4981 3017 5040 1882,
3054 4981 3131 5033 ad
3160 4983 3243 5033 10.

440 5073 468 5108 ⁴
506 5070 861 5121 Benedictus
898 5069 1048 5127 XIV,
1081 5080 1170 5129 ep.
1204 5069 1421 5130 encyci.
1459 5083 1489 5118 α
1523 5071 1656 5122 Etsi
1688 5072 1927 5123 minime
1961 5087 2009 5132 n,
2044 5073 2077 5123 7
2110 5073 2258 5123 febr.
2289 5072 2438 5132 1742,
2478 5072 2505 5133 8
2546 5073 2595 5126 2·
2627 5072 2746 5125 utt.
2781 5072 2999 5132 encyel.
3038 5086 3069 5120 ι
3103 5069 3249 5119 oum

269 5158 529 5219 reliaiosi
559 5173 609 5218 ι,
651 5159 716 5210 26
746 5159 867 5211 lun.
902 5158 1049 5220 1754,
1089 5159 1116 5220 8
1148 5160 1196 5210 4:
1236 5160 1352 5211 Leo
1386 5159 1551 5219 XIII,
1585 5170 1676 5219 ep.
1713 5164 1931 5224 encycl.
1968 5177 1999 5211 ι
2032 5160 2371 5212 Humanum
2408 5110 2674 5221 aenuffn,
2710 5161 2775 5213 m
2806 5174 2931 5221 apr.
2964 5160 3112 5222 1884;
3152 5173 3241 5221 ep.

269 5264 298 5298 α
336 5248 534 5307 omnio
567 5249 939 5300 namnum
982 5265 1031 5311 D,
1067 5249 1132 5301 22
1165 5250 1287 5302 dee.
1326 5249 1472 5311 188*st
1506 5250 1648 5302 Pius
1681 5251 1748 5311 x,
1788 5250 1905 5302 utt.
1943 5254 2161 5315 amyci.
2208 5268 2240 5304 a
2272 5252 2486 5318 sanae
2522 5236 2695 5315 saepe
2730 5269 2780 5315 ι,
2817 5254 2881 5305 so
2922 5254 3068 5305 man
3102 5256 3248 5317 19103

273 5340 328 5390 8.
362 5338 427 5390 G.
460 5338 534 5391 de
573 5339 742 5399 Pron.
777 5339 940 5401 Fide,
972 5341 1128 5393 decr.
1163 5342 1228 5394 13
1256 5352 1382 5401 apr.
1426 5339 1574 5401 1807,
1609 5353 1667 5391 ιι.
1700 5340 1813 5402 XX;
1846 5340 2087 5392 Rituale
2120 5343 2308 5405 Rom„
2343 5343 2437 5397 tit.
2476 5344 2559 5406 II,
2596 5355 2647 5396 c.
2679 5344 2730 5404 1,
2767 5344 2837 5392 aa
2880 5346 3246 5394 aucmento

274 5427 551 5486 coptum
580 5428 695 5478 rite
726 5427 1217 5489 ‹zanunim-anuo,
1258 5441 1318 5483 n.
1352 5429 1434 5481 25.
1706 5439 1712 5445 '
