3753 5871
1312 326 1482 376 Liber
1510 324 1745 375 Tertiae
1774 351 1793 362 ·
1823 326 1911 375 De
1939 324 2136 375 Rebus
3114 326 3227 387 425

494 513 594 579 3:
636 510 1225 594 Hereditarium,
1269 511 1673 596 familiare,
1724 503 2211 596 yentilitium,
2262 510 2606 593 mixtum,
2657 520 2882 596 prout
2938 514 3217 582 transit

231 621 328 688 ad
355 620 680 703 heredeS,
709 621 825 687 vel
850 620 944 687 ad
971 639 1094 688 eos
1121 621 1363 705 quide
1388 620 1678 686 familia
1711 625 1844 705 aut
1878 624 2095 704 gente
2122 624 2298 687 sunt
2331 620 2782 695 fundatoris,
2816 620 2932 688 vel
2966 622 3061 689 ad
3093 641 3218 689 eos

234 729 361 811 qui
395 727 617 794 simul
658 732 836 795 sunt
869 728 1170 794 heredes
1202 733 1276 796 et
1308 728 1398 794 de
1439 728 1727 793 familia
1764 728 1881 794 vel
1913 733 2129 812 gente
2170 727 2596 795 fundatoris
2631 726 2679 793 ¹.

1504 944 1679 1012 CAN.
1729 944 1926 1010 1450.

413 1085 447 1168 ξ
495 1088 561 1151 1.
611 1085 919 1152 Nullum
963 1088 1407 1168 patronatus
1440 1084 1559 1151 ius
1595 1084 1750 1150 ullo
1793 1084 2019 1151 titulo
2051 1083 2411 1151 constitui
2444 1082 2523 1150 in
2569 1086 2942 1167 posterum
2980 1081 3223 1149 valide

234 1197 502 1278 potest.

412 1299 446 1381 ξ
492 1299 558 1366 2.
610 1299 784 1367 Loci
816 1303 1063 1367 autem
1096 1294 1541 1366 ordinarius
1581 1303 1869 1382 potest:

496 1410 592 1473 1.⁰
636 1407 1017 1475 Fidelibus
1077 1409 1203 1492 qui
1248 1426 1336 1476 ex
1384 1412 1544 1475 toto
1589 1407 1704 1475 vel
1752 1427 1841 1475 ex
1894 1412 2107 1491 parte
2152 1406 2497 1475 ecclesias
2555 1406 3060 1473 exstruxerint
3106 1405 3220 1473 vel

233 1515 579 1583 beneficia
616 1515 1121 1597 fundaverint,
1165 1515 1594 1599 spiritualia
1625 1515 2011 1598 suffragia,
2045 1533 2297 1583 eorum
2339 1514 2778 1582 liberalitati
2812 1514 3220 1598 proportio-

235 1626 439 1705 nata,
475 1623 869 1690 concedere
900 1623 1015 1689 vel
1056 1623 1152 1688 ad
1186 1626 1477 1707 tempus
1512 1624 1626 1690 vel
1662 1623 1888 1690 etiam
1923 1625 2001 1689 in
2037 1627 2496 1706 perpetuum3

495 1729 594 1796 2.“
637 1730 1180 1798 Fundationem
1216 1730 1550 1798 beneficii
1595 1730 1991 1799 admittere
2027 1749 2112 1798 ea
2150 1730 2440 1798 adiecta
2484 1729 2932 1810 conditione,
2979 1733 3063 1797 ut
3109 1729 3221 1796 be·

235 1836 574 1904 neficium
606 1837 850 1922 prima
878 1837 1036 1906 vice
1064 1838 1496 1905 conferatur
1527 1839 1796 1906 clerico
1830 1838 2218 1906 fundatori
2248 1838 2363 1906 vel
2405 1838 2539 1904 alii
2570 1838 2841 1905 clerico
2872 1855 2917 1903 a
2959 1837 3220 1904 funda·

236 1948 395 2012 tore
423 1945 835 2029 designato.

1507 2071 1684 2138 CAN.
1733 2071 1930 2138 1451.

411 2213 445 2295 ξ
493 2216 559 2280 1.
610 2214 893 2283 Curent
930 2214 1256 2282 l'ocorum
1291 2214 1672 2282 Ordinarii
1710 2219 1795 2283 ut
1829 2213 2154 2298 patroni,
2189 2213 2350 2281 loco
2383 2212 2572 2281 iuris
2604 2216 3047 2297 patronatus
3082 2230 3230 2295 quo

235 2320 597 2388 fruuntur
631 2326 767 2390 aut
811 2322 1071 2390 saltem
1109 2323 1268 2389 loco
1311 2322 1502 2390 iuris
1537 2321 2086 2406 praesentandi,
2128 2321 2557 2405 spiritualia
2603 2320 2962 2404 suffragia
3000 2321 3222 2388 etiam

237 2432 595 2511 perpetua
632 2447 768 2512 pro
804 2448 881 2496 se
915 2428 1157 2497 suisve
1200 2433 1608 2513 acceptent.

417 2535 451 2617 ξ
499 2535 565 2602 2.
619 2535 700 2603 Si
746 2537 1044 2621 patroni
1089 2537 1165 2604 id
1224 2537 1623 2619 noluerint,
1671 2555 1922 2605 eorum
1979 2537 2098 2604 ius
2145 2541 2589 2621 patronatus
2644 2535 3051 2603 canonibus
3101 2535 3225 2619 qui

237 2649 673 2728 sequuntur,
713 2648 1039 2729 regatur.
1472 2649 1503 2684 x

1513 2769 1688 2836 cm.
1740 2770 1935 2836 1452.

416 2907 835 2977 Electiones
881 2927 969 2976 ac
1024 2909 1656 2993 praesentationes
1703 2908 2100 2993 populares
2154 2908 2250 2976 ad
2296 2906 2648 2975 beneficia
2704 2906 2927 2974 etiam
2976 2924 3225 2991 paroe-

234 3015 485 3099 cialia,
521 3017 755 3084 sicubi
789 3017 1064 3101 vigent,
1096 3019 1400 3085 tolerari
1431 3022 1722 3085 tantum
1757 3021 2094 3101 possunt,
2133 3017 2197 3084 si
2227 3016 2548 3101 populus
2573 3015 2922 3083 clericum
2962 3015 3227 3100 seligat

236 3122 437 3191 inter
469 3128 621 3191 tres
664 3125 756 3192 ab
791 3124 1190 3193 Ordinatio
1232 3126 1375 3193 loci
1410 3125 1857 3210 designatos.

1507 3334 1685 3401 cas.
1742 3334 1938 3400 1453.

420 3475 452 3556 ξ
501 3477 567 3541 1.
617 3474 749 3541 Ius
789 3480 1235 3559 patronatus
1276 3476 1659 3560 personale
1699 3475 2114 3543 transmitti
2152 3475 2395 3541 valide
2437 3474 2694 3558 nequit
2732 3474 2826 3541 ad
2870 3473 3227 3556 infideles,

239 3582 532 3667 publice
576 3586 984 3666 apostatas,
1044 3584 1476 3660 haereticos.
1528 3584 2061 3664 schismaticoS,
2121 3582 2538 3667 adscriptos
2588 3583 3066 3650 societatibus
3124 3603 3226 3650 se-

234 3692 464 3758 cretis
498 3693 593 3758 ab
631 3691 964 3759 Ecclesia
1007 3691 1407 3774 damnatis,
1449 3711 1580 3759 nec
1616 3692 1711 3759 ad
1753 3692 2118 3776 quoslibet
2156 3692 2825 3760 excommunicatos
2863 3696 3032 3776 post
3072 3711 3226 3759 sen·

239 3797 552 3865 tentiam
587 3797 1153 3865 declar-storiam
1195 3798 1310 3866 vel
1341 3800 2043 3867 condemnatoriam.

422 3905 456 3988 ξ
503 3905 570 3972 2.
620 3907 723 3975 Ut
767 3907 862 3974 ad
904 3906 1093 3973 alios
1136 3907 1254 3974 ius
1294 3910 1740 3991 patronatus
1782 3907 2168 3992 personale
2211 3908 2626 3976 transmitti
2669 3908 2912 3975 valide
2967 3908 3229 3992 possit,

240 4014 652 4098 requiritur
679 4032 1078 4082 consensus
1110 4014 1491 4083 Ordinarii
1532 4016 1609 4083 in
1645 4015 1947 4101 scriptis
1986 4018 2233 4098 datus,
2272 4016 2497 4083 salvis
2537 4016 2822 4101 legibus
2858 4016 3228 4085 fundatio·

241 4121 361 4189 nis
400 4122 719 4205 itemque
750 4123 1212 4206 praescripto
1240 4141 1403 4190 can.
1442 4123 1637 4205 1470,
1676 4125 1710 4208 ξ
1747 4127 1812 4208 1,
1850 4145 1922 4192 n.
1961 4128 2004 4191 4
2043 4125 2095 4194 ².

420 4229 454 4311 ξ
500 4229 567 4297 3.
622 4229 703 4297 Si
736 4249 878 4314 res,
919 4232 1042 4299 cui
1076 4231 1193 4298 ius
1233 4236 1677 4315 patronatus
1710 4233 1907 4302 reale
1936 4234 2303 4317 cohaeret,
2347 4235 2442 4302 ad
2480 4235 2804 4323 aliquam
2843 4254 3231 4320 personam

239 4338 333 4406 de
366 4356 512 4422 qua
543 4338 624 4404 in
659 4338 693 4421 ξ
727 4340 769 4405 1
803 4343 1164 4421 transeat,
1199 4339 1318 4407 ius
1360 4344 1805 4424 patronatus
1840 4361 2275 4426 suspensum
2318 4348 2586 4411 manet.

1508 4555 1686 4622 CAN.
1738 4555 1932 4622 1454.
3258 4550 3274 4585 ‘

416 4689 726 4757 Nullum
762 4692 881 4760 ius
923 4697 1367 4778 patronatus
1404 4694 1876 4774 admittatur,
1928 4698 2072 4764 nisi
2109 4698 2559 4765 authenticis
2594 4698 3054 4766 documentis
3100 4705 3235 4768 aut

242 4795 415 4865 aliis
455 4797 808 4883 legitimis
848 4802 1409 4886 probationibus
1455 4796 1840 4874 evincatur
1878 4806 1929 4872 ³.

425 5117 446 5153 ¹
484 5117 549 5169 C.
584 5118 635 5178 3,
667 5118 749 5178 15,
782 5118 863 5178 25,
896 5120 977 5180 28,
1010 5121 1075 5180 X,
1111 5121 1183 5171 dc
1213 5120 1341 5171 iure
1373 5124 1743 5180 patronatus,
1787 5122 1902 5180 111,
1944 5121 2025 5181 38;
2053 5133 2102 5171 c.
2137 5121 2185 5180 2,
2223 5123 2292 5171 de
2326 5122 2454 5171 iure
2486 5125 2857 5183 patronatus,
2892 5125 3008 5185 111,
3052 5125 3132 5186 12,
3173 5128 3232 5176 in

244 5206 447 5270 Clem.;
483 5208 657 5260 Cone.
691 5209 980 5269 Trident„
1016 5222 1159 5261 sess.
1195 5210 1361 5277 XXV,
1398 5212 1469 5261 de
1513 5211 1646 5269 res..
1680 5222 1729 5261 c.
1762 5210 1827 5263 9.·

416 5301 443 5337 ²
486 5298 550 5350 C.
584 5300 665 5358 17,
699 5301 779 5359 23,
812 5302 878 5360 X.
923 5304 992 5351 dc
1034 5300 1162 5350 iure
1198 5303 1565 5360 patronatus,
1602 5303 1715 5361 111,
1753 5301 1834 5362 383
1871 5302 1929 5354 S.
1963 5302 2026 5354 C.
2061 5302 2147 5362 C.‚
2187 5301 2524 5361 Ver-cellen„
2561 5304 2625 5356 27
2658 5317 2784 5365 apr.
2821 5305 2967 5359 1709.

414 5391 441 5427 ⁸
488 5389 661 5441 Conc.
691 5390 978 5451 'Pl-idem„
1016 5404 1158 5443 sess.
1190 5393 1353 5451 XXV,
1386 5394 1456 5443 de
1484 5394 1619 5451 res„
1647 5405 1695 5443 c.
1729 5393 1777 5453 9:
1813 5393 1870 5444 S.
1905 5393 1970 5445 G.
2002 5392 2088 5453 C..
2121 5392 2452 5451 The-lesina,
2482 5394 2515 5444 7
2545 5396 2647 5446 lul.
2679 5396 2827 5457 1703,
2861 5398 2894 5449 9
2923 5409 3057 5458 aug.
3090 5397 3239 5457 1704;

248 5478 549 5538 limana,
585 5482 617 5531 4
656 5484 718 5533 et
758 5481 825 5532 18
855 5481 976 5533 dec.
1013 5481 1162 5543 1762,
1199 5482 1265 5532 22
1297 5483 1414 5533 ian.
1452 5482 1597 5535 1763.
