3753 5871
94 318 171 435 15⁴

774 358 1120 416 Proh-Proc

404 542 750 608 (Probatioh

533 623 699 675 iudex
718 637 788 675 ex
805 637 911 675 sua
927 623 1280 675 conscientia
1293 622 1612 682 aestimare,
1633 622 1742 673 nisi
1764 622 1854 673 ius

532 702 750 769 aliquid
794 716 1059 768 expresse
1100 703 1315 755 statuat
1358 702 1427 754 de
1465 701 1713 754 efficacia
1752 701 1856 754 ali-

532 783 695 835 cuius
738 782 1108 848 probationis,
1144 783 1267 835 1869
1297 783 1330 848 5
1360 785 1419 843 ὃς
1459 782 1851 849 probationum

534 876 760 928 genera,
805 877 951 929 quae
988 863 1395 923 admittuntur,
1436 864 1591 921 sunt,
1632 864 1858 928 praeter

531 942 944 994 confessionem
975 942 1157 1008 partis
1193 942 1347 1007 (vide
1376 942 1658 994 conietmo
1701 941 1855 992 iudi-

534 1022 753 1086 cialis).
792 1022 1045 1088 probatio
1087 1036 1186 1086 per
1225 1024 1400 1073 testes
1435 1022 1586 1085 (vide
1621 1023 1852 1083 Testes),

529 1105 636 1154 aut
653 1103 864 1168 peritos
884 1102 1033 1166 (vide
1049 1104 1271 1165 Periti),
1287 1104 1392 1153 aut
1412 1097 1854 1168 recognitionem

533 1182 860 1235 iudicialem
902 1182 1056 1244 (vide
1101 1184 1471 1247 Recognitio),
1503 1183 1608 1233 aut
1644 1182 1855 1233 instru-

532 1263 726 1315 menta
754 1262 903 1329 (vide
923 1265 1304 1328 Documenta),
1329 1265 1430 1314 aut
1451 1262 1856 1328 praesumptio-

534 1357 635 1394 nes
664 1342 819 1408 (vide
850 1344 1279 1407 Praesumptio),
1311 1343 1417 1394 aut
1456 1341 1852 1393 iusiurandum

529 1423 679 1489 (vide
711 1422 1137 1490 Iusiurandum).

433 1531 469 1540 -
499 1504 568 1554 in
589 1503 796 1555 causis
822 1503 1402 1555 inatrimom‘alibus:
1434 1502 1710 1568 quaedam
1733 1515 1853 1567 spe-

529 1583 695 1636 cialia
734 1583 886 1649 quod
929 1583 1139 1635 attinet
1171 1584 1244 1634 ad
1278 1585 1474 1644 testes,
1525 1583 1665 1644 1974,
1714 1581 1850 1643 1975,

530 1666 589 1716 et
624 1663 696 1715 ad
746 1664 1144 1729 inspectionem
1193 1663 1536 1728 corporalem
1574 1664 1855 1714 ordinarie

534 1744 864 1809 requisitam
897 1745 954 1794 in
979 1744 1168 1794 causis
1199 1743 1562 1808 impotentiae
1584 1745 1641 1793 et
1662 1743 1856 1794 incon·

531 1823 951 1882 summationis,
987 1823 1274 1874 1976-1982.

402 1931 467 1939 -
499 1903 568 1953 in
599 1904 807 1954 causis
830 1899 1216 1954 Sanctorum:
1240 1903 1300 1954 in
1327 1902 1416 1952 his
1446 1902 1634 1953 causis
1661 1902 1854 1968 proba·

532 1982 722 2033 tiones
763 1982 972 2033 debent
1009 1995 1133 2032 esse
1180 1982 1407 2034 omnino
1450 1980 1670 2047 plenae,
1707 1995 1854 2046 quae

531 2076 602 2115 ex
655 2062 895 2115 testibus
945 2064 1169 2114 tantum
1223 2065 1325 2114 aut
1378 2076 1450 2114 ex
1503 2063 1855 2115 documentis

531 2145 824 2205 eruantur,
872 2143 1029 2203 mim
1079 2157 1358 2209 quaenam
1409 2143 1471 2194 in
1522 2143 1852 2209 particulari

535 2236 636 2288 pro
688 2223 926 2275 diversis
977 2224 1332 2288 processibus
1371 2222 1748 2275 admittantur
1794 2224 1852 2274 et

533 2304 912 2369 requirantur,
943 2303 1231 2364 ssim-m,
1266 2303 1422 2354 2033.

399 2411 467 2420 -—·
501 2384 583 2433 ad
614 2384 1061 2448 suspensionem
1092 2397 1166 2434 ex
1205 2384 1529 2448 informata
1560 2384 1854 2435 conscien-

532 2463 650 2514 tia:
681 2462 828 2522 2190,
848 2462 1005 2515 .219ὁ.

400 2544 819 2594 Processicuius
850 2542 1332 2606 distantiarum:
1362 2542 1518 2608 quid,
1550 2543 1693 2594 Um.

399 2623 799 2675 Pnoessiones
842 2636 1068 2675 sacrae:
1112 2621 1269 2688 quid,
1316 2623 1440 2674 1290
1479 2622 1593 2689 513
1627 2623 1854 2675 divisio-

532 2717 662 2764 nes,
719 2704 844 2755 1290
884 2703 917 2770 5
959 2703 1022 2764 2;
1067 2704 1385 2756 ordinariae
1439 2705 1496 2755 et
1549 2706 1852 2756 consuetae

530 2783 841 2836 servandae
881 2784 1035 2844 sunt,
1080 2783 1205 2835 1294
1239 2783 1271 2847 5
1297 2784 1350 2845 1;
1396 2785 1630 2849 quinam
1672 2785 1855 2836 extra·

530 2863 844 2916 ordinarias
898 2864 1117 2929 pooeint
1160 2863 1249 2915 vel
1304 2878 1419 2916 non
1468 2865 1854 2930 processiones

533 2944 802 3004 indicere,
839 2944 978 3005 1292,
1015 2945 1163 3005 1293ς
1200 2945 1433 3010 quinam
1456 2946 1528 2995 ad
1556 2946 1857 3010 processio-

531 3038 633 3076 nes
666 3026 856 3076 venire
888 3023 1151 3083 debeant,
1174 3024 1293 3075 1291
1329 3023 1360 3087 5
1388 3026 1432 3083 1,
1460 3023 1583 3074 1294
1603 3024 1634 3089 5
1655 3023 1705 3083 2,
1729 3024 1849 3085 7183

533 3105 763 3170 quinam
813 3117 910 3155 eas
946 3103 1169 3163 ducere,
1207 3103 1303 3153 162
1343 3117 1398 3155 n.
1433 3102 1492 3163 73
1526 3103 1596 3154 de
1639 3117 1855 3169 proces—

530 3184 689 3235 sione
722 3185 781 3234 in
813 3184 956 3235 festo
1005 3182 1264 3249 Corporis
1302 3182 1531 3244 Christi,
1584 3184 1703 3235 1291
1745 3184 1850 3250 51,

529 3265 635 3314 aut
681 3261 828 3314 infra
876 3264 1151 3325 octavam,
1204 3263 1323 3315 1291
1372 3263 1406 3329 5
1437 3264 1502 3324 2;
1554 3264 1852 3330 vigilantia

531 3343 818 3395 ordinarii
850 3345 910 3394 in
943 3345 1346 3410 processioneS,
1384 3344 1522 3397 1295.

397 3426 734 3477 l’rocessnn
767 3424 836 3476 in
867 3425 1075 3476 causis
1106 3423 1462 3477 Sanctorum
1497 3426 1625 3499 yide
1656 3426 1719 3477 in
1756 3426 1856 3478 In-

530 3504 659 3557 dice
691 3506 1082 3570 systemmico,
1121 3506 1214 3557 lib.
1252 3505 1344 3566 lv,
1382 3508 1524 3572 part.
1556 3506 1605 3557 2.

397 3614 470 3623 -
500 3587 571 3636 in
601 3586 954 3638 dimissione
974 3587 1391 3652 reliqiosorum
1415 3586 1540 3639 vide
1569 3587 1626 3637 ln
1649 3586 1853 3638 Indice

531 3667 906 3730 systematum
940 3667 1036 3719 lib.
1073 3666 1141 3727 11,
1177 3668 1320 3732 part.
1352 3666 1402 3727 2,
1439 3667 1527 3718 111.
1566 3666 1642 3716 16.

396 3773 468 3783 —-
497 3746 824 3797 summarii
845 3747 903 3799 in
924 3747 1233 3799 remotione
1256 3748 1626 3812 parochorum
1644 3746 1854 3799 inamo-

531 3825 786 3878 vibilium
823 3825 910 3878 vel
941 3825 1349 3887 amoribilium,
1374 3826 1645 3878 in'eorum
1673 3828 1855 3878 trans·

529 3904 761 3966 latione,
794 3909 993 3958 contra
1025 3906 1256 3959 clericos
1284 3920 1397 3957 non
1421 3905 1731 3957 residentes
1763 3905 1854 3958 vel

531 3986 981 4047 concubinarios,
1003 3988 1202 4039 contra
1220 3986 1523 4053 parocbum
1546 4000 1712 4038 suum
1738 3985 1854 4038 offl-

529 4067 678 4117 cium
729 4067 1125 4133 negligentem,
1174 4067 1233 4118 in
1277 4066 1580 4132 infligenda
1622 4081 1853 4132 suspen·

532 4146 692 4198 sione
712 4161 784 4199 ex
806 4148 1108 4200 informata
1131 4147 1492 4207 conscientia,
1518 4147 1642 4198 vide
1673 4148 1733 4197 in
1753 4146 1853 4198 In·

532 4226 663 4278 dice
692 4228 1080 4293 systematiw.
1118 4226 1215 4277 lib.
1251 4225 1344 4287 IV,
1379 4228 1522 4292 part.
1559 4228 1608 4279 3.

395 4308 781 4358 procurantes
832 4306 1106 4358 abortum
1159 4305 1288 4357 vide
1337 4308 1602 4358 Abortum
1639 4320 1854 4372 procu·

535 4389 756 4438 rantes.

394 4467 775 4518 Procurator:
799 4466 1108 4518 mittendus
1127 4467 1202 4518 ab
1224 4466 1296 4517 iis
1315 4467 1417 4531 qui
1442 4466 1625 4522 vocati
1659 4467 1853 4519 venire

532 4560 646 4598 non
684 4548 923 4610 possunt
953 4547 1025 4597 ad
1058 4546 1366 4599 Concilium
1399 4546 1850 4608 oecumenicum,

530 4625 629 4677 224
657 4626 690 4692 5
715 4627 759 4687 1,
783 4627 886 4679 aut
912 4626 990 4678 ad
1023 4627 1334 4692 plenarium
1369 4627 1455 4678 vel
1491 4627 1851 4693 provinciale,

531 4705 626 4757 287
656 4707 691 4771 5
731 4708 778 4767 1,
819 4720 933 4759 non
974 4709 1164 4760 autem
1196 4708 1265 4759 ad
1307 4708 1595 4772 Synodum
1639 4708 1855 4760 dioece-

532 4801 752 4848 sanam,
794 4788 890 4839 359
921 4788 954 4855 5
989 4791 1043 4849 1;
1093 4790 1153 4840 in
1195 4789 1441 4841 Concilio
1481 4788 1852 4841 Oecumenico

529 4869 799 4921 assistere
838 4871 1026 4934 potest
1072 4869 1420 4921 solummodo
1465 4869 1703 4934 publicis
1739 4884 1853 4919 ses-

531 4948 791 5001 sionibus
821 4950 879 5000 et
910 4950 1040 5000 sine
1071 4950 1358 5015 suffragio,
1391 4949 1536 5013 2245
1556 4949 1615 5009 2;
1650 4949 1708 4999 in
1744 4949 1853 5013 ple·

532 5030 695 5081 nario
722 5028 814 5080 vel
849 5029 1173 5094 provinciali
1211 5044 1430 5095 semper
1467 5030 1685 5079 assistit
1721 5042 1850 5080 cum

532 5110 665 5161 voto
700 5110 922 5161 tantum
958 5109 1295 5168 consultis-0,
1330 5109 1422 5160 287
1456 5105 1567 5175 523
1603 5110 1650 5160 si
1684 5110 1854 5161 fuerit

530 5204 681 5240 unus
702 5203 773 5241 ex
794 5188 1080 5249 Patribus,
1105 5202 1219 5241 non
1242 5190 1365 5241 ideo
1398 5189 1609 5255 gaudet
1640 5188 1852 5255 duplici

530 5268 807 5335 suffragio
829 5270 948 5320 sive
980 5270 1039 5321 in
1061 5269 1308 5321 Concilio
1329 5268 1700 5321 oecumenico
1732 5270 1854 5321 sive

531 5350 596 5401 in
626 5349 778 5411 aliis,
823 5349 921 5401 224-
950 5350 983 5415 5
1013 5350 1064 5410 2,
1107 5349 1200 5401 287
1239 5349 1273 5415 5
1304 5351 1363 5409 2;
1403 5364 1478 5401 an
1516 5350 1854 5402 admittatur

531 5431 592 5482 in
623 5431 896 5495 capienda
931 5430 1283 5496 possessione
1316 5430 1592 5492 beneficii,
1617 5431 1767 5492 m5;
1792 5431 1852 5482 in

1436 353 1623 405 ludeo
1661 352 2388 414 amolmico-alphabeticus

2668 357 3010 414 Pron-Prot
3294 356 3396 415 761

1958 541 2369 606 [Procuratorlz

2077 618 2480 670 contrahendo
2502 621 2900 677 matrimonio.
2925 623 3060 674 1088
3089 625 3117 686 5
3145 624 3192 677 1,
3219 621 3382 676 1089:

2085 711 2145 760 in
2178 710 2505 760 emittenda
2538 709 2907 767 professione
2941 708 3092 765 fidel,
3128 710 3290 766 1407:
3334 709 3395 756 in

2071 783 2430 840 praestando
2462 784 2864 844 iureiurando,
2899 789 3034 839 1316
3068 792 3097 855 ξ
3132 788 3180 845 2.
3215 791 3375 849 1746:

2079 868 2151 916 ad
2194 873 2664 927 respondendum
2704 875 3276 932 interrogationibus
3315 876 3396 926 iu·

2071 944 2238 1002 dicis,
2286 947 2438 996 1746.

1953 1048 2015 1057 -
2047 1021 2130 1072 ad
2166 1021 2327 1073 lites:
2376 1022 2624 1087 quitiam,
2679 1022 2800 1073 1657
2844 1023 2911 1089 55
2964 1026 3009 1084 1,
3042 1025 3091 1085 3,
3129 1022 3253 1073 1658
3292 1023 3401 1090 543

2079 1100 2287 1163 clerici,
2330 1102 2421 1153 139
2452 1102 2485 1167 5
2506 1104 2564 1163 33
2608 1103 2941 1155 constitutio
2973 1104 3041 1155 ad
3076 1118 3244 1170 quem
3284 1118 3403 1170 per·

2078 1181 2277 1244 tineat,
2312 1182 2436 1233 1655
2456 1182 2587 1248 553,
2611 1183 2661 1243 4.
2699 1183 2848 1244 16493
2884 1184 3232 1244 mandatum,
3259 1184 3400 1247 1659,

2080 1261 2228 1322 166ος
2257 1262 2604 1327 approbatio,
2642 1262 2765 1313 1658
2796 1263 2829 1328 5
2855 1263 2909 1325 ¹3
2936 1264 3267 1328 improbatio
3299 1278 3402 1316 seu

2079 1354 2193 1393 non
2234 1340 2531 1402 admissio,
2568 1343 2717 1402 16633
2751 1342 3014 1404 officium,
3052 1343 3200 1403 16623
3234 1357 3405 1409 quae-

2077 1421 2206 1472 dam
2244 1421 2543 1486 prohibita,
2573 1421 2713 1482 1665.
2742 1422 2863 1474 1757
2886 1424 2918 1487 5
2942 1425 2974 1476 3
2996 1438 3053 1474 n.
3080 1424 3133 1484 13
3162 1423 3407 1475 necessi-

2078 1503 2183 1562 tas,
2222 1503 2346 1553 1655
2378 1502 2489 1567 53:
2527 1501 2845 1576 pluralitas,
2883 1504 3006 1554 1656
3036 1503 3101 1568 55
3130 1505 3173 1564 1,
3208 1503 3267 1564 2;
3309 1517 3404 1554 no·

2078 1582 2315 1633 minatio
2335 1583 2390 1633 in
2412 1583 2714 1643 sententia,
2735 1583 2861 1635 1874
2877 1583 2909 1647 5
2927 1583 2984 1643 2ς
3004 1597 3238 1648 poenae,
3261 1583 3400 1644 1666,

2075 1661 2227 1721 2407ς
2253 1664 2516 1723 remotio,
2545 1663 2669 1714 1664
2698 1666 2725 1730 5
2757 1661 3162 1726 1;interruptio
3196 1661 3409 1713 instan-

2067 1747 2181 1799 tiae
2208 1760 2279 1798 ex
2311 1747 2434 1797 eius
2464 1745 2783 1796 cessatione
2815 1757 2852 1792 a
2886 1755 3136 1803 munere,
3174 1744 3312 1796 1735.

1951 1847 2014 1856 --
2046 1820 2113 1870 in
2145 1822 2352 1872 causis
2394 1821 2786 1873 Sanctorum:
2815 1822 3068 1888 quinam,
3101 1823 3251 1882 20183
3287 1821 3400 1874 offl-

2076 1901 2248 1961 cium,
2282 1900 2434 1961 217oe
2470 1915 2544 1952 an
2579 1901 2756 1966 possit
2789 1915 2913 1952 esse
2940 1902 3125 1963 testis,
3158 1901 3285 1954 mm
3317 1901 3405 1969 52

2079 1993 2136 2030 n.
2169 1980 2218 2032 2.

1952 2061 2293 2114 Procurator
2322 2064 2607 2126 generalis
2640 2063 2697 2114 in
2729 2062 3024 2129 religione,
3057 2062 3170 2116 517.

1949 2141 2253 2194 Productlo
2289 2144 2760 2196 documentorum:
2799 2144 3112 2196 necessario
3146 2143 3400 2196 facienda

2078 2223 2145 2273 ut
2185 2236 2256 2274 ea
2296 2223 2355 2274 in
2392 2223 2598 2275 iudicio
2652 2225 2763 2274 vim
2815 2223 3087 2288 probandi
3131 2224 3398 2285 habeant,

2079 2302 2228 2363 18193
2261 2303 2543 2369 quomodo
2574 2303 2848 2363 facienda,
2876 2302 3024 2362 18ffl3
3058 2305 3195 2369 quid
3221 2307 3274 2355 in
3299 2304 3401 2355 du·

2076 2381 2170 2435 bio
2191 2383 2262 2434 de
2287 2382 2437 2434 fideli
2461 2385 2834 2448 exscriptione
2857 2384 3221 2449 exemplaris,
3247 2384 3396 2445 18213

2077 2461 2147 2514 de
2178 2477 2372 2515 eorum
2405 2463 2776 2522 exhibitione,
2814 2463 2954 2524 1822,
2992 2464 3131 2516 1824.

1949 2542 2262 2595 Professio:
2296 2544 2523 2608 fidei.·a
2545 2543 2755 2608 quibus
2777 2543 3060 2604 iacienda,
3097 2544 3244 2605 14063
3281 2558 3398 2609 per-

2076 2622 2367 2683 sonaliter,
2389 2622 2509 2674 1107
2522 2638 2536 2683 ;
2557 2620 2888 2687 reprobatur
2903 2623 3253 2676 consuetudo
3269 2637 3401 2675 con·

2078 2703 2167 2753 tra
2188 2701 2335 2754 hanc
2357 2702 2775 2768 obligationem.
2797 2703 2945 2763 1108ς
2965 2716 3180 2768 poenae
3201 2707 3400 2756 contra

2076 2796 2199 2834 eam
2234 2782 2531 2844 violantes,
2565 2783 2708 2835 2403.

1952 2891 2014 2900 —
2046 2862 2358 2928 reliaiosa:
2400 2862 2629 2928 quando
2671 2863 2942 2920 facienda.
2984 2863 3076 2915 571
3117 2864 3223 2929 523
3263 2863 3399 2929 quid

2076 2944 2387 3009 requiritur
2420 2945 2489 2995 ad
2528 2944 2875 2996 validitatem
2910 2945 3164 2996 cuiusvis
3194 2945 3402 3009 profes-

2076 3023 2253 3074 slonis
2286 3024 2596 3089 religiosae,
2632 3022 2748 3084 572,
2780 3023 2892 3084 573;
2927 3025 3075 3075 votis
3108 3025 3398 3090 perpetuis

2078 3103 2134 3153 in
2172 3102 2427 3167 qualibet
2461 3103 2728 3169 religione
2750 3103 3164 3166 praemittenda
3199 3105 3400 3169 profes-

2076 3182 2159 3233 sio
2194 3184 2452 3233 votomm
2491 3182 2854 3247 simplicium,
2891 3182 3090 3234 saltem
3120 3185 3194 3236 ad
3226 3184 3398 3236 trien-

2079 3262 2260 3322 nium,
2282 3261 2393 3314 nisi
2415 3261 2852 3314 constitutiones
2869 3262 3102 3328 exigant
3122 3263 3401 3315 annuales

2078 3342 2469 3408 professiones,
2513 3342 2611 3394 574
2640 3342 2673 3409 5
2707 3344 2762 3404 13
2797 3357 2867 3394 ea
2897 3344 3179 3409 prorogari
3219 3346 3401 3409 potest

2076 3424 2177 3475 sed
2222 3437 2334 3475 non
2379 3423 2528 3474 ultra
2562 3422 2721 3475 aliud
2765 3423 3090 3485 triennium,
3137 3424 3235 3476 574
3274 3425 3306 3491 5
3338 3426 3398 3487 2;

2077 3506 2205 3571 post
2245 3518 2369 3556 eam
2412 3503 2501 3556 vel
2544 3505 2859 3557 emittenda
2898 3505 3169 3570 professio
3210 3520 3403 3571 perpe-

2077 3587 2180 3636 tua
2212 3584 2303 3635 vel
2334 3584 2406 3635 ad
2439 3584 2726 3635 saeculum
2759 3584 3130 3645 redeundum,
3153 3584 3249 3636 575
3280 3584 3312 3649 5
3339 3586 3393 3645 13

2077 3672 2326 3730 quonam
2361 3664 2417 3715 in
2452 3677 2589 3716 casu
2630 3664 3000 3729 praetermitti
3036 3666 3243 3730 potest,
3275 3665 3401 3725 6343

2074 3745 2407 3810 suffragium
2439 3744 2668 3796 Consilii
2701 3758 2803 3797 seu
2837 3743 3080 3809 Capituli
3115 3747 3402 3811 requiren-

2075 3827 2208 3877 dum
2250 3825 2308 3877 et
2339 3823 2527 3889 quale,
2559 3824 2656 3876 575
2687 3826 2720 3891 5
2751 3826 2809 3887 2;
2845 3825 3013 3886 ritus,
3051 3825 3144 3876 576
3177 3826 3208 3891 5
3251 3828 3296 3886 1,
3341 3828 3401 3878 et

2076 3906 2475 3959 documentum
2517 3906 2880 3966 servandum,
2930 3906 3025 3957 576
3072 3907 3104 3971 5
3133 3907 3192 3967 2;
3242 3920 3399 3959 reno-

2077 3987 2231 4039 vatio
2262 3988 2522 4038 votorum
2559 3985 2791 4052 quando
2833 3986 3108 4046 facienda,
3146 3986 3241 4038 577
3283 3987 3316 4053 5
3352 3988 3398 4049 1,

2076 4069 2135 4119 et
2164 4082 2239 4119 an
2286 4066 2464 4132 possit
2494 4066 2819 4131 anticipari,
2852 4066 2946 4117 577
2983 4066 3096 4133 523
3132 4067 3403 4132 professo-

2077 4160 2200 4199 rum
2235 4161 2270 4198 a
2304 4147 2454 4199 votis
2484 4146 2841 4212 temporariis
2864 4147 2989 4199 iura
3020 4149 3078 4199 et
3108 4148 3402 4213 obligatio·

2076 4240 2196 4287 nes,
2239 4227 2363 4286 578ς
2407 4228 2772 4293 professionis
2819 4227 3070 4288 effectus,
3122 4227 3235 4288 579,
3285 4228 3397 4289 580,

2074 4306 2304 4368 582-584,
2350 4307 2441 4359 188
2484 4321 2541 4359 n.
2578 4309 2625 4368 1,
2656 4307 2753 4358 512
2782 4322 2839 4358 n.
2877 4307 2923 4368 1,
2956 4305 3028 4358 cf.
3062 4307 3207 4368 2411.
3249 4306 3399 4369 1315;

2075 4386 2146 4438 de
2179 4388 2449 4438 bonorum
2484 4387 2924 4447 renuntiatione,
2955 4386 3077 4446 581;
3114 4387 3402 4451 professus

2076 4481 2114 4519 a
2142 4466 2291 4518 votis
2322 4465 2674 4518 solemnibus
2705 4466 2932 4518 cuinam
2966 4466 3243 4531 acquirat,
3276 4467 3399 4529 5823

2077 4548 2360 4614 professus
2390 4562 2426 4599 a
2456 4547 2608 4599 votis
2649 4547 2938 4613 perpetuis
2984 4548 3197 4600 amittit
3238 4562 3398 4600 suam

2076 4627 2395 4687 dioecesim,
2422 4628 2528 4688 115,
2563 4627 2685 4688 585;
2720 4642 2793 4678 an
2828 4626 3102 4693 professio
3136 4628 3403 4694 religiosa

2078 4708 2238 4761 nulla
2284 4708 2660 4768 convalescat,
2706 4707 2805 4757 586
2850 4707 2918 4772 55
2955 4710 2999 4768 1,
3045 4709 3104 4768 2;
3154 4709 3292 4773 quid
3342 4709 3400 4760 in

2077 4790 2254 4841 dubio
2297 4788 2630 4846 validitatis,
2667 4786 2765 4838 586
2804 4787 2838 4853 5
2869 4790 2928 4848 33
2973 4789 3043 4839 de
3080 4788 3402 4841 voluntario

2076 4882 2308 4934 egressu
2338 4867 2429 4919 rel
2463 4868 2532 4919 de
2565 4867 2895 4919 dimissione
2929 4868 3161 4934 professi
3184 4882 3219 4920 a
3251 4868 3401 4920 votis

2076 4949 2464 5013 temporariis,
2485 4947 2600 5009 637,
2624 4948 2738 5009 647,
2759 4948 2883 5021 6483
2917 4950 3148 5013 quinam
3182 4950 3275 5001 ius
3306 4948 3402 4999 ha·

2076 5029 2249 5081 beant
2279 5028 2352 5080 ad
2388 5042 2508 5080 eam
2544 5027 2902 5090 admittendi,
2934 5029 3055 5089 5483
3090 5028 3227 5093 quid
3267 5029 3401 5078 ante

2074 5110 2478 5161 admissionem
2521 5111 2808 5175 praestare
2859 5108 3061 5160 debeat
3104 5107 3379 5158 Antistita

2077 5190 2190 5250 552,
2225 5190 2296 5242 cf.
2330 5189 2458 5240 2412
2489 5203 2546 5240 n.
2570 5189 2631 5249 23
2667 5188 2846 5240 libere
2878 5186 3188 5239 emittenda
3219 5188 3307 5238 est
3340 5188 3401 5238 et

2078 5281 2225 5337 quas
2247 5283 2457 5336 poenas
2488 5270 2779 5321 incurrant
2810 5269 2914 5334 qui
2936 5282 3059 5320 eam
3082 5266 3400 5319 libertatem

2077 5350 2330 5411 laedunt,
2353 5349 2510 5410 23523
2544 5348 2914 5401 instauranda
2937 5361 2974 5398 a
2994 5345 3401 5399 saecularizato

2080 5431 2183 5496 qui
2225 5431 2435 5483 iterum
2476 5430 2533 5481 in
2576 5428 2904 5496 religionem
2947 5426 3269 5491 recipiatur.
3302 5426 3406 5477 610
