3753 5871
1328 347 1822 401 uoco-rerun-
1859 348 1949 399 Do
1988 349 2187 401 Rebus
3167 349 3276 409 ”7

462 534 500 617 ἦ
543 533 612 601 2.
660 534 868 604 Haec
904 534 1243 604 avocatio
1274 533 1556 604 dicitur
1591 536 1996 604 reservatio
2033 553 2364 605 casuum.

462 641 500 724 ἦ
542 641 611 710 3.
659 641 875 723 Quod
945 643 1222 713 attinet
1291 644 1389 712 ad
1453 644 2022 713 reservationem
2082 660 2591 727 censurarum,
2658 646 2995 714 servetur
3066 663 3271 731 prae·

286 748 648 834 scriptum
678 765 843 818 can.
877 749 1076 835 2246,
1109 749 1306 819 2247.

463 966 784 1036 Unicum
817 971 1200 1051 peccatum
1237 968 1527 1037 ratione
1562 859 2178 1036 ginrggssvatum
2215 968 2534 1037 Sanctae
2568 966 2744 1037 Sedi
2776 970 2895 1038 est
2925 968 3123 1037 falsa
3154 968 3270 1038 de·

285 1072 499 1160 latio,
547 1093 695 1160 qua
748 1075 1091 1144 sacerdos
1142 1076 1496 1145 innocens
1537 1052 1936 1144 accusatur
1979 1076 2071 1144 de
2110 1075 2421 1144 crimine
2476 1075 3030 1146 sollicitationis
3074 1076 3272 1161 apud
3392 1138 3410 1155 .,

282 1179 568 1250 iudices
598 1180 1137 1251 ecclesiasticos
1161 1183 1216 1251 ¹.

1583 1290 1760 1358 cm.
1798 1289 1953 1358 895.

463 1399 823 1467 Locorum
869 1398 1255 1467 ordinarii
1302 1401 1601 1484 peccam
1643 1416 1736 1467 ne
1775 1402 2172 1473 reservent,
2214 1397 2385 1481 nisi,
2429 1417 2509 1467 re
2543 1399 2625 1466 in
2669 1398 2969 1485 Synodo
3001 1397 3272 1468 dioece-

287 1523 476 1574 sana
503 1506 866 1590 discussa,
900 1506 1017 1574 vel
1050 1509 1268 1575 extra
1302 1505 1679 1592 synodum
1716 1505 2001 1574 auditis
2041 1504 2396 1591 capitulo
2433 1506 2851 1575 cathedrali
2883 1510 2961 1575 et
2991 1506 3280 1593 aliquot

284 1630 378 1681 ex
404 1611 1013 1697 prudentioribus
1037 1629 1127 1681 ac
1160 1611 1711 1698 probatioribus
1741 1630 1919 1695 suae
1950 1612 2304 1681 dioecesis
2330 1611 2748 1681 animarum
2777 1613 3275 1697 curatoribus,

284 1736 464 1787 vera
497 1718 1021 1789 reservationis
1053 1719 1455 1788 necessitas
1487 1724 1623 1788 aut
1664 1719 1962 1789 utilitas
1991 1719 2471 1804 comprobata
2501 1720 2735 1790 tuerit
2760 1718 2814 1788 ².

1590 1875 1768 1943 om.
1807 1873 1961 1942 896.

464 1983 678 2052 Inter
715 1982 1151 2069 Superiores
1188 1982 1571 2070 religionis
1605 1982 1976 2052 clericalis
1990 1987 2392 2069 exemptae
2430 2001 2625 2051 unus
2675 1983 3032 2069 Superior
3067 1999 3274 2070 gene·

290 2091 501 2175 ralis,
535 2095 614 2160 et
652 2092 734 2159 in
770 2091 1241 2161 monasteriis
1283 2091 1403 2159 sui
1435 2090 1627 2160 iuris
1660 2090 1935 2176 Abbas‚
1972 2109 2141 2167 cum
2187 2092 2492 2177 proprio
2521 2091 2880 2177 cuiusque
2917 2091 3276 2175 Consilio,

288 2200 620 2283 peccata,
670 2203 760 2268 ut
814 2216 1070 2285 supra,
1144 2199 1607 2269 subditorum
1681 2217 2056 2267 reservare
2123 2204 2459 2285 possunt,
2531 2198 2747 2268 firmo
2817 2199 3279 2286 praescripto

285 2325 454 2374 can.
504 2306 660 2391 518,
704 2306 739 2390 ξ
781 2310 850 2391 1,
887 2307 1019 2376 519
1044 2304 1101 2374 ⁸.

1592 2414 1771 2481 CAN.
1813 2413 1970 2481 897.

463 2529 702 2597 Casus
749 2528 1173 2598 reservandi
1212 2528 1367 2597 sint
1406 2529 1625 2613 pauci
1673 2529 1998 2612 omnino,
2044 2533 2196 2597 tres
2236 2527 2521 2598 scilicet
2556 2529 2698 2613 vel,
2741 2528 2838 2596 ad
2886 2544 3277 2613 summum,

230 2724 239 2735 ⁸
290 2640 615 2721 quatuor
651 2655 740 2704 ex
778 2636 1245 2723 gravioribus
1282 2641 1578 2705 tantum
1618 2641 1694 2706 et
1731 2636 2226 2705 atrocioribus
2260 2636 2699 2705 criminibus
2747 2636 3075 2705 externis
3124 2654 3277 2723 spe-

287 2743 495 2814 cifice
526 2745 1063 2827 determinatis3
1101 2745 1267 2829 ipsa
1297 2761 1472 2813 vero
1505 2745 1911 2813 reservatio
1941 2764 2033 2813 ne
2068 2745 2271 2813 ultra
2301 2743 2382 2811 in
2415 2745 2668 2831 vigore
2696 2748 3019 2828 maneat,
3063 2761 3282 2831 quam

290 2866 583 2920 necesse
626 2851 730 2919 sit
768 2852 864 2919 ad
909 2851 1286 2939 publicum
1329 2851 1633 2938 aliquod
1675 2852 2024 2920 inolitum
2067 2851 2334 2920 vitium
2389 2851 2949 2938 exstirpandum
3007 2856 3085 2921 et
3136 2853 3277 2921 col·

289 2958 578 3045 lapsam
610 2960 808 3028 torte
839 2960 1322 3029 christiana-m
1368 2961 1840 3045 disciplinam
1880 2961 2446 3028 instaurandam
2470 2958 2497 2996 ⁴

292 3130 581 3195 irrident„
610 3145 754 3186 sess.
782 3133 935 3194 XIV,
962 3135 1032 3184 de
1056 3131 1437 3193 poenitentia,
1462 3143 1525 3183 c·
1544 3133 1596 3192 7,
1622 3143 1752 3183 can.
1784 3133 1866 3193 113
1892 3131 2188 3188 Martinus
2212 3133 2262 3184 V
2294 3133 2383 3193 (in
2406 3131 2579 3185 Oonc.
2616 3130 3068 3192 constantien),
3093 3133 3279 3183 const.

295 3236 327 3272 ι
351 3221 524 3272 later
558 3224 801 3272 cumas
830 3236 880 3283 s,
918 3203 986 3273 2'2
1009 3221 1160 3273 tebr.
1192 3220 1341 3282 1418,
1371 3223 1487 3272 art.
1521 3220 1603 3281 25,
1635 3220 1710 3275 de
1739 3232 1853 3282 quo
1889 3232 2156 3272 errorum
2189 3220 2424 3272 wiclefi
2453 3223 2517 3274 et
2548 3221 2712 3273 Husz
2746 3220 3003 3281 suspecti
3034 3218 3282 3272 interro·

292 3311 492 3373 gandi:
521 3310 793 3364 Clemens
821 3310 991 3371 VIII,
1020 3309 1177 3362 decr.
1208 3324 1239 3361 α
1270 3307 1692 3360 Sanctissimae
1722 3323 1772 3370 s,
1802 3309 1868 3362 26
1896 3309 2042 3359 maii
2069 3308 2217 3369 1593,
2251 3308 2278 3370 3
2315 3310 2368 3370 1,
2403 3308 2453 3370 8;
2481 3308 2751 3361 Oiemens
2779 3309 2846 3369 X,
2878 3310 3066 3361 const.
3107 3322 3139 3358 ι
3177 3306 3282 3357 Sn-

294 3410 479 3459 vom
520 3414 571 3462 s,
614 3400 679 3451 21
714 3401 834 3452 iun.
872 3399 1021 3460 1670,
1058 3398 1085 3460 3
1129 3398 1181 3460 6,
1212 3399 1262 3460 7ς
1294 3397 1564 3450 Ciemens
1595 3397 1729 3459 xn,
1766 3400 1953 3450 const.
1990 3412 2021 3448 οι
2058 3397 2343 3448 Admonet
2379 3395 2499 3449 Nos
2533 3411 2582 3459 ι,
2618 3399 2684 3449 11
2720 3409 2854 3459 aug.
2896 3395 3045 3457 1735,
3081 3395 3110 3457 Ι
3144 3395 3198 3459 2,
3230 3394 3284 3455 8:

296 3488 652 3541 Benedictus
678 3489 832 3549 XIV,
861 3490 1047 3541 const.
1078 3502 1109 3539 α
1135 3486 1274 3539 Bias
1303 3485 1791 3546 Omanadum
1818 3501 1868 3547 ι.
1897 3486 1962 3538 21
1989 3498 2123 3547 nug.
2153 3485 2300 3547 1752,
2333 3485 2360 3547 ς
2396 3485 2448 3547 3;
2473 3485 2619 3538 Pius
2647 3485 2750 3546 VI,
2779 3487 2966 3538 const.
3006 3499 3037 3536 α
3071 3483 3282 3535 Aucto·

292 3590 418 3629 rom
446 3579 589 3639 Mei
618 3593 668 3638 s,
695 3577 761 3631 28
783 3590 918 3640 aug.
946 3577 1095 3639 1794,
1126 3588 1293 3638 prop.
1320 3577 1404 3638 41,
1429 3576 1512 3638 45,
1544 3575 1763 3638 synodi
1789 3575 2127 3636 Pistorien..
2155 3574 2373 3637 damn.;
2398 3575 2517 3627 Leo
2539 3574 2707 3635 XIII,
2740 3574 2858 3626 litt.
2890 3586 2986 3635 ap.
3019 3589 3051 3625 ι
3082 3572 3283 3625 Odes-

298 3667 511 3716 talism
540 3680 590 3726 s,
624 3666 691 3719 3ο
722 3679 855 3718 nov.
886 3667 1036 3726 1894,
1070 3678 1127 3717 ιι.
1161 3666 1262 3728 V1;
1295 3664 1354 3718 S.
1386 3666 1451 3719 Ο.
1486 3652 1546 3717 Β.
1578 3664 1718 3725 Otr..
1750 3664 1905 3717 decr.
1943 3664 2006 3715 24
2037 3667 2186 3725 sept.
2221 3664 2370 3725 1665,
2411 3674 2577 3725 prop.
2612 3663 2695 3725 12,
2731 3662 2949 3725 damn.;
2984 3662 3042 3716 S.
3074 3662 3140 3716 Ο.
3176 3663 3281 3724 Dp.

292 3759 357 3808 et
401 3756 567 3817 Rex„
616 3755 951 3816 Hieracem,
992 3755 1057 3806 28
1093 3766 1220 3815 apr.
1261 3754 1407 3815 1587;
1456 3753 1811 3813 Fen-arten„
1851 3756 1917 3806 14
1955 3755 2075 3805 iun.
2118 3754 2265 3815 1505:
2301 3755 2335 3806 9
2374 3753 2493 3804 ian.
2526 3752 2674 3814 1601:
2711 3752 2868 3805 decr.
2901 3753 2934 3804 7
2974 3754 3092 3804 ian.
3137 3751 3286 3813 1617;

298 3843 712 3904 Neapolitana,
740 3845 773 3896 7
801 3843 924 3896 dec.
959 3843 1106 3906 1646;
1135 3842 1530 3898 Mechiiouen..
1564 3844 1630 3896 15
1661 3845 1782 3895 iun.
1823 3844 1972 3904 1647;
2005 3842 2064 3895 S.
2097 3843 2162 3894 O.
2195 3842 2283 3903 C..
2319 3840 2720 3898 Salernitana,
2753 3853 2951 3894 mense
2981 3841 3104 3893 iun.
3138 3840 3286 3902 1584:

295 3933 591 3992 mliorem,
626 3945 826 3986 mense
859 3935 1016 3985 maio
1058 3933 1204 3993 1585ς
1246 3931 1603 3990 Marsicam,
1640 3944 1838 3984 mense
1882 3944 2009 3993 apr.
2048 3932 2194 3993 1587:
2230 3931 2708 3990 castellonem„
2745 3942 2944 3983 mense
2977 3931 3100 3982 iun.
3140 3929 3287 3991 1587:

298 4021 713 4080 laodiciam„
745 4034 944 4075 mense
983 4025 1157 4074 mart.
1192 4020 1338 4083 15883
1377 4020 1651 4081 Pharan„
1683 4021 1749 4072 12
1780 4021 1926 4072 maii
1955 4021 2104 4081 1594,
2138 4021 2216 4073 ad
2247 4022 2298 4083 15
2329 4020 2486 4072 decr.
2530 4020 2595 4072 21
2629 4023 2777 4081 sept.
2817 4018 2965 4080 1624,
3002 4018 3029 4080 ς
3056 4020 3115 4081 ,ις
3145 4016 3285 4069 Nat·

296 4112 434 4172 uns,
466 4112 500 4164 5
530 4112 678 4165 febr.
720 4112 867 4173 1650;
902 4110 1267 4169 unionem„
1298 4113 1330 4161 4
1365 4112 1513 4162 maii
1544 4111 1692 4170 1675,
1724 4110 1801 4162 ad
1832 4111 1883 4172 33
1913 4109 2216 4167 Andrias..
2248 4110 2315 4162 29
2347 4122 2478 4162 nov.
2513 4109 2661 4170 1710,
2698 4108 2764 4159 24
2794 4109 2913 4160 ian.
2945 4107 3094 4167 1711,
3130 4107 3209 4158 ad
3238 4109 3289 4169 4ς

297 4198 618 4258 colonien„
654 4200 721 4252 16
751 4213 884 4252 nov.
923 4200 1072 4260 1720,
1108 4200 1186 4253 ad
1222 4201 1272 4260 1;
1309 4200 1367 4252 8.
1400 4199 1464 4251 Ο.
1498 4199 1571 4251 de
1606 4200 1776 4259 Prop.
1818 4199 1963 4250 Fide
2006 4198 2095 4258 (C.
2135 4199 2203 4251 G.
2235 4225 2302 4235 —
2328 4198 2824 4259 constantinop),
2867 4198 2906 4248 4
2939 4197 3088 4250 tebr.
3137 4195 3285 4255 1664,

296 4290 374 4342 ad
415 4290 466 4352 13
507 4288 597 4349 (0.
631 4288 747 4350 G.),
784 4289 818 4341 6
858 4301 994 4350 aug.
1029 4289 1176 4350 1753;
1228 4288 1316 4348 (G.
1352 4288 1416 4341 Ρ.
1455 4300 1560 4349 pro
1596 4288 1766 4350 Sim),
1804 4289 1870 4340 20
1906 4289 2053 4340 febr.
2092 4288 2239 4349 1801;
2285 4286 2374 4347 (G.
2408 4286 2526 4348 G.),
2562 4287 2630 4339 11
2666 4284 2789 4338 dec.
2827 4285 2978 4346 1838,
3016 4285 3095 4337 ad
3124 4285 3176 4345 2,
3207 4285 3289 4345 1ος

297 4378 540 4431 Rituale
577 4378 766 4439 Rom..
800 4379 894 4431 tlt.
930 4378 1046 4437 111,
1080 4389 1129 4429 c.
1165 4379 1216 4437 1,
1255 4379 1325 4428 de
1356 4379 1725 4429 saer-amento
1759 4376 2175 4436 poenitentiae,
2215 4388 2273 4427 ιι.
2307 4377 2358 4437 4,
2392 4373 2476 4436 12,
2510 4371 2590 4427 22.

478 4467 500 4504 ¹
534 4467 892 4520 Benedictus
930 4467 1081 4528 XIV,
1134 4470 1320 4520 const.
1367 4481 1398 4518 α
1442 4466 1892 4518 Sacramentum
1942 4464 2348 4516 Poeniceum
2398 4479 2452 4525 r,
2496 4466 2529 4516 1
2571 4464 2693 4516 iun.
2739 4464 2887 4532 1741,
2935 4464 2962 4526 ς
3005 4464 3057 4525 3;
3099 4465 3284 4515 const.

295 4572 327 4608 ι
360 4557 495 4607 Etsi
531 4555 853 4617 pastoralis
885 4571 936 4618 s,
971 4555 1039 4609 m
1071 4556 1217 4608 maii
1250 4555 1399 4618 1742,
1437 4555 1464 4617 ς
1502 4555 1601 4616 IX,
1636 4567 1694 4606 ιι.
1727 4556 1797 4616 V:
1830 4556 2016 4606 const.
2064 4569 2098 4605 ι
2140 4552 2463 4614 Apostouot
2498 4551 2760 4604 macru
2796 4566 2847 4612 s,
2894 4551 2929 4604 8
2955 4551 3105 4604 febr.
3136 4550 3287 4612 1745,

297 4646 324 4708 ς
353 4645 404 4708 2
440 4645 500 4698 Β.
532 4644 599 4699 O.
634 4643 693 4697 S.
726 4643 866 4705 Off..
895 4645 964 4698 13
991 4645 1115 4697 iun.
1153 4645 1301 4706 1710:
1337 4645 1509 4698 instr.
1542 4644 1609 4697 20
1635 4644 1785 4697 febr.
1816 4643 1964 4705 1866ς
1992 4643 2150 4695 decr.
2181 4642 2248 4694 27
2280 4643 2400 4694 iun.
2433 4641 2581 4705 186oe
2616 4639 2674 4694 S.
2705 4640 2771 4694 Ο.
2797 4641 2882 4710 ,de
2912 4641 3082 4701 Prop.
3121 4638 3287 4700 Fide,

295 4735 413 4786 ntt.
451 4735 671 4796 encycl.
711 4733 745 4786 6
776 4745 911 4796 aug.
949 4734 1098 4795 1885,
1136 4746 1194 4786 ιι.
1233 4732 1282 4785 2.

471 4824 501 4863 ²
539 4822 597 4876 S.
637 4823 703 4875 Ο.
737 4823 796 4876 Β.
830 4823 968 4885 Off..
1008 4825 1178 4876 instr.
1208 4823 1274 4876 13
1307 4822 1416 4876 iul.
1447 4822 1595 4884 1916,
1626 4835 1685 4874 ιι.
1715 4824 1766 4884 1;
1798 4821 1856 4874 8.
1889 4821 1956 4873 0.
1989 4821 2096 4882 mp.
2129 4823 2193 4873 et
2221 4820 2386 4882 neg..
2418 4819 2537 4872 litt.
2573 4818 2641 4872 m
2667 4831 2800 4872 nov.
2832 4817 2980 4881 1602;
3014 4816 3075 4871 Β.
3112 4818 3178 4870 Ο.
3216 4817 3292 4869 de

286 4912 469 4987 ‚Pi-op.
504 4912 668 4974 Fide,
705 4913 879 4965 instr.
919 4913 1025 4973 (ad
1054 4912 1179 4966 Vic.
1215 4914 1323 4973 Ap.
1361 4911 1584 4964 Indisr.
1619 4911 1894 4973 orient.),
1928 4910 1963 4963 8
1990 4912 2138 4971 sept.
2173 4909 2323 4971 1869,
2363 4921 2425 4963 ιι.
2460 4909 2541 4962 49.

471 5003 500 5040 ⁸
538 5001 810 5055 Clemens
845 5002 1016 5063 VIII,
1054 5002 1213 5054 decr.
1260 5016 1298 5058 ι
1336 5000 1761 5052 sanctissimus
1796 5015 1845 5061 ι,
1889 4998 1961 5052 m
1995 4999 2137 5052 mali
2175 4999 2324 5061 1593,
2366 4998 2393 5060 i
2430 4999 2481 5061 13
2519 4996 2578 5051 Β.
2610 4997 2677 5051 0.
2709 4997 2798 5057 O..
2839 4995 2995 5051 decr.
3036 4996 3101 5048 21
3137 4998 3286 5057 sept.

292 5092 443 5153 1624,
484 5091 511 5153 ς
543 5091 594 5153 1;
627 5090 686 5143 8.
717 5090 783 5144 O.
820 5103 999 5152 super
1034 5091 1210 5144 statu
1244 5090 1648 5152 Reguisrium,
1681 5089 1749 5141 17
1779 5101 1915 5152 ang.
1951 5088 2098 5141 1866.
2613 5159 2616 5164 Ι

472 5182 503 5219 ⁴
534 5179 709 5232 Cone.
743 5180 1033 5242 Trident„
1062 5192 1207 5232 sess.
1231 5178 1389 5263 31V,
1424 5181 1497 5231 ae
1523 5179 1907 5240 poenitentia,
1941 5189 1992 5230 c.
2021 5177 2072 5240 7:
2096 5176 2455 5229 Benedictus
2482 5177 2634 5238 XIV,
2662 5186 2752 5236 ep.
2782 5176 3003 5237 encycl.
3039 5189 3070 5226 α
3098 5173 3147 5224 Δ
3178 5183 3291 5233 quo

296 5269 551 5328 mmm
586 5283 636 5330 s,
677 5270 744 5321 14
777 5269 900 5322 iun.
939 5269 1088 5330 1751,
1131 5269 1158 5331 ς
1196 5269 1246 5331 8;
1282 5267 1342 5322 S.
1380 5268 1447 5322 Ο.
1490 5269 1547 5321 S.
1588 5267 1727 5329 Off..
1775 5268 1951 5320 instr.
1981 5267 2047 5319 13
2084 5267 2187 5319 iul.
2219 5265 2368 5327 1916,
2418 5278 2477 5318 ιι.
2509 5265 2561 5327 2,
2591 5265 2642 5327 3;
2682 5263 2742 5318 Β.
2777 5263 2845 5317 0.
2882 5264 2989 5324 mp,
3024 5265 3090 5316 et
3121 5262 3287 5325 Res..

297 5356 777 5416 catanancen„
808 5359 875 5410 15
911 5358 1056 5409 maii
1086 5358 1234 5417 1690:
1269 5359 1304 5410 9
1332 5358 1450 5409 ian.
1491 5357 1640 5419 1601:
1668 5357 1787 5410 litt.
1820 5357 1888 5410 m
1915 5369 2048 5408 nov.
2081 5354 2228 5418 1602ς
2260 5354 2319 5408 S.
2352 5355 2418 5408 0.
2451 5355 2525 5407 de
2560 5354 2731 5433 prop.
2768 5351 2933 5414 Fide,
2969 5354 3140 5405 instr.
3187 5350 3289 5410 (ad

296 5447 420 5499 Vie.
444 5449 553 5508 Ap.
584 5446 950 5509 Sutchuen.).
972 5448 1008 5500 6
1029 5448 1149 5500 iun.
1182 5447 1331 5508 1817,
1357 5460 1416 5500 n.
1448 5447 1692 5510 431nstr.
1726 5446 1828 5507 (ad
1851 5446 1976 5498 Vic.
2001 5448 2109 5507 Ap.
2136 5445 2362 5498 Indiar.
2391 5444 2670 5504 orient),
2695 5442 2730 5495 8
2757 5445 2904 5504 sept.
2936 5441 3086 5502 1869,
3112 5452 3171 5492 ιι.
3204 5439 3286 5492 49.

420 5584 619 5635 ooaco
650 5583 813 5636 lum
849 5584 1148 5636 canonici.
3130 5578 3183 5623 ¹⁷
