3753 5871
1187 407 1363 459 Liber
1406 408 1667 469 omme
1700 431 1721 443 ·
1753 406 1843 458 Do
1887 405 2265 459 Pmoecelbeu
3117 399 3228 462 515

230 601 361 671 sed
390 601 755 686 pendente
780 617 1066 685 quoque
1094 598 1229 668 lite
1258 602 1336 666 et
1358 597 1439 664 in
1473 596 1800 683 quolibet
1824 596 1986 665 eius
2010 599 2379 664 momento
2408 600 2484 664 et
2512 598 2744 678 statu,
2773 594 3015 663 altera
3038 612 3217 679 pars

230 714 500 797 potest,
529 709 774 778 iudice
794 708 1180 794 probante,
1205 706 1429 776 alteri
1448 704 1966 773 iusiurandum
1989 703 2303 786 deferre,
2330 721 2419 773 ea
2440 702 2865 772 conditione
2892 708 2978 772 ut
3003 720 3214 787 quae·

234 818 384 886 stio
423 817 576 957 sive
616 814 1055 901 principalis
1116 813 1270 883 sive
1338 814 1697 897 incidens,
1764 811 2165 881 secundum
2228 811 2747 879 iusiurandum
2798 810 3047 879 decisa
3097 810 3218 878 ha·
3326 835 3330 839 ⁴

230 926 554 1116 be„angl-2.
575 968 1134 1101 ‘Iusiurandum
1178 1029 1598 1098 huiusmodi
1639 1029 1919 1098 dicitur
1953 1028 2417 1096 decisoriam.

1518 1222 1696 1290 CAN.
1728 1221 1926 1289 1835.

407 1367 868 1436 Decisorium
907 1365 1424 1435 iusiurandum
1469 1365 1747 1433 deterri
1794 1365 2077 1450 nequit,
2118 1365 2310 1433 nisi:

489 1478 588 1543 1.·
632 1476 744 1544 De
786 1495 890 1559 re,
927 1474 1008 1543 in
1044 1492 1190 1559 qua
1220 1474 1458 1543 cessio
1489 1478 1567 1543 et
1599 1472 2013 1542 transactio
2052 1472 2508 1556 admittitur,
2545 1477 2624 1541 et
2666 1490 2853 1557 quae
2888 1490 3026 1558 pro
3066 1471 3213 1540 liti·

230 1585 570 1670 gantiam
604 1584 939 1669 personis
972 1601 1119 1652 non
1160 1583 1262 1651 sit
1301 1582 1515 1650 nimii
1548 1581 1901 1650 momenti
1941 1600 2070 1650 seu
2105 1581 2353 1666 pretii3
2424 1650 2429 1653 ,

494 1691 593 1756 2.⁰
636 1691 752 1758 Ab
786 1710 875 1760 eo
907 1691 1034 1775 qui
1074 1691 1331 1759 cedere
1374 1696 1508 1758 aut
1545 1689 1961 1774 transigere
1994 1692 2260 1775 potest;
2565 1672 2573 1679 ’

495 1797 596 1866 3.⁰
637 1797 758 1882 Ei,
801 1799 926 1883 qui
964 1799 1220 1867 cedere
1253 1798 1372 1866 vel
1415 1798 1827 1883 transigere
1872 1798 2097 1881 valet,
2139 1797 2407 1883 quique
2444 1796 2730 1882 pariter
2777 1815 2915 1882 pro
2959 1816 3037 1865 se
3075 1815 3224 1864 non

233 1907 503 1977 habeat
531 1909 825 1993 plenam
858 1907 1389 1993 probationem

490 2017 588 2082 4.⁰
631 2017 741 2083 De
767 2033 972 2082 mera
998 2015 1271 2082 notitia
1299 2015 1486 2083 facti
1513 2019 1651 2083 aut
1678 2014 1770 2083 de
1800 2015 2029 2097 facto,
2061 2012 2254 2098 quod
2289 2012 2671 2098 proprium
2694 2012 2802 2081 sit
2834 2013 3066 2095 illius,
3096 2012 3220 2080 cui

239 2121 756 2189 iusiurandum
799 2122 1135 2190 defertur
1178 2119 1231 2185 ³.

1522 2230 1700 2299 CAN.
1738 2230 1934 2298 1836.

407 2372 441 2453 ξ
488 2373 555 2438 1.
605 2373 767 2440 Hoc
808 2370 1329 2440 iusiurandum
1370 2375 1618 2457 potest
1655 2390 1703 2439 a
1752 2374 1991 2457 parte,
2037 2389 2085 2438 a
2134 2389 2280 2456 qua
2327 2370 2656 2439 delatum
2699 2373 2836 2452 est,
2892 2368 3219 2437 revocari

233 2497 611 2565 quousque
643 2481 1085 2564 praestitum
1113 2499 1261 2551 non
1286 2481 1545 2564 fuerit,
1579 2486 1655 2549 et
1685 2481 1780 2548 ab
1807 2481 2049 2548 altera
2081 2484 2294 2564 parte
2321 2480 2695 2563 acceptari
2721 2481 2798 2546 et
2823 2477 3217 2563 praestari,

230 2588 353 2656 vel
378 2588 650 2671 minus,
681 2594 817 2658 aut
847 2589 1112 2657 referri
1147 2589 1228 2656 in
1257 2589 1764 2657 adversarium
1806 2584 1863 2653 ⁸.

412 2695 446 2778 5
493 2695 560 2763 2.
611 2696 985 2766 Praestito
1038 2697 1546 2781 iureiurando,
1607 2697 1943 2782 quaestio
1991 2695 2391 2764 secundum
2438 2694 2765 2762 iuratam
2821 2692 3220 2760 formulam

234 2803 453 2875 finita
481 2810 619 2887 est,
659 2806 964 2890 perinde
993 2823 1083 2873 ac
1112 2807 1177 2874 si
1205 2805 1440 2873 cessio
1474 2810 1610 2874 aut
1639 2804 2051 2873 transactio
2081 2802 2457 2872 iudicialis
2494 2803 3058 2871 intercessisset.

413 2913 446 2998 ξ
492 2914 559 2982 3.
612 2913 693 2983 Si
724 2913 1242 2983 iusiurandum
1277 2918 1657 2982 recusetur
1695 2930 1827 2981 nec
1861 2912 2232 2981 referatur
2262 2911 2344 2979 in
2382 2910 2914 2995 adversarium,
2955 2909 3225 2979 indicis

233 3027 350 3091 est
375 3023 768 3091 aestimare
805 3023 1067 3108 quanti
1095 3023 1440 3091 facienda
1468 3024 1570 3093 sit
1604 3021 2000 3106 recusatio,
2033 3025 2283 3090 utrum
2315 3020 2538 3089 iustis
2567 3020 2940 3089 innitatur
2975 3019 3224 3087 causis

234 3150 334 3198 an
367 3132 617 3217 potius
650 3132 1096 3200 confessioni
1135 3133 1237 3201 sit
1265 3130 1821 3216 aequiparanda
1862 3126 1917 3192 ⁴.

416 3240 450 3323 ξ
496 3241 562 3306 4.
615 3241 697 3308 Si
752 3239 834 3307 in
880 3240 1386 3309 adversarium
1434 3238 1830 3320 referatur,
1891 3238 2011 3305 hic
2055 3236 2271 3306 debet
2316 3236 2506 3304 illud
2554 3241 2960 3321 praestare,
3012 3254 3221 3304 secus

234 3368 462 3418 causa
497 3349 724 3417 cadit.

412 3459 446 3541 ξ
493 3457 559 3524 5.
608 3459 714 3526 Ut
740 3457 1258 3525 iusiurandum
1292 3457 1373 3523 in
1400 3454 1908 3524 adversarium
1939 3452 2204 3522 referri
2237 3453 2499 3538 possit,
2530 3451 2822 3521 eaedem
2853 3452 3030 3521 illae
3055 3470 3220 3520 con·

233 3570 549 3636 currant
583 3565 1043 3634 conditiones
1087 3583 1377 3633 necesse
1422 3569 1559 3646 est,
1603 3581 1788 3648 quae
1824 3561 1922 3630 ad
1968 3561 2157 3629 illud
2194 3561 2671 3630 deferendum
2712 3560 3220 3646 requiruntur,

235 3680 461 3760 atque
496 3675 686 3742 idem
718 3674 1131 3742 intercedat
1159 3673 1430 3741 iudicis
1459 3670 1980 3739 ministerium.

1438 4005 1862 4075 TITULUS
1908 4005 2033 4072 XI.

1279 4154 1382 4220 De
1427 4153 1656 4221 causis
1702 4152 2201 4220 incidentibus.

1520 4343 1698 4410 CAN.
1731 4342 1927 4409 1837.

412 4485 658 4553 Causa
691 4485 1023 4553 incidens
1055 4485 1391 4567 habetur,
1436 4485 1747 4568 quoties,
1783 4485 2078 4570 incepto
2110 4486 2371 4553 saltem
2413 4505 2544 4572 per
2575 4487 3005 4557 citationem
3037 4490 3224 4558 iudi·

242 4593 384 4676 cio,
421 4593 517 4660 ab
552 4611 705 4660 una
746 4612 834 4660 ex
872 4593 1212 4678 partibus
1248 4598 1383 4661 aut
1427 4612 1472 4659 a
1511 4596 1930 4676 promotore
1970 4594 2304 4662 iustitiae
2340 4595 2456 4663 vel
2491 4597 2772 4663 vinculi
2819 4597 3227 4681 defensore,
3344 4660 3348 4664 .

239 4701 305 4768 si
361 4702 638 4770 iudicio
683 4701 1062 4786 intersint,
1115 4702 1448 4786 quaestio
1505 4702 1949 4786 proponitur
1998 4720 2207 4787 quae,
2261 4704 2561 4772 tametsi
2608 4705 2883 4788 libello,
2939 4723 3080 4791 quo
3128 4707 3224 4774 lis

238 4808 768 4894 introducitur,
802 4830 948 4878 non
981 4810 1454 4878 contineatur
1481 4828 1847 4894 expresse,
1881 4809 2363 4878 nihilominus
2397 4811 2509 4879 ita
2542 4812 2638 4880 ad
2671 4830 2972 4880 causam
3004 4816 3226 4900 perti·

247 4923 374 4985 net
406 4922 494 4986 ut
534 4916 799 4985 resolvi
833 4920 1262 5003 plerumque
1291 4919 1553 4987 debeat
1584 4922 1761 4987 ante
1793 4919 2294 5001 quaestionem
2337 4920 2846 5004 principalem.

427 5201 445 5234 ¹
485 5198 746 5261 Regulae
770 5198 1095 5251 servandae
1118 5198 1181 5250 ln
1207 5197 1444 5251 ludlclls
1469 5199 1626 5259 apud
1657 5198 1716 5252 S.
1746 5198 1817 5249 R.
1846 5199 2037 5251 Rotae
2066 5199 2373 5259 Tribunal,
2400 5199 2432 5249 4
2457 5210 2591 5260 aug.
2620 5199 2768 5260 1910,
2800 5197 2827 5259 ς
2857 5199 2974 5258 149,
3004 5210 3062 5249 ιι.
3090 5198 3143 5258 1,
3179 5196 3229 5247 2.

426 5291 453 5327 ²
489 5289 749 5352 Regulae
782 5287 1107 5341 servandae
1136 5289 1198 5339 in
1225 5287 1463 5341 iudiciis
1488 5288 1647 5349 apud
1676 5287 1735 5341 S.
1764 5289 1835 5339 R.
1865 5287 2055 5342 Rotae
2080 5288 2386 5348 'tribunah
2423 5290 2457 5339 4
2484 5300 2619 5350 aug.
2649 5289 2797 5348 1910,
2830 5288 2856 5349 3
2887 5288 3001 5340 150.

429 5385 456 5419 ³
487 5380 747 5440 Regulae
775 5377 1101 5431 servandae
1130 5377 1191 5429 ln
1221 5378 1460 5431 ludlclls
1488 5378 1647 5438 apud
1679 5377 1737 5431 S.
1767 5378 1839 5430 Β.
1871 5378 2062 5431 Rotae
2097 5379 2402 5438 Tribunal‚
2433 5380 2467 5429 4
2494 5390 2629 5440 aug.
2660 5378 2871 5440 1910st
2905 5377 3021 5440 152,
3054 5390 3112 5429 n.
3144 5378 3196 5429 1.

420 5477 448 5514 ⁴
486 5469 551 5522 C.
595 5468 679 5529 36,
710 5469 777 5530 Χ,
823 5470 894 5519 de
928 5468 1328 5528 iureiurando,
1367 5470 1451 5528 11,
1489 5468 1570 5531 24;
1603 5468 1864 5531 Regulae
1899 5468 2225 5521 servandae
2261 5468 2324 5520 ln
2359 5467 2597 5521 ludlells
2639 5467 2798 5529 apud
2832 5468 2894 5522 S.
2932 5468 3003 5520 R.
3042 5467 3235 5520 Rotae

243 5553 550 5620 Tribunal,
581 5560 615 5610 4
646 5570 780 5622 aug.
813 5559 961 5619 1910,
995 5556 1023 5619 1
1053 5557 1170 5618 152,
1200 5571 1259 5611 ιι.
1290 5557 1342 5618 2.
1384 5558 1411 5620 ς
1441 5557 1556 5610 154.
2068 5556 2075 5566 “
