3753 5871
432 318 542 377 324
1573 327 1771 378 Oodeoe
1816 328 1979 379 luris
2018 330 2301 381 canonia

1712 552 1891 621 CAN.
1939 556 2135 623 1132.

612 668 980 738 Instituta
1001 674 1494 756 separatione,
1522 674 1659 743 filii
1684 678 2049 746 educandi
2076 684 2255 748 sunt
2279 701 2501 765 penes
2529 684 2913 768 coniugem
2941 687 3426 768 innocentem,

433 778 511 843 et
541 776 607 842 si
648 777 843 844 alter
873 779 1269 864 coniugum
1304 783 1405 851 sit
1447 785 1932 869 acatholicus,
1971 806 2193 871 penes
2234 792 2618 874 coniugem
2652 794 3126 877 catholicum,
3169 797 3317 864 nisi
3352 797 3431 864 in

436 886 751 967 utroque
786 904 962 953 casu
997 889 1445 957 Ordinarius
1479 910 1614 976 pro
1644 893 1974 977 ipsorum
2008 895 2330 963 filiorum
2362 899 2577 981 bono,
2614 901 2824 968 saiva
2857 920 3142 987 semper
3173 923 3426 971 eorun-

434 989 597 1057 dem
641 993 1010 1061 catholica
1044 997 1505 1075 educatione,
1553 1000 1760 1067 aliud
1796 1002 2207 1071 decreverit
2241 1004 2289 1071 ¹.

1706 1231 1968 1299 CAPUT
2001 1234 2126 1299 XI.

1293 1348 1402 1416 De
1439 1351 1899 1420 matrimonii
1937 1357 2551 1426 convalidatione.

1195 1526 1364 1590 Aur.
1415 1527 1466 1591 Ι.
1513 1563 1594 1574 -—
1637 1530 1734 1592 Do
1772 1532 2317 1596 convalidationo
2356 1534 2678 1613 simplici.

1710 1680 1889 1746 CAN.
1942 1681 2136 1748 1133.

612 1797 645 1879 ξ
693 1798 758 1863 1.
809 1798 925 1866 Ad
1006 1800 1626 1868 convalidandum
1709 1803 2265 1870 matrimonium
2337 1804 2636 1871 irritum
2688 1806 2780 1872 ob
2827 1808 3430 1891 impedimentum

429 1903 812 1987 dirimens,
857 1907 1267 1990 requiritur
1304 1913 1387 1975 ut
1424 1915 1660 1977 cesset
1699 1911 1814 1977 vel
1848 1910 2322 1994 dispensetur
2369 1913 2972 1995 impedimentum
3020 1920 3096 1982 et
3130 1934 3424 1983 consen·

432 2029 594 2077 sum
634 2017 934 2081 renovet
970 2014 1232 2080 saltem
1269 2032 1446 2098 pars
1489 2015 1997 2100 impedimenti
2042 2003 2339 2085 conscia
2373 2018 2427 2087 ⁸.

612 2118 646 2201 ξ
692 2119 759 2185 2.
809 2120 1016 2188 Haec
1084 2124 1466 2190 renovatio
1530 2123 1693 2192 iure
1747 2125 2249 2193 ecclesiastico
2316 2127 2725 2211 requiritur
2782 2127 2879 2194 ad
2937 2128 3426 2210 validitatem,

434 2228 729 2294 etiamsi
759 2227 981 2296 initio
1008 2232 1324 2314 utraque
1335 2248 1512 2314 pars
1534 2249 1973 2299 consensum
1987 2235 2451 2317 praestiterit
2484 2253 2616 2302 nec
2626 2240 2885 2319 postea
2917 2237 3429 2305 revocaverit³.

1706 2407 1884 2475 ΟΑΝ.
1933 2408 2127 2475 1134.

604 2527 1017 2598 Renovatio
1062 2548 1464 2597 consensus
1500 2531 1719 2599 debet
1757 2551 1916 2600 esse
1957 2551 2189 2601 novus
2229 2533 2642 2602 voluntatis
2683 2541 2897 2603 actus
2935 2536 3015 2602 in
3055 2538 3424 2605 matrimo-

430 2633 635 2701 nium
673 2636 865 2720 quod
899 2642 1189 2705 constet
1224 2639 1317 2705 ab
1352 2638 1574 2706 initio
1610 2639 1897 2706 nullum
1933 2640 2167 2708 fuisse
2192 2640 2245 2706 ⁴.

1706 2812 1885 2879 CAN.
1935 2813 2129 2879 1135.

613 2934 645 3016 ξ
696 2938 760 3000 1.
814 2935 893 3002 Si
958 2935 1563 3020 impedimentum
1618 2937 1720 3003 sit
1783 2937 2187 3020 publicum,
2241 2957 2642 3006 consensus
2693 2939 2787 3005 ab
2843 2944 3158 3023 utraque
3212 2945 3426 3023 parte

434 3042 896 3109 renovandus
928 3049 1039 3109 est
1070 3044 1310 3109 forma
1343 3044 1506 3111 iure
1540 3044 2002 3127 praescripta
2033 3045 2085 3109 ⁵.

608 3150 641 3232 ξ
689 3150 755 3215 2.
810 3150 891 3217 si
933 3150 1035 3217 sit
1074 3152 1444 3218 occultum
1484 3155 1558 3218 et
1599 3153 1896 3236 utrique
1934 3152 2135 3236 parti
2187 3157 2467 3228 notum,
2493 3153 2696 3220 ‚satis
2744 3158 2856 3220 est
2896 3156 2981 3220 ut
3026 3171 3426 3221 consensus

425 3257 519 3324 ab
554 3260 869 3342 utraque
912 3263 1126 3341 parte
1165 3264 1558 3326 renovetur
1595 3260 1946 3343 privatim
1982 3266 2057 3326 et
2093 3266 2376 3327 secreto
2409 3261 2460 3327 ⁶.

604 3364 637 3446 ξ
684 3365 750 3431 3.
805 3366 883 3432 Si
929 3367 1029 3434 sit
1062 3366 1432 3434 occultum
1468 3372 1543 3435 et
1582 3368 1709 3434 uni
1746 3369 1948 3451 parti
1988 3369 2347 3451 ignotum,
2387 3370 2572 3435 satis
2614 3373 2728 3436 est
2765 3371 2849 3435 ut
2892 3369 3049 3435 sola
3086 3386 3262 3451 pars
3294 3367 3421 3433 im-

424 3472 826 3555 pedimenti
864 3475 1161 3541 conscia
1199 3493 1636 3543 consensum
1686 3477 2038 3560 privatim
2078 3482 2152 3544 et
2192 3481 2472 3544 secreto
2514 3481 2837 3558 renovet,
2888 3476 3283 3543 dummodo
3321 3475 3422 3542 al·

424 3581 587 3647 tera.
626 3580 706 3646 in
736 3597 1097 3648 consensu
1137 3581 1502 3665 praestito
1536 3589 1952 3668 perseveret
1990 3584 2040 3650 ⁷.

544 3811 559 3820 -
601 3789 624 3824 1
660 3787 726 3840 O.
757 3787 807 3848 2,
837 3787 903 3847 X,
934 3787 1006 3837 do
1038 3783 1414 3836 conversione
1445 3783 1793 3844 infidelium,
1825 3786 1942 3846 111,
1979 3786 2061 3838 33.

603 3881 630 3916 ²
699 3878 765 3930 Ο.
804 3877 855 3935 7.
891 3877 958 3937 X,
995 3876 1067 3925 de
1112 3888 1199 3932 eo,
1238 3875 1339 3934 qui
1384 3875 1557 3926 duxit
1592 3877 1656 3924 in
1691 3876 2153 3934 matrimonium,
2193 3887 2369 3935 quam
2415 3876 2626 3936 polluit
2664 3889 2770 3936 per
2808 3878 3189 3937 adulterium,
3234 3881 3334 3940 IV,
3374 3881 3425 3941 7;

422 3969 564 4030 Reg.
590 3967 675 4028 18,
703 3968 774 4019 R.
803 3967 841 4018 J
847 4003 882 4028 .,
913 3967 977 4016 in
1005 3966 1132 4027 V1⁰3
1158 3964 1515 4017 Benedictus
1545 3965 1698 4025 XIV,
1725 3977 1817 4025 ep.
1846 3979 1876 4015 ι
1902 3964 2207 4025 Sinculari
2239 3980 2289 4026 ι,
2316 3966 2350 4017 9
2383 3966 2532 4018 tebr.
2559 3967 2709 4027 1749,
2739 3968 2765 4027 ἦ
2796 3969 2847 4028 1,
2881 3968 2963 4028 20;
2992 3967 3050 4020 S.
3084 3968 3150 4020 Ο.
3186 3968 3244 4020 S.
3278 3968 3419 4028 011¹„

422 4058 487 4107 12
512 4057 632 4108 ian.
661 4056 809 4116 1769,
837 4068 895 4106 n.
926 4055 1007 4118 11;
1046 4054 1476 4115 (Rosnavien.),
1504 4053 1570 4105 20
1601 4066 1736 4115 aug.
1765 4053 1913 4116 178ος
1941 4054 2111 4106 instr.
2151 4054 2253 4114 (ad
2287 4054 2559 4116 Archiep.
2592 4055 2962 4117 Quebecen.),
2994 4057 3060 4107 16
3091 4061 3239 4117 sept.
3271 4057 3421 4116 1824,

419 4146 498 4198 ad
522 4146 572 4206 4,
594 4145 629 4197 8
652 4145 774 4197 iun.
806 4144 954 4205 18305
990 4144 1391 4203 (cochinchin.
1421 4143 1769 4203 occident).
1805 4143 1870 4194 12
1899 4144 2018 4194 iun.
2048 4143 2197 4203 1850,
2224 4142 2303 4194 ad
2335 4144 2384 4203 23
2418 4143 2740 4204 (Yunnan),
2777 4145 2842 4196 20
2867 4147 3015 4204 sept.
3045 4145 3192 4206 1854;
3227 4145 3420 4205 (Iapo-

418 4235 600 4294 niae),
632 4235 697 4284 11
727 4237 903 4284 mart.
936 4233 1083 4294 1868;
1115 4233 1287 4283 instr.
1334 4232 1437 4290 (ad
1473 4232 1578 4291 Ep.
1616 4231 1676 4283 S.
1719 4231 1993 4292 Aiberti),
2027 4234 2061 4284 9
2090 4231 2213 4283 dec.
2247 4232 2394 4294 18743
2436 4231 2494 4284 S.
2529 4233 2594 4284 O.
2638 4232 2713 4284 de
2744 4233 2914 4293 Prop.
2955 4232 3118 4293 Fide,
3156 4235 3271 4285 litt.
3318 4232 3420 4291 (ad

417 4323 690 4375 Ooadiut.
727 4321 1023 4382 Superior.
1058 4322 1324 4372 Mission.
1357 4321 1420 4371 in
1447 4333 1551 4371 ora
1590 4320 2023 4380 Coromandel),
2054 4321 2087 4372 5
2126 4321 2228 4371 iul.
2261 4320 2409 4372 1788.

600 4413 625 4448 ³
658 4411 722 4462 Ο.
761 4411 812 4471 7,
845 4411 910 4470 X,
944 4414 1015 4462 de
1045 4423 1135 4469 eo,
1170 4410 1271 4469 qui
1301 4410 1473 4460 duxit
1498 4408 1564 4458 ‘in
1594 4410 2057 4465 matrimonium,
2091 4419 2266 4467 quam
2295 4407 2508 4468 polluit
2537 4420 2642 4468 per
2679 4408 3058 4468 adulterium,
3091 4410 3192 4471 IV,
3232 4410 3282 4470 7;
3312 4409 3418 4460 Be-

418 4500 690 4552 nedictus
720 4500 872 4561 XIV,
905 4511 995 4560 ep.
1034 4514 1064 4550 (
1105 4498 1409 4559 Βίπωιῑανί
1444 4514 1494 4558 ι,
1528 4500 1561 4550 9
1593 4499 1741 4550 febr.
1776 4499 1925 4558 1749,
1964 4498 1990 4559 ξ
2026 4501 2077 4556 1,
2109 4498 2191 4560 20;
2234 4497 2292 4549 S.
2334 4499 2398 4550 O.
2439 4498 2497 4550 S.
2535 4498 2674 4559 Off„
2708 4498 2774 4550 12
2812 4500 2928 4550 ian.
2968 4500 3116 4558 1769,
3161 4511 3219 4548 n.
3255 4498 3336 4557 11,
3367 4499 3420 4558 5;

426 4590 779 4651 (Iaponiae),
808 4590 873 4639 11
910 4593 1084 4641 mart.
1119 4589 1266 4649 1868;
1298 4589 1469 4640 instr.
1512 4587 1615 4647 (ad
1644 4588 1750 4648 Ep.
1787 4587 1845 4639 S.
1881 4587 2153 4647 imberti),
2183 4588 2217 4638 9
2244 4586 2367 4638 dec.
2408 4587 2554 4648 1874;
2585 4587 2644 4639 S.
2685 4587 2750 4638 Ο.
2782 4586 2856 4637 de
2889 4588 3060 4646 Prop.
3097 4586 3260 4645 Fide,
3295 4586 3416 4638 litt.

424 4680 526 4739 (ad
565 4677 837 4730 coadiut.
886 4678 1183 4737 Superior.
1231 4677 1497 4728 Mission.
1541 4677 1605 4726 in
1654 4689 1759 4727 ora
1802 4675 2234 4735 Coromandei),
2288 4676 2322 4727 5
2362 4676 2456 4726 iui
2510 4675 2657 4735 1788:
2702 4673 2919 4728 secret.
2968 4675 3195 4735 Status,
3240 4675 3414 4726 instr.

414 4768 478 4818 27
511 4769 686 4819 mart.
726 4765 873 4818 1830.

594 4859 622 4894 ⁴
652 4856 710 4908 S.
742 4856 807 4909 C.
842 4856 900 4907 S.
942 4855 1080 4915 off„
1111 4855 1145 4907 8
1181 4856 1301 4906 iun.
1334 4855 1479 4916 1836;
1519 4854 1920 4913 (Cochinchin.
1957 4852 2304 4913 occident.),
2336 4852 2402 4903 12
2433 4853 2553 4903 iun.
2588 4851 2735 4912 1850,
2769 4851 2847 4902 ad
2878 4851 2926 4901 2.

594 4949 620 4983 ⁵
653 4945 1009 4996 Benedictus
1040 4945 1190 5004 XIV,
1224 4956 1314 5004 ep.
1350 4959 1380 4995 ι
1418 4943 1721 5014 δίηοιιῑανῤ
1751 4958 1800 5004 ι,
1831 4943 1865 4994 9
1896 4942 2045 4993 febr.
2079 4942 2227 5000 1749,
2262 4941 2288 5002 ξ
2320 4943 2371 5001 1,
2404 4941 2486 5002 20;
2517 4940 2574 4994 S.
2617 4941 2681 4992 C.
2718 4940 2776 4992 S.
2820 4940 2935 4993 off.
2979 4940 3411 5001 (Rosnavien.),

411 5038 476 5088 20
505 5048 640 5096 aug.
675 5035 821 5095 178ος
870 5034 973 5095 (ad
1004 5033 1275 5094 Archiep.
1324 5031 1637 5093 Scopien.),
1672 5033 1737 5084 15
1769 5043 1903 5083 nov.
1941 5031 2088 5092 1882:
2122 5030 2181 5083 S.
2219 5031 2284 5108 (J.
2322 5030 2409 5090 O..
2446 5028 2776 5089 Hispalen„
2814 5031 2878 5081 20
2922 5031 3043 5081 iun.
3082 5024 3231 5090 1609;
3268 5027 3415 5078 Gon-

412 5123 965 5184 stantinopolitana,
995 5123 1028 5173 2
1053 5127 1116 5175 et
1141 5123 1206 5175 16
1236 5122 1360 5174 dec.
1390 5122 1536 5183 1034:
1562 5121 1836 5180 Reatina,
1864 5122 1932 5173 13
1958 5121 2060 5172 iul.
2090 5121 2238 5180 1725,
2268 5119 2345 5170 ad
2372 5119 2420 5180 2:
2449 5119 2506 5171 S.
2543 5120 2608 5170 G.
2637 5119 2711 5170 de
2746 5120 2917 5180 Prop.
2949 5118 3114 5179 Fide,
3148 5119 3267 5170 litt.
3309 5118 3415 5177 (ad

410 5213 684 5266 Ooadiut.
720 5212 1015 5272 Superior.
1053 5211 1317 5263 mission.
1361 5212 1424 5262 in
1452 5224 1557 5262 ora
1598 5209 2031 5270 Coromandei),
2064 5210 2098 5261 ὕ
2131 5210 2234 5260 iul.
2270 5207 2417 5260 1788.

593 5305 618 5339 ⁸
651 5302 709 5353 S.
746 5302 811 5353 O.
855 5303 912 5354 S.
947 5301 1086 5360 Off..
1117 5301 1183 5351 12
1213 5301 1330 5351 ian.
1364 5301 1513 5361 1769,
1544 5312 1602 5352 n.
1636 5301 1719 5361 11,
1757 5299 1807 5352 5.

590 5395 615 5430 ⁷
648 5391 712 5441 O.
766 5391 815 5449 7,
849 5392 913 5452 X,
959 5392 1030 5439 de
1072 5401 1159 5448 co,
1202 5391 1303 5448 qui
1342 5391 1513 5442 duxit
1556 5390 1615 5439 in
1660 5388 2124 5447 matrimonium,
2177 5400 2353 5447 quam
2393 5387 2606 5446 polluit
2647 5398 2753 5446 per
2791 5386 3171 5445 adulterium,
3214 5387 3316 5446 IV,
3362 5386 3415 5446 7;

413 5479 471 5529 S.
510 5480 574 5530 O.
613 5478 671 5530 Β.
714 5478 853 5538 011..
888 5480 954 5529 12
986 5480 1104 5529 ian.
1138 5478 1287 5540 1769,
1321 5491 1379 5529 n.
1417 5479 1501 5540 11,
1532 5478 1581 5531 5.
