3753 5871
1206 338 1379 389 Liber
1410 336 1714 389 Secundus
1757 365 1774 376 ·
1808 338 1897 388 De
1929 338 2203 388 Perconi:
3120 339 3193 396 65

1492 564 1668 630 CAN.
1713 564 1866 631 247.
1954 566 1957 569 ’

384 687 419 769 ξ
466 688 533 752 1.
583 686 1077 772 congregatio
1121 686 1198 754 S.
1246 685 1509 768 Officii,
1551 687 1674 754 cui
1717 688 1874 772 ipse
1922 687 2267 755 Summus
2318 687 2666 755 Pontifex
2707 692 3024 772 praeest,
3078 694 3188 755 tu·

207 798 418 860 tatur
454 793 871 862 doctrinam
904 793 1075 861 fidei
1107 800 1182 862 et
1212 812 1497 860 morum
1541 794 1591 860 ¹.

383 901 417 985 ξ
464 902 531 968 2.
582 903 877 970 Iudicat
906 904 999 971 de
1028 904 1124 970 iis
1152 904 1445 970 delictis
1478 921 1664 988 quae
1696 904 1992 970 sibimet
2029 902 2428 969 secundum
2461 903 2840 988 propriam
2872 903 3194 970 eiusdem

206 1010 438 1095 legem
485 1014 981 1091 reservantur,
1018 1029 1185 1077 cum
1229 1015 1598 1094 potestate
1633 1012 1767 1078 has
1799 1011 2225 1078 criminales
2262 1028 2527 1077 causas
2561 1011 2859 1078 videndi
2896 1030 3042 1078 non
3088 1029 3194 1078 so-

205 1117 361 1184 lum
394 1119 473 1184 in
502 1119 737 1200 gradu
776 1119 1303 1203 appellationis
1334 1137 1380 1185 a
1411 1118 1774 1186 tribunali
1804 1119 2188 1186 ordinarii
2220 1119 2388 1200 loci,
2424 1118 2550 1186 sed
2590 1119 2815 1186 etia-m
2846 1119 2923 1185 in
2956 1119 3197 1204 prima

206 1225 597 1308 instantia,
632 1227 697 1292 si
724 1226 1003 1294 directe
1029 1227 1125 1294 ad
1162 1226 1397 1310 ipsam
1426 1227 1719 1294 delatae
1753 1226 2039 1293 fuerint
2080 1224 2133 1292 ².

384 1331 418 1415 ξ
463 1331 532 1399 3.
583 1332 759 1417 Ipsa
797 1333 955 1399 sola
987 1335 1364 1418 cognoscit
1408 1352 1495 1401 ea
1539 1351 1751 1418 quae,
1789 1334 1943 1400 sive
1985 1324 2264 1400 directe
2302 1334 2453 1400 sive
2499 1333 2882 1416 indirecte,
2921 1332 2999 1399 in
3037 1332 3199 1399 iure

207 1441 452 1508 autin
488 1440 715 1521 facto,
746 1441 947 1507 circa
978 1441 1474 1525 privilegium,
1508 1442 1622 1509 uti
1651 1443 1893 1523 aiunt,
1936 1441 2334 1507 Paulinum
2375 1446 2449 1508 et
2489 1440 2945 1508 matrimonii
2975 1440 3194 1524 impe·

202 1547 538 1614 dimenta
558 1548 1030 1631 disparitatis
1054 1550 1306 1616 cultus
1327 1554 1403 1618 et
1424 1549 1698 1620 mixtae
1723 1549 2104 1633 religionis
2130 1554 2478 1616 versantu
2488 1568 2545 1626 r;
2576 1550 2896 1633 itemque
2917 1550 3013 1615 ad
3040 1565 3198 1615 eam

199 1659 492 1739 spectat
511 1654 838 1722 facultas
856 1655 1337 1741 dispensandi
1358 1657 1438 1722 in
1461 1657 1659 1725 hisce
1687 1657 2256 1742 impedimentis.
2283 1656 2530 1736 Quare
2559 1656 2927 1741 quaelibet
2954 1655 3198 1721 huius·

208 1763 410 1830 modi
443 1765 779 1848 quaestio
801 1765 896 1832 ad
924 1765 1114 1832 hanc
1141 1765 1800 1850 Congregationem
1830 1769 1947 1834 est
1972 1765 2394 1847 deferenda,
2428 1782 2613 1849 quae
2647 1771 2893 1832 tamen
2928 1769 3197 1848 potest,

208 1871 275 1937 si
311 1872 424 1938 ita
463 1876 762 1939 censeat
795 1876 870 1940 et
904 1891 1122 1940 casus
1155 1875 1379 1948 ferat.
1421 1874 1920 1957 quaestionem
1969 1873 2344 1941 remittere
2389 1873 2478 1939 ad
2523 1872 2748 1938 aliam
2789 1872 3198 1956 Oongrega·

207 1977 487 2045 tionem
515 1978 630 2046 vel
658 1980 752 2047 ad
783 1979 1143 2047 Tribunal
1174 1981 1444 2048 Sacrae
1483 1981 1855 2048 Romanae
1887 1979 2123 2048 Rotae
2154 1979 2207 2047 ³.

390 2084 424 2168 ξ
448 2088 516 2152 4.
548 2087 666 2154 Ad
692 2089 995 2155 eandem
1022 2090 1347 2172 pertinet
1378 2109 1518 2154 non
1556 2090 1790 2155 solum
1825 2089 2115 2156 delatos
2141 2089 2282 2155 sibi
2316 2088 2545 2155 libros
2569 2088 2965 2173 diligenter
2991 2103 3199 2152 excu-

208 2196 393 2274 tere,
424 2212 574 2276 eos,
617 2196 683 2261 si
720 2197 1162 2279 oportuerit,
1198 2197 1607 2279 prohibere,
1641 2202 1716 2263 ct
1746 2196 2339 2279 dispensationes
2368 2195 2784 2278 concedere;
2817 2193 2943 2261 sed
2979 2193 3203 2260 etiam

205 2319 298 2367 ex
338 2299 574 2368 officio
611 2301 1010 2387 inquirere,
1048 2322 1191 2388 qua
1226 2304 1756 2387 opportuniore
1787 2304 2039 2371 licebit
2069 2303 2217 2382 via,
2257 2321 2442 2387 quae
2476 2301 2553 2370 in
2587 2302 2855 2386 vulgus
2885 2301 3205 2369 edantur

207 2408 498 2492 scripta
530 2409 932 2479 cuiuslibet
965 2411 1255 2496 generis
1290 2411 1737 2491 damnanda,
1788 2415 1863 2479 et
1909 2411 1988 2477 in
2027 2410 2452 2477 memoriam
2493 2408 3058 2476 Ordinariorum
3099 2427 3201 2475 re·

207 2514 506 2597 ducere,
564 2534 782 2601 quam
838 2517 1177 2602 religiose
1227 2523 1623 2586 teneantur
1671 2520 1751 2585 in
1805 2519 2224 2603 perniciosa
2274 2518 2560 2600 scripta
2619 2516 3205 2584 animadvertere

208 2639 446 2706 eaque
492 2623 811 2692 Sanctae
847 2625 1019 2692 Sedi
1056 2626 1523 2707 denuntiare.
1563 2627 1657 2693 ad
1705 2644 2038 2693 normam
2082 2643 2255 2692 can.
2290 2625 2460 2692 1397
2498 2623 2551 2691 ⁴.

393 2729 428 2811 ξ
475 2730 541 2795 5.
592 2731 770 2814 Ipsa
815 2750 965 2798 una
996 2737 1418 2817 competens
1452 2739 1564 2800 est
1598 2734 1800 2800 circa.
1834 2751 1921 2800 ea
1968 2733 2215 2800 omnia
2250 2750 2438 2816 quae
2482 2731 2837 2798 ieiunium
2878 2728 3172 2796 euchari
3186 2765 3201 2776 ·

208 2836 482 2904 sticum
510 2856 652 2921 pro
682 2840 1190 2908 sacerdotibus
1224 2841 1528 2908 Missam
1557 2842 2104 2909 celebrantibus
2145 2839 2576 2924 respiciunt.

1514 3009 1691 3077 CAN.
1727 3010 1883 3076 248.

392 3134 428 3216 ξ
477 3138 542 3200 1.
591 3135 1208 3221 congregationis
1232 3134 1794 3203 consistorialis
1821 3135 2257 3202 Praefectus
2284 3138 2400 3202 est
2423 3134 2582 3219 ipse
2615 3133 2993 3200 Romanus
3022 3132 3206 3198 Pon-

213 3242 429 3309 tifex.
465 3242 774 3310 Praeter
805 3244 996 3310 alios
1020 3244 1116 3311 ad
1145 3244 1448 3311 eandem
1479 3244 1858 3328 pertinent
1887 3262 1973 3310 ex
2012 3242 2245 3310 officio
2273 3241 2711 3309 cardinales
2750 3240 3211 3308 Secreta-rius

215 3349 297 3416 S.
359 3348 627 3431 Officii,
681 3350 1116 3418 Praefectus
1165 3352 1779 3435 Congregationis
1825 3352 1917 3419 de
1971 3350 2407 3419 seminariis
2455 3355 2531 3417 et
2581 3348 3211 3418 Universitatibus

211 3457 636 3524 studiorum
668 3462 745 3525 et
774 3457 1238 3525 Secretarius
1277 3460 1562 3527 Status.
1607 3460 1817 3526 Inter
1846 3459 2329 3526 Consultores
2356 3457 2679 3524 eiusdem
2714 3474 2999 3540 semper
3037 3460 3213 3522 sunt

212 3566 569 3631 Assessor
602 3565 679 3633 S.
717 3565 981 3649 Officii,
1023 3566 1484 3633 Secretarius
1518 3566 2135 3652 congregationis
2172 3584 2310 3650 pro
2347 3565 2663 3650 negotiis
2695 3563 3213 3633 ecclesiasticis

212 3671 837 3739 extraordinariis
885 3678 960 3740 et
1011 3673 1472 3740 secretarius
1513 3672 2128 3757 congregationis
2165 3673 2255 3740 de
2300 3672 2735 3740 seminariis
2783 3677 2858 3740 et
2909 3671 3211 3741 Univer-

212 3775 575 3844 sitatibus
612 3777 1029 3845 studiorum
1067 3779 1119 3846 ⁵.

401 3885 436 3967 ξ
480 3884 550 3950 2.
600 3884 718 3952 Ad
762 3886 952 3954 hanc
993 3886 1652 3971 congregationem
1707 3860 1998 3970 spectat
2040 3904 2188 3953 non
2239 3887 2457 3954 modo
2498 3904 2765 3970 parare
2806 3884 3092 3970 agenda
3133 3884 3211 3951 in

213 3990 732 4074 Consistoriis,
777 3993 905 4060 sed
950 3998 1360 4077 praeterea,
1419 3994 1498 4059 in
1556 3994 1737 4061 locis
1784 3993 2361 4078 Congregationi
2403 3993 2494 4061 de
2539 3993 2765 4078 Prop.
2825 3993 3011 4060 Fide
3067 4011 3215 4059 non

215 4097 583 4181 obnoxiis,
623 4118 850 4166 novas
883 4101 1252 4168 dioeceses
1283 4119 1372 4167 ac
1406 4101 1828 4185 provincias
1863 4104 1943 4169 et
1976 4101 2310 4185 capitula
2347 4106 2505 4168 tum
2551 4100 3013 4169 cathedralia
3056 4103 3213 4167 tum

392 4326 415 4360 ¹
453 4326 599 4376 Pius
622 4326 688 4385 X,
713 4329 900 4377 const.
937 4341 968 4375 ι
996 4325 1267 4385 saplenti
1294 4326 1538 4376 consilio
1564 4340 1614 4388 ι,
1651 4326 1717 4379 29
1746 4328 1867 4378 lun.
1902 4327 2049 4388 1908,
2084 4328 2110 4388 3
2142 4327 2192 4388 1,
2223 4341 2281 4378 n.
2319 4329 2396 4389 10,
2425 4329 2476 4388 1,
2510 4341 2567 4379 ιι.
2599 4329 2676 4390 70,
2707 4328 2756 4390 2;
2790 4328 2949 4382 Ordo
2979 4339 3215 4381 servan-

218 4414 336 4465 dus
363 4415 427 4465 ln
454 4414 513 4467 S.
549 4413 1134 4476 congregationibus,
1164 4415 1606 4474 Tribunallbus,
1635 4415 1854 4468 Officiis
1890 4415 2190 4467 Romanae
2225 4416 2460 4477 Curiae,
2491 4418 2556 4469 29
2591 4420 2739 4478 sept.
2773 4416 2918 4475 1908,
2950 4417 3100 4468 Pars
3130 4416 3213 4475 11,

221 4503 479 4554 Not-mae
508 4503 855 4562 peculiares,
884 4514 1015 4563 cap.
1052 4502 1189 4563 vn,
1220 4505 1336 4555 art.
1370 4502 1420 4562 Ι,
1453 4515 1511 4554 ιι.
1542 4503 1618 4555 00.

385 4591 413 4628 ²
454 4591 599 4643 Plus
628 4592 696 4652 x,
732 4595 918 4644 const.
963 4607 996 4642 ι
1027 4591 1301 4652 &avicum
1332 4592 1576 4644 comato
1617 4606 1668 4653 ι,
1711 4594 1776 4644 29
1810 4594 1932 4644 lun.
1977 4593 2123 4654 1908,
2164 4594 2192 4653 3
2228 4594 2278 4655 1,
2315 4607 2372 4645 n.
2405 4596 2481 4655 10,
2515 4594 2563 4656 Q
2597 4593 2754 4646 Ordo
2789 4593 3116 4645 servandus
3150 4595 3213 4644 ln

221 4682 283 4731 8.
320 4681 907 4741 contentionibus.
942 4682 1384 4742 Tribunallbus,
1423 4681 1641 4734 Officiis
1674 4681 1976 4733 Romanae
2009 4682 2244 4743 Curiae,
2282 4683 2347 4735 29
2380 4686 2527 4743 sept.
2566 4682 2714 4744 1908,
2762 4683 2910 4734 Pars
2944 4682 3028 4743 11,
3075 4682 3216 4733 Nor-

221 4780 356 4821 mae
399 4769 745 4846 peculiares,
779 4781 908 4830 cap.
946 4769 1081 4830 vu,
1126 4772 1242 4821 art.
1284 4770 1334 4830 1,
1369 4782 1426 4820 n.
1472 4771 1546 4822 00.

394 4861 420 4896 ³
456 4860 598 4910 Pius
623 4859 690 4918 X.
715 4863 901 4910 const.
930 4875 964 4910 ‹
993 4859 1264 4920 Sapienti
1290 4860 1533 4911 oonsilio
1561 4875 1609 4919 ιι,
1636 4860 1702 4913 29
1731 4861 1852 4911 lun.
1887 4859 2034 4913 1908.
2074 4859 2100 4919 5
2128 4860 2179 4920 1,
2214 4872 2272 4910 n.
2305 4861 2381 4919 10,
2412 4860 2462 4921 5;
2490 4859 2548 4911 S.
2581 4858 2645 4911 C.
2679 4858 2956 4919 Constat..
2989 4858 3056 4909 12
3082 4872 3212 4911 nov.

219 4948 371 5007 lm.
419 4948 499 4999 ad
533 4948 636 5008 VI:
667 4947 733 4998 21
781 4948 898 4999 lan.
938 4949 1087 5011 19103
1123 4947 1281 5001 Ordo
1326 4948 1654 5000 servandus
1689 4949 1752 4999 ln
1800 4947 1859 5000 S.
1894 4948 2476 5009 congregationibus,
2518 4948 2959 5006 Trlbunallbus‚
2999 4946 3217 5000 Officiis

221 5036 529 5088 nomme
554 5036 793 5097 Curiae,
824 5037 893 5089 29
923 5041 1071 5097 sept.
1106 5037 1256 5098 1908,
1299 5038 1449 5089 Pars
1479 5037 1562 5099 11,
1597 5037 1851 5089 Normae
1887 5037 2232 5098 pecullares,
2266 5048 2394 5097 cap.
2432 5037 2568 5096 vn,
2610 5039 2727 5087 art.
2768 5036 2816 5097 Ι,
2853 5049 2909 5087 ιι.
2945 5036 3021 5087 00.

387 5130 416 5163 ⁴
455 5124 811 5177 Benedictus
842 5126 996 5185 xlv,
1024 5129 1211 5177 must.
1246 5140 1277 5177 ι
1313 5125 1584 5176 Sollicita
1614 5138 1686 5176 ac
1712 5126 1959 5186 provida
1996 5139 2046 5184 ι,
2076 5127 2110 5178 9
2149 5127 2249 5177 lul.
2283 5126 2428 5186 1753:
2458 5126 2575 5177 Leo
2603 5125 2768 5185 XIII,
2801 5127 2987 5178 const.
3020 5140 3052 5175 α
3086 5124 3216 5185 Offi-

214 5216 449 5264 dmm
476 5226 551 5263 oc
574 5225 881 5263 munerum
909 5230 957 5274 n,
987 5216 1050 5265 25
1077 5216 1195 5266 lan.
1228 5215 1377 5275 1897,
1405 5227 1464 5266 ιι.
1498 5215 1578 5276 24;
1605 5216 1749 5266 Plus
1775 5217 1840 5275 X,
1876 5217 2061 5266 const.
2093 5230 2122 5264 α
2158 5214 2428 5275 Sapienti
2454 5213 2698 5264 consino
2727 5227 2776 5273 ι,
2815 5213 2880 5265 29
2911 5215 3031 5264 lun.
3064 5213 3214 5275 1908,

214 5304 250 5364 i
284 5303 336 5363 1.
373 5315 437 5353 ιι.
471 5303 551 5364 Ῥ,
588 5305 644 5362 1,
673 5304 723 5364 2·,
754 5303 1109 5355 Benedictus
1141 5304 1259 5363 ΧΨ,
1292 5305 1532 5356 allocut.
1575 5321 1607 5353 «t
1641 5303 2083 5363 Amplecsimum
2127 5301 2447 5362 collectum
2482 5318 2532 5362 n,
2567 5303 2632 5352 22
2664 5305 2839 5354 mart.
2873 5302 3020 5365 1917;
3053 5305 3216 5354 motu

213 5402 418 5453 propr.
452 5408 483 5442 ι
513 5391 894 5449 Αῑῑοσιιεπιεε
926 5407 975 5450 ι,
1010 5392 1074 5443 ὅ
1102 5395 1278 5443 mart.
1311 5392 1460 5451 191ῗ,
1491 5405 1548 5443 ιι.
1588 5393 1755 5444 1·111.

386 5483 418 5516 ⁸
453 5483 598 5532 Plus
633 5482 700 5540 Χ,
732 5484 919 5533 const.
960 5495 991 5532 ι
1021 5479 1289 5542 sapienti
1319 5481 1562 5532 oonsilio
1594 5496 1641 5542 n,
1681 5482 1746 5534 29
1777 5482 1899 5533 lun.
1931 5481 2078 5542 1908,
2122 5480 2149 5542 S
2184 5482 2233 5542 1,
2263 5493 2322 5531 n.
2357 5480 2433 5540 20.
2463 5481 2567 5533 5-7.

350 5623 548 5671 codes
583 5621 615 5672 1
618 5623 743 5672 nm
780 5622 1078 5673 canonici.
3057 5620 3086 5664 ὅ
