3753 5871
1112 358 1288 411 Liber
1327 357 1560 409 Primus
1671 355 1921 407 Normae
1973 350 2288 403 Generum
3163 344 3195 401 7

1528 583 1704 649 CAN.
1745 581 1855 648 33.

391 730 427 813 ξ
472 731 540 796 1.
592 731 683 798 In
724 728 1221 814 supputandis
1258 724 1461 794 horis
1505 726 1654 793 diei
1695 724 2040 792 standum
2088 725 2203 789 est
2239 718 2610 788 communi
2657 716 2798 783 loci
2839 713 3028 795 usui;
3068 710 3192 778 sed

208 841 291 908 in
333 840 630 926 privata
664 840 937 908 Missae
969 837 1485 917 celebratione,
1525 837 1602 903 in
1649 836 1945 919 privata
1982 834 2331 900 horarum
2366 828 2888 897 canonicarum
2936 823 3191 891 recita-

209 952 438 1034 tione,
472 952 553 1019 in
585 969 800 1017 sacra
830 949 1338 1018 communione
1372 945 1793 1031 recipienda
1828 947 1903 1012 et
1945 944 2025 1010 in
2061 941 2321 1010 ieiunii
2364 940 2478 1008 vel
2511 936 3004 1006 abstinentiae
3039 935 3196 1019 lege

206 1063 595 1146 servanda,
634 1062 807 1130 licet
836 1062 987 1128 alia
1015 1061 1117 1129 sit
1144 1059 1429 1126 usualis
1457 1058 1600 1125 loci
1632 1055 2093 1141 supputatio,
2135 1056 2380 1138 potest
2409 1051 2574 1135 quis
2605 1048 2810 1132 sequi
2843 1046 2984 1114 loci
3016 1050 3188 1113 tem·

208 1158 352 1259 pus
394 1177 532 1242 aut
570 1174 804 1242 locale
856 1173 1009 1239 sive
1059 1189 1313 1239 verum
1360 1171 1512 1237 sive
1556 1168 1903 1250 medium,
1959 1169 2095 1234 aut
2137 1164 2374 1249 legale
2420 1164 2573 1230 sive
2620 1161 2988 1247 regionale
3035 1159 3189 1227 sive

203 1285 417 1354 aliud
455 1284 1131 1354 extraordinarium
1173 1282 1224 1349 ¹.

389 1398 422 1481 ξ
466 1398 534 1464 2.
571 1397 784 1477 Quod
817 1397 1092 1465 attinet
1124 1395 1221 1462 ad
1266 1399 1557 1477 tempus
1594 1391 1906 1476 urgendi
1937 1394 2454 1458 contractuum
2498 1384 3008 1470 obligationes,
3050 1400 3192 1449 ser·

206 1514 452 1592 vetur,
490 1508 637 1575 nisi
667 1506 891 1574 aliter
917 1524 1266 1589 expressa
1294 1504 1637 1589 pactione
1665 1507 2105 1571 conventum
2135 1501 2392 1581 fuerit,
2431 1496 2969 1582 praescriptum
3008 1491 3197 1559 iuris

204 1618 453 1686 civilis
484 1619 562 1685 in
596 1616 980 1684 territorio
1018 1616 1361 1701 vigentis.

1519 1812 1696 1879 CAN.
1738 1811 1849 1880 34.

393 1972 427 2054 ξ
463 1975 530 2039 1.
570 1973 654 2040 Si
693 1973 966 2040 mensis
999 1976 1076 2039 et
1108 1989 1349 2038 annus
1381 1971 1863 2056 designentur
1906 1969 2208 2054 proprio
2253 1968 2545 2034 nomine
2582 1966 2695 2033 vel
2740 1963 3196 2050 aequivalen-

204 2090 349 2166 ter,
381 2103 494 2151 ex.
527 2103 671 2168 gr„
709 2102 954 2151 mense
987 2082 1396 2167 februario,
1425 2099 1621 2148 anno
1653 2081 1985 2166 prosime
2017 2082 2278 2164 futuro
2283 2128 2307 2161 ,
2340 2081 2732 2146 sumantur
2764 2080 2989 2161 prout
3019 2075 3198 2142 sunt

205 2194 287 2260 in
316 2192 767 2261 calendario.

391 2307 426 2390 ξ
457 2308 525 2374 2.
568 2308 650 2375 Si
679 2307 1042 2374 terminus
1070 2326 1118 2373 a
1146 2323 1290 2390 quo
1321 2325 1452 2375 nec
1483 2306 1830 2391 explicite
1869 2324 2001 2374 nec
2038 2306 2397 2390 implicite
2427 2306 2872 2390 assignetur,
2908 2324 3019 2372 ex,
3053 2322 3195 2389 gr„

206 2420 597 2505 suspensio
624 2438 670 2486 a
698 2418 970 2487 Missae
998 2419 1487 2485 celebratione
1522 2437 1655 2504 per
1682 2437 2000 2484 mensem
2034 2422 2167 2485 aut
2197 2420 2381 2484 duos
2410 2435 2642 2483 annos
2647 2466 2672 2500 ,
2711 2422 2860 2483 tres
2889 2417 2968 2481 in
3006 2434 3200 2482 anno

202 2530 678 2597 vacationum
710 2548 1022 2612 menses,
1060 2534 1198 2598 etc.
1210 2579 1229 2612 ,
1264 2536 1555 2613 tempus
1587 2533 2039 2613 supputetur
2067 2529 2158 2595 de
2188 2532 2557 2595 momento
2590 2527 2686 2594 ad
2727 2532 3195 2611 momentum;

208 2647 287 2707 et
329 2641 395 2707 si
428 2645 721 2725 tempus
756 2641 857 2708 sit
889 2641 1351 2722 continuum,
1391 2644 1478 2708 ut
1513 2641 1591 2707 in
1636 2640 1871 2708 allato
1916 2640 2155 2723 primo
2195 2640 2551 2723 exemplo,
2591 2657 2873 2706 menses
2910 2644 2986 2706 et
3023 2638 3203 2715 anni

209 2754 606 2819 sumantur
655 2756 879 2835 prout
917 2755 1098 2818 sunt
1136 2752 1216 2818 in
1256 2751 1703 2834 calendari03
1745 2751 1810 2817 si
1849 2740 2381 2833 intermissum,
2429 2748 2882 2817 hebdomada
2932 2749 3200 2818 intelli·

209 2864 436 2947 gatur
472 2861 517 2928 7
542 2860 859 2945 dierum,
893 2862 1167 2930 mensis
1194 2861 1308 2945 30,
1344 2880 1586 2929 annus
1614 2861 1767 2929 365.

390 2977 425 3060 ξ
459 2977 528 3044 3.
568 2977 649 3044 Si
681 2981 974 3060 tempus
1011 2982 1302 3045 constet
1336 2995 1483 3045 uno
1512 2977 1628 3045 vel
1664 2978 2006 3062 pluribus
2047 2976 2419 3046 mensibus
2460 2982 2594 3044 aut
2626 2978 2870 3060 annis,
2911 2997 3060 3045 una
3089 2979 3205 3045 vel

209 3086 554 3171 pluribus
594 3087 1169 3154 hebdomadibus
1207 3092 1343 3154 aut
1389 3088 1689 3155 tandem
1729 3088 2071 3172 pluribus
2110 3088 2393 3171 diebus,
2436 3092 2510 3155 et
2562 3089 2924 3155 terminus
2973 3109 3016 3155 a
3062 3105 3205 3171 quo

208 3196 560 3280 explicite
594 3197 711 3264 vel
749 3198 1110 3282 implicite
1157 3199 1624 3283 assignetur:

474 3314 574 3378 1.⁶
612 3311 900 3380 Menses
928 3318 1004 3381 et
1034 3313 1217 3380 anni
1245 3317 1639 3380 sumantur
1678 3319 1904 3398 prout
1933 3316 2110 3383 sunt
2140 3314 2220 3380 in
2258 3313 2705 3396 calendario;

472 3425 571 3491 2.⁶
608 3426 690 3493 Si
723 3427 1086 3494 terminus
1127 3445 1171 3492 a
1209 3445 1352 3512 quo
1384 3428 1760 3495 coincidat
1793 3447 1960 3495 cum
1999 3428 2218 3494 initio
2261 3428 2435 3509 diei,
2473 3448 2586 3495 ex.
2626 3447 2768 3513 gr„
2816 3430 2961 3494 duo
3003 3439 3201 3493 vaca·

212 3537 500 3602 tionum
527 3554 809 3605 menses
834 3556 880 3604 a
911 3539 1030 3605 die
1054 3536 1143 3605 15
1172 3539 1502 3623 auyusti,
1529 3540 1815 3623 primus
1839 3539 1998 3605 dies
2030 3538 2126 3606 ad
2155 3539 2588 3622 explendam
2623 3540 3203 3608 numerationem

207 3651 683 3732 computetur
714 3653 789 3715 et
823 3653 1115 3733 tempus
1158 3647 1467 3716 finiatur
1499 3649 1902 3732 incipiente
1939 3648 2203 3716 ultimo
2239 3650 2359 3716 die
2397 3650 2720 3716 eiusdem
2769 3650 3077 3732 numeri;

473 3762 574 3830 3.⁰
609 3762 691 3830 Si
728 3763 1091 3830 terminus
1133 3782 1177 3829 a
1215 3782 1357 3847 quo
1403 3783 1550 3831 non
1583 3764 1961 3831 coincidat
1994 3781 2160 3830 cum
2207 3764 2424 3831 initio
2464 3764 2638 3846 diei,
2680 3783 2792 3832 eit.
2835 3783 2976 3849 gr„
3016 3765 3200 3830 deci·

207 3894 375 3941 mus
404 3878 720 3959 quartus
748 3875 1020 3942 aetatis
1050 3894 1320 3958 annus,
1354 3894 1595 3942 annus
1626 3874 2066 3959 novitiatus,
2095 3875 2475 3942 octiduum
2511 3895 2557 3943 a
2593 3876 2978 3942 vacatione
3008 3875 3202 3943 sedis

209 3984 683 4068 episcopalis,
712 3985 1143 4051 decendium
1180 3988 1276 4052 ad
1304 3986 1860 4069 appellandum,
1899 3991 2038 4054 etc.
2050 4036 2069 4069 ,
2104 3987 2389 4070 primus
2418 3988 2577 4055 dies
2611 4007 2700 4055 ne
2737 3992 3206 4072 computetur

209 4101 286 4164 et
327 4100 620 4181 tempus
659 4095 967 4163 finiatur
1003 4096 1298 4181 expleto
1332 4097 1598 4165 ultimo
1633 4097 1753 4164 die
1791 4097 2116 4164 eiusdem
2166 4098 2475 4181 numeri;

476 4212 576 4276 4.⁶
602 4210 815 4290 Quod
849 4212 914 4278 si
941 4212 1215 4279 mensis
1248 4211 1369 4280 die
1395 4213 1717 4280 eiusdem
1750 4213 2038 4280 numeri
2066 4217 2343 4296 careat,
2383 4233 2494 4281 ex.
2536 4233 2676 4299 gr„
2710 4233 2903 4283 unus
2933 4213 3204 4282 mensis

207 4340 257 4387 a
298 4321 418 4388 die
458 4319 547 4388 30
589 4321 944 4405 ianuarii,
989 4327 1166 4389 tunc
1210 4342 1345 4408 pro
1386 4324 1678 4391 diverso
1727 4342 1906 4390 casu
1959 4328 2250 4407 tempus
2296 4324 2605 4392 finiatur
2647 4326 3047 4411 incipiente
3087 4329 3200 4395 vel

206 4432 505 4516 expleto
542 4433 802 4500 ultimo
828 4433 947 4500 die
982 4434 1274 4517 mensis;

474 4552 573 4621 5.⁰
615 4552 697 4619 Si
736 4554 1007 4636 agatur
1048 4552 1141 4620 de
1183 4553 1474 4620 actibus
1517 4553 1838 4621 eiusdem
1883 4553 2173 4639 generis
2225 4555 2446 4621 sta-tis
2499 4556 2952 4638 temporibus
2999 4576 3196 4624 reno·

203 4665 499 4746 vandis,
534 4684 622 4732 ex
662 4684 803 4750 gr„
841 4664 1245 4730 triennium
1277 4669 1372 4732 ad
1405 4665 1937 4750 professionem
1969 4670 2401 4750 perpetu-am
2436 4672 2603 4749 post
2646 4668 3198 4752 temporariam,

206 4777 624 4843 triennium
673 4778 967 4845 aliudve
1018 4777 1369 4860 temporis
1428 4778 1753 4861 spatium
1812 4779 1907 4843 ad
1959 4778 2384 4844 electionem
2435 4780 2961 4863 renovandam,
3018 4786 3157 4849 etc.
3172 4831 3187 4864 ,

206 4895 503 4973 tempus
530 4887 792 4956 finitur
817 4889 1066 4956 eodem
1095 4894 1519 4956 recurrente
1548 4889 1670 4956 die
1697 4907 1843 4973 quo
1866 4888 2170 4972 incepit,
2199 4889 2322 4955 sed
2355 4908 2585 4957 novus
2613 4894 2825 4957 actus
2860 4911 2990 4975 per
3016 4892 3194 4961 inte·

205 5020 423 5087 grum
464 5001 773 5070 eundem
804 5001 998 5069 diem
1032 5003 1207 5086 poni
1248 5008 1492 5087 potest
1527 4999 1578 5064 ².

389 5268 411 5303 ¹
454 5267 511 5319 8.
546 5267 611 5318 C.
646 5266 733 5326 G„
775 5268 1096 5325 Treviren„
1135 5266 1201 5317 22
1238 5267 1340 5316 lul.
1382 5266 1527 5326 189&
1566 5265 1624 5318 S.
1661 5266 1730 5317 R.
1771 5267 1859 5327 0.,
1896 5266 2159 5318 Missalis
2200 5266 2467 5325 Romani,
2509 5268 2573 5319 18
2606 5273 2776 5328 sept„
2817 5271 2850 5319 2
2879 5283 3008 5321 nov.
3051 5271 3199 5324 1634:

214 5358 503 5417 modies„
548 5358 581 5408 7
623 5370 758 5418 aug.
796 5357 942 5416 1875,
988 5357 1065 5410 ad
1102 5359 1198 5418 1x;
1238 5358 1584 5408 Placentina
1626 5361 1691 5408 in
1726 5357 2040 5418 Hispania,
2085 5358 2150 5408 12
2185 5359 2328 5408 mail
2373 5359 2518 5417 1905:
2565 5361 2623 5411 S.
2676 5361 2921 5419 Poenlt..
2970 5362 3033 5413 18
3080 5364 3178 5412 iun

212 5450 363 5511 1873:
400 5451 466 5501 m
503 5462 637 5501 nov.
688 5448 836 5501 1882.

375 5543 400 5580 ²
450 5540 508 5593 Β.
555 5538 621 5590 C.
675 5540 749 5591 de
788 5539 1121 5602 Religiosls,
1171 5539 1325 5591 decr.
1378 5540 1411 5591 3
1459 5540 1600 5590 mall
1651 5540 1798 5598 1914,
1842 5553 1899 5590 n.
1952 5542 1999 5591 1.
