3753 5871
1052 268 1229 319 Liber
1276 268 1530 330 Quintus
1562 294 1582 305 -
1621 268 1708 319 Dc
1757 268 2007 319 Deliciis
2044 271 2103 320 et
2143 267 2356 320 Poenis
3084 264 3190 323 617

387 453 421 534 ἓ
465 451 533 519 2.
585 452 1001 521 Prohibitio
1046 453 1133 523 fit
1170 455 1291 523 vel
1341 454 1620 523 directe
1664 474 1795 540 per
1838 454 2318 523 interdictum
2366 453 2776 538 personale,
2821 470 2991 519 cum
3035 470 3189 536 per·

208 562 415 630 sonis
454 563 641 647 ipsis
683 582 860 630 usus
900 582 1152 631 eorum
1194 564 1550 635 bonorum
1592 563 2091 649 interdicitur3
2141 563 2259 631 vel
2307 561 2670 630 indirecte
2711 567 2843 645 per
2884 559 3186 627 interdi-

213 669 417 736 ctum
468 669 727 753 locale,
781 689 947 737 cum
1010 671 1238 739 certis
1291 671 1372 738 in
1432 671 1616 738 locis
1667 672 2063 740 eorundem
2126 669 2587 755 dispensatio
2637 669 2756 736 vel
2807 668 3186 752 perceptio

204 783 505 847 vetatur
543 776 593 846 ².

1476 888 1653 956 om.
1704 888 1900 955 2269.

382 1029 417 1111 ξ
465 1031 530 1096 1.
581 1029 940 1099 Generale
974 1030 1452 1099 interdictum
1488 1035 1643 1099 tam
1672 1031 1906 1099 locale
1934 1031 2015 1098 in
2046 1033 2507 1100 territorium
2536 1033 2916 1117 dioecesis,
2956 1034 3193 1119 reipu-

211 1137 470 1220 blicae,
524 1156 743 1222 quam
789 1140 1174 1222 personale
1212 1139 1294 1206 in
1334 1139 1687 1224 populum
1735 1139 2114 1224 dioecesis,
2158 1140 2632 1225 reipublicae,
2674 1142 2861 1210 ferri
2901 1148 3195 1212 tantum

213 1252 459 1332 potest
487 1265 533 1313 a
571 1246 758 1315 Sede
789 1247 1219 1331 Apostolica
1252 1248 1370 1315 vel
1407 1247 1497 1316 de
1532 1248 1691 1316 eius
1725 1248 2099 1332 mandatos
2134 1250 2617 1319 interdictum
2648 1269 2824 1319 vero
2857 1253 3196 1338 generale

214 1355 294 1421 in
331 1354 745 1439 paroeciam
779 1355 897 1421 vel
933 1354 1314 1438 paroeciae
1349 1355 1728 1439 populum,
1777 1360 1851 1423 et
1889 1357 2343 1440 particulare
2382 1359 2534 1427 sive
2571 1359 2803 1428 locale
2841 1362 2993 1428 sive
3040 1380 3193 1446 per·

214 1461 491 1544 sonale,
529 1461 754 1528 etiam
799 1461 1213 1546 Episcopus
1249 1462 1446 1529 ferre
1490 1466 1733 1547 potest
1766 1460 1821 1532 ¹.

390 1570 424 1653 ξ
468 1569 535 1636 2.
587 1570 1080 1639 Interdictum
1117 1571 1502 1654 personale
1534 1572 1872 1656 sequitur
1903 1578 2259 1657 personas
2292 1574 2584 1660 ubique3
2617 1576 2850 1645 locale
2891 1596 3037 1645 non
3079 1596 3194 1644 ur-

212 1685 337 1765 get
361 1684 572 1755 extra
597 1679 837 1746 locum
863 1678 1369 1761 interdictum,
1400 1679 1525 1747 sed
1551 1681 1630 1746 in
1658 1682 1819 1749 loco
1848 1681 2250 1750 interdicto
2274 1701 2524 1751 omnes
2550 1684 2774 1753 etiam
2799 1687 3033 1754 exteri
3064 1692 3198 1754 aut

215 1789 561 1872 exempti,
599 1788 897 1855 excluso
930 1788 1233 1872 speciali
1270 1790 1683 1875 privilegio,
1719 1790 1911 1858 illud
1948 1809 2241 1859 servare
2283 1791 2549 1867 debent
2582 1788 2634 1854 ³.

1491 1949 1668 2018 om.
1722 1949 1919 2016 2270.

397 2090 431 2172 ξ
478 2091 543 2155 1.
595 2089 1087 2165 Interdictum
1128 2090 1361 2157 locale
1391 2089 1545 2157 sive
1578 2090 1918 2172 generale
1951 2090 2104 2158 sive
2147 2090 2602 2175 particulare
2637 2110 2784 2159 non
2818 2094 3022 2160 vetat
3056 2109 3200 2158 mo·

223 2195 587 2264 rientibus
632 2196 1109 2265 Sacramenta
1151 2203 1227 2265 et
1270 2197 1881 2281 Sacramentalia,
1929 2198 2243 2265 servatis
2296 2200 2701 2282 servandis,
2749 2200 3202 2284 ministrare,

221 2306 350 2373 sed
386 2305 727 2389 prohibet
758 2307 838 2373 in
873 2307 1034 2374 loco
1070 2306 1444 2391 quodlibet
1476 2306 1811 2374 divinum
1853 2303 2168 2401 officium
2202 2307 2319 2374 vel
2352 2325 2644 2374 sacrum
2683 2306 2936 2390 ritum,
2977 2307 3205 2375 salvis

219 2414 774 2497 exceptionibus
802 2415 894 2482 de
925 2414 1190 2498 quibus
1221 2414 1299 2481 in
1334 2412 1367 2496 ξ
1407 2413 1451 2479 2
1481 2413 1701 2480 huius
1728 2416 2036 2482 canonis
2068 2419 2141 2482 et
2179 2417 2259 2482 in
2288 2434 2453 2483 can.
2486 2416 2683 2499 2271,
2716 2416 2889 2482 2272
2923 2415 2974 2480 ⁴.

402 2520 435 2602 ξ
480 2520 549 2586 2.
599 2521 691 2586 In
734 2521 854 2588 die
895 2521 1339 2589 Nativitatis
1381 2522 1707 2605 Domini,
1755 2522 2170 2606 Paschatis,
2217 2522 2712 2607 Pentecostes,
2761 2526 3212 2594 sanctissimi

223 2627 580 2712 Corporis
614 2627 898 2696 Christi
933 2634 1008 2697 et
1046 2629 1323 2697 Beatae
1369 2629 1653 2698 Mariae
1688 2630 2025 2715 Virginis
2066 2632 2144 2697 in
2191 2631 2474 2698 caelum
2516 2638 2940 2716 assumptae
2987 2634 3208 2703 inter·

223 2735 508 2802 dictum
558 2735 791 2803 locale
853 2737 1358 2821 suspenditur,
1413 2743 1488 2806 et
1538 2738 1974 2821 prohibetur
2035 2742 2330 2807 tantum
2381 2740 2687 2808 collatio
2736 2742 3079 2808 ordinum
3132 2745 3210 2810 et

223 2842 602 2909 sollemnis
640 2842 1070 2925 nuptiarum
1113 2843 1526 2912 benedictio
1554 2841 1607 2908 ⁸.

1495 3031 1673 3098 CAN.
1721 3031 1919 3098 2271.

401 3171 483 3239 Si
518 3172 998 3242 interdictum
1041 3173 1273 3240 fuerit
1308 3172 1542 3241 locale
1576 3173 1915 3256 generale
1950 3178 2027 3242 et
2068 3173 2453 3243 interdicti
2488 3173 2784 3242 decreto
2818 3172 3025 3240 aliud
3061 3190 3209 3239 non

228 3286 581 3349 caveatur
615 3300 998 3365 expresse:

489 3392 586 3456 1.⁰
631 3389 1107 3474 Permittitur
1134 3389 1450 3472 clericis,
1490 3389 1886 3458 dummodo
1915 3409 2061 3458 non
2095 3391 2249 3459 sint
2285 3391 2431 3476 ipsi
2468 3390 2959 3474 persona-liter
2978 3390 3210 3457 inter-

232 3495 442 3581 dicti,
478 3497 725 3564 omnia
765 3497 1019 3571 divina
1054 3496 1289 3565 officia
1323 3502 1399 3566 et
1432 3516 1681 3566 sacros
1716 3498 1910 3566 ritus
1953 3500 2028 3566 in
2068 3518 2502 3584 quacunque
2536 3499 2845 3568 ecclesia
2886 3503 3020 3567 a-ut
3055 3518 3211 3567 ora·

232 3607 428 3674 torio
461 3607 809 3691 privatim
849 3606 1074 3690 obire,
1111 3608 1360 3674 ianuis
1392 3608 1694 3690 clausis,
1727 3625 1902 3675 voce
1937 3609 2304 3676 submissa.
2343 3613 2420 3677 et
2450 3607 2833 3692 campanis
2870 3625 3017 3674 non
3053 3607 3210 3691 pul·

234 3716 443 3782 satis·

425 3765 445 3798 ’
490 3824 588 3889 2.⁰
633 3823 735 3889 In·
767 3823 1073 3892 ecclesia-
1107 3843 1282 3893 vero
1313 3824 1751 3908 cathedrali,
1787 3825 2117 3893 ecclesiis
2153 3823 2694 3909 paroecialibus
2729 3824 2844 3892 vel
2881 3825 2960 3893 in
2998 3824 3214 3904 eccle·

232 3931 347 3998 sia
397 3949 583 4015 quae
620 3932 836 3998 unica
884 3932 985 4000 sit
1018 3931 1097 3998 in
1134 3932 1431 4017 oppido,
1471 3933 1550 3999 in
1588 3933 1825 4017 iisque
1861 3933 2065 4015 solis,
2106 3934 2647 4017 permittuntur
2687 3935 2911 4001 unius
2951 3934 3222 4003 Missae

421 4161 443 4197 ¹
480 4161 546 4214 Ο.
585 4161 669 4221 16,
711 4162 793 4223 17,
833 4161 915 4222 24,
968 4162 1040 4212 dc
1077 4161 1373 4212 sententia
1421 4162 2060 4220 communicationis,
2100 4161 2502 4222 suspensionis
2545 4167 2605 4214 ei
2646 4161 2968 4222 interdicti,
3014 4164 3082 4223 V,
3135 4167 3217 4224 11,

236 4252 303 4301 in
336 4250 463 4301 V1⁶.

415 4346 440 4380 ²
481 4341 545 4394 C.
583 4341 632 4401 2,
666 4344 736 4393 de
776 4342 1072 4392 sententia
1101 4340 1739 4402 excommunicationis,
1784 4342 1849 4403 V,
1881 4343 1965 4403 10,
2000 4344 2060 4393 in
2095 4342 2414 4403 Extravag.
2450 4353 2594 4394 com.

416 4436 442 4473 ³
476 4431 540 4484 O.
561 4419 667 4491 24,
697 4432 764 4492 X,
799 4433 870 4483 de
902 4428 1229 4492 micaeniis
1261 4435 1322 4482 et
1353 4432 1686 4483 secessibus
1718 4431 2245 4493 priviieaiatcrum,
2281 4433 2350 4493 V,
2387 4432 2469 4495 a&
2503 4444 2553 4483 c.
2588 4433 2672 4493 17,
2703 4433 2770 4493 X,
2808 4435 2880 4483 de
2912 4433 3221 4483 verborum

237 4522 691 4583 sieniytcatione,
742 4523 811 4581 V,
852 4523 933 4584 403
981 4534 1032 4573 c.
1075 4523 1126 4583 4,
1157 4522 1207 4582 8,
1239 4523 1323 4582 11,
1370 4523 1441 4573 dc
1480 4522 1824 4583 priviieoiis,
1869 4524 1939 4584 V,
1969 4523 2021 4585 7,
2064 4522 2127 4575 in
2170 4522 2297 4585 V103
2337 4534 2390 4574 c.
2433 4522 2517 4582 16,
2560 4522 2770 4583 18,-24,
2816 4524 2887 4572 de
2928 4523 3224 4574 sententia

239 4593 880 4670 excommunicationis,
916 4611 1317 4671 suspensionis
1358 4598 1417 4663 e't
1450 4612 1770 4671 interdicti,
1806 4613 1875 4674 V,
1914 4613 1997 4673 11,
2035 4613 2098 4663 ln
2131 4612 2257 4674 V103
2291 4623 2342 4662 c.
2376 4614 2426 4673 1,
2466 4616 2537 4664 de
2572 4613 2867 4665 sententia
2904 4623 3225 4662 excommu-

237 4702 579 4761 nicationis,
611 4701 1010 4761 suspensionis
1044 4706 1103 4754 et
1136 4701 1455 4762 interdicti,
1495 4703 1564 4763 V,
1597 4704 1680 4763 10,
1713 4703 1775 4753 in
1813 4703 2015 4764 Clem.;
2046 4702 2219 4753 Cone.
2253 4703 2541 4764 'trident.,
2578 4715 2719 4754 sess.
2757 4704 2923 4763 XXV,
2960 4704 3029 4755 de
3061 4713 3226 4762 reau-

240 4793 491 4852 laribus,
519 4804 569 4843 c.
601 4793 683 4855 12;
711 4792 1065 4845 Benedictus
1088 4793 1239 4854 xlv,
1274 4796 1459 4845 const.
1491 4809 1522 4845 s
1550 4793 1640 4843 Ad
1668 4792 1986 4845 militantis
2016 4809 2066 4852 υ,
2096 4793 2161 4846 30
2187 4796 2363 4846 mart.
2395 4793 2543 4854 1742,
2585 4794 2612 4855 ξ
2640 4793 2690 4844 7.

419 4887 448 4923 ⁴
486 4883 553 4935 C.
590 4885 673 4943 11,
704 4884 769 4942 X,
809 4884 880 4933 de
911 4882 1283 4943 sponsalibus
1326 4887 1385 4935 et
1418 4883 1831 4942 matrimoniis,
1869 4883 1973 4944 1v,
2010 4886 2059 4946 1;
2094 4896 2144 4935 c.
2179 4885 2260 4945 11,
2293 4885 2471 4948 X„dc
2507 4882 2981 4944 poenitentiisct
3025 4882 3226 4933 remis·

241 4973 530 5031 sionibus,
567 4974 636 5034 V,
682 4974 765 5035 383
800 4986 849 5025 c.
887 4975 970 5035 43,
1000 4974 1084 5036 57,
1115 4976 1181 5034 X,
1220 4975 1292 5024 dc
1328 4973 1623 5025 sententia
1658 4973 2296 5033 excommunicationis,
2335 4973 2403 5034 V,
2450 4974 2533 5035 393
2569 4985 2620 5024 c.
2659 4973 2829 5033 17-19,
2866 4973 2949 5034 24,
2991 4975 3062 5023 de
3103 4983 3225 5023 sen-

244 5063 438 5112 tentia
469 5063 1104 5123 eoeccmmunicaticnis,
1145 5063 1545 5124 suspensionis
1577 5068 1637 5115 et
1671 5065 1992 5124 interdicti,
2027 5066 2095 5126 V,
2127 5066 2210 5126 11,
2254 5065 2316 5115 in
2349 5064 2474 5124 V103
2507 5063 2750 5115 Missale
2781 5064 2971 5123 Rom„
3010 5064 3103 5116 tlt.
3141 5062 3229 5113 De

245 5152 578 5212 defectibus
616 5154 680 5204 in
721 5154 1111 5205 celebratione
1150 5154 1466 5218 missarum
1516 5154 1975 5214 occurrentibus,
2015 5166 2065 5206 c.
2112 5154 2280 5215 VIII,
2325 5154 2395 5204 de
2447 5153 2774 5211 defectibus
2827 5151 3232 5213 dispositionis

242 5244 501 5300 animae,
534 5257 592 5295 n.
623 5245 674 5296 5.

431 5338 458 5373 δ
492 5335 557 5387 G.
599 5335 682 5397 24,
727 5337 798 5386 dc
835 5334 1131 5386 sententia
1169 5336 1806 5396 eoecommunicationis,
1847 5333 2248 5398 suspensionis
2297 5339 2356 5387 ct
2396 5333 2716 5394 interdicti,
2757 5334 2828 5394 V,
2868 5335 2953 5394 11,
2994 5334 3057 5384 in
3107 5333 3231 5393 V10;

246 5423 548 5477 Martinus
572 5425 642 5487 V,
672 5426 855 5477 const.
886 5441 917 5477 s
949 5424 1259 5486 lneffabiie
1287 5440 1338 5488 s,
1364 5426 1429 5478 26
1461 5423 1604 5478 maii
1630 5426 1777 5487 1429,
1809 5427 1836 5488 2
1865 5426 1917 5479 3.
