3753 5871
1329 262 1506 312 Liber
1535 263 1772 313 Tertius
1805 288 1824 299 ·
1864 262 1952 314 De
1990 264 2189 315 Rebus
2538 313 2545 319 .
2653 289 2666 304 ·
3169 266 3274 326 351

468 454 502 536 ξ
549 455 616 519 4.
668 453 750 521 Si
781 471 955 521 vero
982 452 1612 520 ecclesiafuneris
1647 472 1794 522 non
1827 454 1928 521 sit
1956 458 2296 538 exempta
2324 473 2370 522 a
2400 455 2913 524 iurisdictione
2943 458 3276 541 parochi,

284 562 685 631 celebratio
722 562 1261 646 exsequiarum,
1296 561 1504 629 salvo
1530 562 1892 645 peculiari
1923 562 2334 649 privilegio,
2379 565 2705 647 pertinet
2734 583 2881 632 non
2915 566 3012 633 ad
3047 577 3271 634 recto·

292 688 440 736 rem
484 671 832 738 ecclesiae
875 671 1323 749 funerantis‚
1373 670 1498 737 sed
1545 671 1638 738 ad
1698 671 2099 755 parochum
2155 672 2234 738 in
2277 672 2493 739 cuius
2541 673 2923 740 territorio
2967 673 3277 742 ecclesia

289 779 437 845 sita
470 782 608 862 est,
645 778 1040 846 dummodo
1073 778 1472 846 defunctus
1518 778 1838 863 parocho
1884 779 2258 847 subiectus
2293 780 2526 847 suerit
2562 779 2611 845 ².

467 885 500 967 ἓ
547 885 614 951 5.
662 884 1077 969 Religiosas
1123 890 1202 953 et
1260 885 1605 967 novitiae,
1667 886 1746 952 in
1800 886 2147 970 religiosa
2193 886 2411 953 domo
2458 887 2874 970 defunctae,
2927 887 3021 954 ad
3075 889 3271 955 clau·

290 1010 508 1059 surae
556 993 777 1059 limen
833 993 1179 1061 'deferant
1230 994 1423 1060 aliae
1485 994 1892 1079 religiosae;
1943 994 2281 1079 indeque,
2334 995 2411 1082 si,
2449 996 2540 1063 de
2591 995 2957 1080 religiosis
3006 1000 3284 1081 agatur

290 1099 788 1169 iurisdictioni
836 1102 1140 1185 parochi
1179 1120 1325 1169 non
1366 1103 1726 1185 obnoxiis,
1767 1104 1863 1171 ad
1913 1103 2291 1187 propriam
2331 1103 2718 1186 religiosae
2754 1104 3016 1172 domus
3057 1104 3274 1172 eccle·

290 1208 474 1275 siam
510 1209 624 1276 vel
664 1211 1069 1277 oratorium
1109 1210 1409 1278 deducit
1445 1213 1521 1279 et
1557 1211 1942 1296 exsequias
1990 1213 2280 1295 peragit
2316 1211 2821 1297 cappellanus;
2870 1213 2936 1278 si
2973 1212 3065 1280 de
3105 1212 3284 1279 aliis

292 1316 679 1401 religiosis,
718 1318 916 1386 valet
955 1319 1493 1402 praescriptum
1536 1319 1570 1401 ἓ
1620 1321 1681 1403 1;
1724 1319 1916 1403 quod
1964 1338 2139 1386 vero
2177 1320 2273 1387 ad
2315 1320 2710 1403 religiosas
2744 1321 3019 1389 attinet
3066 1327 3279 1388 extra

287 1423 581 1491 domum
615 1425 1033 1505 defunctas,
1074 1433 1462 1494 serventur
1491 1427 1867 1510 generalia
1895 1445 2259 1494 canonum
2294 1429 2755 1512 praescripta
2790 1426 2843 1494 ².

469 1531 503 1614 ἕ
541 1532 616 1599 ’6.
666 1516 1043 1602 Defuncto
1075 1535 1151 1601 S.
1188 1534 1278 1600 R.
1323 1534 1413 1600 Ε.
1450 1534 1837 1603 cardinali
1868 1540 2003 1603 aut
2032 1535 2403 1620 Episcopo
2441 1542 2655 1603 extra
2685 1536 2956 1605 Urbem
2989 1537 3068 1603 in
3103 1537 3278 1603 civi·

289 1642 445 1708 tate
475 1640 903 1725 episcopali,
940 1645 1275 1709 servetur
1307 1644 1845 1727 praescriptum
1882 1661 2047 1710 can.
2092 1642 2246 1726 397,
2294 1663 2367 1710 n.
2407 1644 2474 1712 3.

466 1749 499 1829 ξ
547 1748 613 1814 7.
666 1748 748 1817 si
793 1750 1110 1818 cadaver
1145 1752 1495 1819 mittatur
1531 1751 1627 1819 ad
1666 1753 1907 1819 locum
1958 1752 2085 1820 ubi
2125 1770 2257 1819 nec
2296 1752 2695 1820 defunctus
2733 1752 3109 1837 propriam
3152 1773 3277 1837 pa·

294 1857 605 1924 roeciam
646 1857 986 1940 habebat,
1035 1877 1167 1927 nec
1210 1860 1517 1927 ecclesia
1555 1860 1843 1927 funeris
1882 1860 2206 1943 legitime
2242 1861 2493 1928 fuerat
2529 1860 2788 1943 electa,
2828 1862 2947 1927 ius
2984 1860 3278 1928 levandi

291 1966 629 2048 cadaver,
677 1966 1074 2050 peragendi
1117 1968 1527 2050 exsequias,
1583 1968 1646 2034 si
1691 1969 2152 2052 peragendae
2194 1969 2372 2050 sint,
2416 1972 2494 2036 et
2544 1968 2858 2036 cadaver
2899 1969 2994 2036 ad
3041 1969 3274 2053 sepul-

291 2076 536 2139 turam
573 2073 1006 2162 deducendi,
1049 2075 1372 2158 pertinet
1409 2075 1504 2142 ad
1546 2075 1925 2143 ecclesiam
1973 2075 2469 2145 cathedralem
2519 2078 2842 2145 eiusdem
2885 2078 3050 2162 loci3
3092 2096 3283 2163 quae

294 2181 356 2247 si
386 2180 605 2262 desit,
646 2181 741 2249 ad
778 2181 1158 2249 ecclesiam
1191 2183 1573 2267 paroeciae
1604 2184 1682 2250 in
1720 2203 1863 2268 qua
1903 2185 2419 2252 coemeterium
2454 2186 2679 2253 situm
2715 2190 2852 2268 est,
2892 2187 3037 2253 nisi
3073 2187 3280 2255 aliud

291 2291 542 2359 serant
585 2292 727 2358 loci
763 2293 1218 2360 consuetudo
1254 2298 1388 2360 aut
1423 2293 1854 2361 dioecesana
1894 2299 2205 2362 statuta.

1563 2488 1741 2556 CAN.
1790 2488 1984 2555 1231.

469 2628 503 2710 ξ
550 2631 617 2695 1.
666 2629 1007 2713 Expletis
1042 2631 1119 2696 in
1152 2630 1463 2697 ecclesia
1496 2631 1888 2716 exsequiis,
1932 2632 2247 2699 cadaver
2278 2632 2796 2699 tumulandum
2833 2637 2947 2700 est
2981 2632 3078 2700 ad
3115 2652 3280 2700 nor-

292 2753 484 2803 mam
528 2737 885 2805 librorum
920 2738 1438 2822 liturgicorum
1482 2738 1560 2805 in
1594 2740 2031 2807 coemeterio
2064 2740 2411 2807 ecclesiae
2447 2740 2760 2823 funeris,
2809 2741 3037 2808 salvis
3073 2760 3280 2826 prae·

293 2844 594 2928 scriptis
622 2863 788 2912 can.
826 2846 1022 2928 1228,
1058 2846 1252 2915 1229.

469 2953 504 3036 ὅ
551 2953 617 3020 2.
667 2955 812 3034 Qui
845 2957 1229 3039 exsequias
1260 2956 1334 3022 in
1369 2956 1676 3024 ecclesia
1717 2958 2028 3042 peregit,
2065 2975 2209 3024 non
2252 2958 2490 3024 solum
2531 2959 2675 3041 ius,
2713 2959 2840 3026 sed
2875 2960 3099 3027 etiam
3134 2960 3277 3027 offl-

290 3062 488 3128 cium
536 3063 781 3146 habet,
841 3068 1146 3148 excepto
1189 3065 1399 3149 gravi
1448 3065 1912 3133 necessitatis
1957 3084 2162 3149 casu,
2212 3066 2620 3134 comitandi
2665 3086 2799 3152 per
2847 3087 2925 3136 se
2971 3069 3086 3136 vel
3147 3087 3280 3153 per

291 3168 522 3236 alium
566 3171 1015 3238 sacerdotem
1048 3172 1364 3240 cadaver
1406 3173 1501 3240 ad
1536 3165 1775 3240 locu'm
1812 3174 2239 3257 sepulturae
2268 3173 2323 3241 ⁸.

295 3471 361 3522 25
388 3472 536 3531 sept.
568 3470 716 3531 1649,
747 3470 825 3522 ad
853 3470 904 3531 83
932 3468 1168 3528 Boron..
1200 3472 1232 3521 1
1269 3470 1392 3521 dec.
1424 3470 1572 3529 1657,
1608 3470 1687 3521 ad
1724 3470 1774 3532 2;
1803 3468 2026 3521 Montis
2067 3469 2325 3530 Remus,
2355 3471 2422 3522 12
2453 3472 2556 3522 iul.
2591 3472 2739 3533 1664,
2776 3472 2854 3523 ad
2882 3474 2935 3532 5,
2967 3472 3016 3534 6;
3054 3471 3284 3531 Aquae-

295 3559 564 3618 peuaen„
590 3559 656 3611 10
681 3559 806 3610 dec.
837 3559 984 3620 1667;
1011 3557 1249 3610 Ordinis
1276 3557 1571 3609 Minor-um
1600 3558 2052 3611 observantium
2087 3559 2146 3610 8.
2178 3559 2501 3619 Franci-sci,
2537 3562 2602 3612 19
2632 3561 2756 3612 dec.
2787 3561 2934 3623 1671;
2969 3562 3285 3621 Βαυοηοπ.,

295 3649 362 3700 19
387 3647 509 3700 dec.
540 3648 689 3709 1671,
717 3648 796 3713 ad
822 3648 872 3710 4;
902 3647 1179 3707 vesiana,
1208 3649 1242 3700 3
1275 3651 1450 3700 mart.
1482 3648 1630 3709 167-1;
1661 3646 1970 3706 Lucerias,
2010 3650 2042 3698 4
2070 3660 2204 3709 aug.
2236 3647 2385 3710 1674,
2424 3648 2502 3700 ad
2530 3649 2581 3709 3;
2611 3648 3025 3709 Senooaiiien„
3057 3649 3122 3699 22
3154 3649 3277 3701 iun.

295 3736 442 3797 1675,
478 3736 558 3788 ad
590 3736 694 3798 3-5;
724 3736 1062 3794 Novar-ion„
1097 3735 1162 3788 20
1192 3748 1323 3788 nov.
1355 3735 1503 3797 1677,
1548 3736 1625 3788 ad
1664 3737 1709 3798 1:
1742 3734 2249 3786 Dieoalaeatorum
2291 3737 2395 3787 88.
2439 3735 2755 3789 Trinitatis
2800 3735 3287 3797 conmutationis

298 3823 658 3884 Gallicanae,
686 3826 720 3876 2
748 3828 894 3886 sept.
927 3826 1074 3886 1679;
1098 3823 1558 3885 Eunomianam
1586 3825 1654 3877 16
1679 3825 1801 3877 dec.
1834 3826 1981 3887 1679;
2013 3825 2251 3877 Ordinis
2290 3824 2744 3876 Gameliiarum
2778 3824 3283 3875 Disoaioeaiorum

298 3913 780 3974 conmucationis
818 3913 1056 3973 Italiae,
1089 3913 1153 3965 27
1193 3914 1311 3965 lan.
1343 3913 1490 3976 1680:
1519 3912 1873 3972 Messenen„
1907 3914 1972 3965 24
2004 3915 2154 3966 febr.
2191 3914 2339 3975 1680,
2375 3913 2453 3964 ad
2482 3915 2563 3974 11:
2600 3912 2866 3970 Sutrino,
2910 3914 2944 3965 6
2975 3926 3103 3974 apr.
3136 3914 3287 3975 1080;

297 4004 533 4062 moen„
557 4003 623 4055 15
644 4004 787 4055 mali
811 4004 961 4063 1694,
986 4003 1063 4055 ad
1089 4005 1139 4065 13
1164 4003 1540 4062 Avenionen„
1573 4002 1606 4055 3
1632 4003 1756 4055 dec.
1785 4003 1933 4065 17013
1961 3999 2263 4061 Ammon..
2288 4003 2356 4054 19
2381 4003 2486 4054 lul.
2518 4003 2666 4063 1710,
2693 4002 2773 4053 ad
2805 4003 2856 4063 6,
2888 4003 2938 4065 7;
2968 4002 3143 4055 Urbis
3177 4013 3281 4054 seu

297 4094 582 4152 Romam,-
615 4094 649 4145 9
683 4106 817 4156 aug.
849 4093 999 4153 1681,
1038 4094 1104 4145 18
1130 4106 1263 4156 aug.
1295 4093 1443 4154 1714;
1472 4091 1757 4151 Meliten„
1788 4092 1854 4143 27
1887 4093 2036 4144 tebr.
2069 4092 2217 4151 1723,
2254 4091 2333 4143 ad
2370 4092 2420 4154 5;
2451 4091 2794 4148 Alexam..
2827 4091 2892 4143 21
2923 4095 3099 4145 mart.
3132 4092 3285 4152 1739,

296 4182 374 4234 ad
400 4183 450 4245 2;
476 4183 721 4241 Asson..
750 4185 784 4233 2
809 4185 958 4243 sept.
990 4183 1137 4243 1741.
1169 4182 1247 4234 ad
1281 4181 1333 4243 8:
1363 4180 1674 4232 uesicam
1704 4184 1767 4232 in
1799 4181 1988 4232 [παίει
2021 4179 2515 4254 occidentalibus,
2546 4181 2581 4233 3
2609 4184 2757 4241 sept.
2798 4181 2946 4242 1746;
2977 4180 3282 4238 Firmano,

296 4272 329 4324 7
357 4273 503 4323 mail
528 4272 675 4333 1763,
701 4272 781 4324 ad
809 4274 860 4333 1,
892 4271 942 4333 2;
964 4270 1263 4330 sabinen„
1287 4271 1355 4323 12
1375 4284 1507 4323 nov.
1537 4271 1686 4332 1831,
1713 4271 1792 4323 ad
1825 4272 1874 4332 13
1902 4269 2266 4328 Neu-itonam,
2296 4270 2363 4320 12
2388 4272 2536 4330 sept.
2564 4270 2713 4331 1884,
2742 4269 2818 4321 ad
2847 4270 2895 4330 1;
2919 4270 3072 4321 decr.
3107 4281 3287 4329 super

296 4361 612 4424 exsequiis,
642 4361 708 4414 23
734 4372 862 4420 apr.
893 4360 1041 4419 1895,
1070 4372 1128 4424 n.
1163 4361 1214 4420 Ι,
1246 4360 1329 4420 11,
1363 4360 1465 4419 IV,
1497 4360 1565 4423 vg
1596 4359 1898 4418 Firmano,
1930 4359 1996 4411 18
2032 4358 2156 4411 dec.
2192 4359 2339 4430 1903.

478 4451 501 4486 ¹
541 4450 599 4502 S.
631 4450 695 4503 C.
731 4451 837 4511 Ep.
867 4453 931 4502 et
957 4449 1121 4511 Reg„
1154 4450 1436 4508 Laudem,
1472 4450 1538 4501 20
1562 4462 1695 4510 aug.
1727 4450 1873 4511 1601;
1902 4449 1960 4501 S.
1993 4449 2058 4501 C.
2090 4449 2179 4508 C..
2212 4446 2554 4505 nonomen„
2583 4447 2650 4497 12
2686 4447 2855 4506 febr„
2886 4447 2952 4497 10
2987 4446 3131 4505 lun..
3163 4444 3197 4497 8
3221 4448 3284 4497 et

299 4540 364 4593 28
391 4542 496 4593 lul.
529 4540 675 4600 1724,
706 4540 784 4592 ad
812 4542 863 4601 9:
891 4539 1241 4599 Faventino,
1272 4540 1339 4593 17
1369 4540 1472 4592 iul.
1513 4539 1661 4601 1773,
1697 4539 1774 4591 ad
1804 4540 1838 4591 5
1868 4542 1932 4591 et
1960 4540 2025 4590 14
2063 4541 2238 4589 mart.
2271 4537 2419 4597 1778,
2454 4537 2531 4588 ad
2561 4537 2611 4596 5:
2646 4536 2986 4595 viterbien„
3028 4535 3094 4587 26
3123 4549 3280 4597 aug..

299 4631 364 4683 16
387 4633 536 4691 sept.
560 4629 707 4690 1826,
739 4630 817 4682 ad
839 4631 890 4692 5;
916 4630 1248 4689 Tiburtina,
1279 4630 1344 4680 27
1366 4630 1508 4690 lan..
1536 4630 1602 4681 17
1624 4632 1800 4681 mart.
1831 4628 1980 4688 1827,
2013 4628 2091 4679 ad
2115 4626 2164 4687 2:
2189 4626 2564 4682 Fabi-iuneti„
2589 4626 2655 4676 30
2681 4626 2822 4685 ian„
2848 4624 2913 4675 20
2936 4628 3113 4677 mart.
3133 4624 3286 4685 1830,

300 4720 378 4772 ad
397 4720 449 4781 1,
481 4719 530 4781 2;
553 4719 611 4771 S.
645 4719 714 4769 R.
747 4720 836 4779 0.,
862 4719 1164 4779 capuana,
1188 4717 1254 4770 22
1275 4719 1397 4771 dec.
1423 4719 1569 4780 1629;
1600 4718 1907 4777 Caietano,
1935 4717 1999 4770 18
2023 4720 2170 4777 sept.
2203 4716 2350 4776 1670,
2380 4715 2457 4766 ad
2480 4718 2531 4776 13
2565 4715 2739 4767 Urbis
2765 4718 2823 4765 et
2852 4714 3045 4772 Orbis,
3076 4714 3142 4764 12
3165 4713 3285 4764 ian.

297 4809 444 4869 1704,
472 4808 549 4860 ad
573 4808 654 4870 20;
684 4807 992 4866 Perusina,
1017 4809 1052 4860 9
1076 4808 1179 4859 lul.
1214 4807 1362 4867 1718,
1390 4807 1467 4859 ad
1494 4808 1544 4869 4;
1569 4806 1973 4865 Perusino,'13
2005 4805 2148 4857 maii
2174 4805 2321 4865 1719,
2351 4804 2431 4856 ad
2453 4805 2503 4865 7;
2531 4804 2849 4862 Venusina,
2875 4802 2939 4854 27
2965 4814 3098 4863 aug.
3134 4801 3285 4862 1836:

303 4898 648 4953 vasonum,
680 4895 713 4948 7
744 4896 846 4948 lul.
880 4895 1028 4947 1877.

476 4989 505 5025 ²
544 4986 602 5038 S.
635 4986 700 5038 C.
734 4987 840 5046 Ep.
875 4988 938 5038 et
968 4986 1131 5047 neg..
1175 4985 1456 5044 modion„
1490 4970 1556 5037 12
1585 4985 1689 5036 iul.
1731 4986 1878 5045 1604:
1908 4983 2263 5042 Astur-icen„
2295 4983 2362 5035 13
2392 4983 2511 5034 lan.
2550 4981 2697 5042 1623;
2737 4980 3011 5038 Tranen„
3044 4979 3110 5031 30
3141 4978 3288 5028 mali

299 5076 447 5137 1850,
478 5075 545 5127 17
575 5078 720 5135 sept.
753 5075 900 5138 1858;
930 5074 1303 5134 Pium-ouon„
1335 5075 1400 5126 19
1431 5086 1557 5135 apr.
1593 5075 1738 5137 1907ς
1781 5074 1840 5126 S.
1871 5074 1938 5126 C.
1970 5074 2057 5134 C..
2097 5071 2492 5131 Syracusana,
2526 5070 2591 5121 24
2623 5070 2773 5122 febr.
2808 5068 2955 5130 1872;
2998 5062 3056 5118 S.
3092 5067 3161 5117 R.
3194 5065 3283 5126 C..

301 5163 660 5222 Aeser-nien„
690 5164 756 5216 m
784 5177 910 5225 apr.
943 5165 1091 5225 1641ς
1127 5163 1515 5221 camerinen„
1545 5164 1611 5215 16
1640 5167 1814 5215 mart.
1854 5163 2004 5215 1805.

478 5255 506 5291 ³
544 5252 603 5305 S.
637 5254 702 5306 C.
743 5255 847 5313 Ep.
879 5258 941 5307 et
970 5254 1132 5315 Reg„
1165 5253 1379 5303 Cavea.
1410 5257 1471 5305 ei
1498 5252 1767 5311 Samen„
1797 5253 1862 5304 17
1891 5256 2040 5313 sept.
2071 5250 2220 5312 1880,
2252 5249 2330 5302 ad
2358 5252 2408 5309 1,
2439 5249 2489 5310 8;
2528 5247 2586 5300 Β.
2619 5247 2685 5300 C.
2718 5247 2807 5307 0.,
2844 5244 3084 5296 Ordinis
3115 5242 3289 5293 Prae-

301 5344 649 5402 diosiomm‚
678 5344 744 5394 24
769 5345 886 5395 ian.
912 5344 1059 5404 1846,
1083 5343 1163 5395 ad
1185 5343 1289 5404 2-43
1318 5343 1711 5404 Surae-vamum,
1733 5341 1798 5392 24
1822 5343 1970 5393 febr.
2004 5340 2150 5403 187ae
2172 5339 2397 5398 Anien„
2419 5337 2486 5389 26
2509 5338 2626 5388 ian.
2652 5336 2799 5396 1907,
2824 5334 2903 5386 ad
2931 5336 2981 5395 13
3007 5335 3065 5387 S.
3093 5335 3162 5384 R.
3197 5332 3286 5391 O..

299 5430 660 5490 Nomionem,
697 5431 764 5482 12
804 5434 952 5493 sept.
988 5432 1137 5492 1884,
1173 5430 1251 5483 ad
1284 5431 1366 5483 11.
