<?xml version="1.0" encoding="UTF-8"?>
<!DOCTYPE html PUBLIC "-//W3C//DTD XHTML 1.0 Transitional//EN"
    "http://www.w3.org/TR/xhtml1/DTD/xhtml1-transitional.dtd">
<html xmlns="http://www.w3.org/1999/xhtml" xml:lang="en" lang="en">
 <head>
  <title>
</title>
<meta http-equiv="Content-Type" content="text/html;charset=utf-8" />
  <meta name='ocr-system' content='tesseract 3.04.00' />
  <meta name='ocr-capabilities' content='ocr_page ocr_carea ocr_par ocr_line ocrx_word'/>
</head>
<body>
  <div class='ocr_page' id='page_1' title='image "./codexiuriscanon00xgoog_0541.png"; bbox 0 0 3753 5871; ppageno 0'>
   <div class='ocr_carea' id='block_1_1' title="bbox 1165 278 3200 346">
    <p class='ocr_par' dir='ltr' id='par_1_1' title="bbox 1165 278 3200 346">
     <span class='ocr_line' id='line_1_1' title="bbox 1165 278 3200 346; baseline 0.001 -11"><span class='ocrx_word' id='word_1_1' title='bbox 1165 283 1343 335; x_wconf 69' lang='lat' dir='ltr'><strong>Liber</strong></span> <span class='ocrx_word' id='word_1_2' title='bbox 1386 284 1648 346; x_wconf 63' lang='lat' dir='ltr'><strong>Quartus</strong></span> <span class='ocrx_word' id='word_1_3' title='bbox 1683 310 1706 322; x_wconf 90' lang='lat'><strong>·</strong></span> <span class='ocrx_word' id='word_1_4' title='bbox 1738 283 1827 336; x_wconf 72' lang='lat' dir='ltr'><strong>Do</strong></span> <span class='ocrx_word' id='word_1_5' title='bbox 1864 283 2242 336; x_wconf 58' lang='lat' dir='ltr'><strong>Procerum</strong></span> <span class='ocrx_word' id='word_1_6' title='bbox 3087 278 3200 338; x_wconf 68' lang='grc'><strong>189</strong></span> 
     </span>
    </p>
   </div>
   <div class='ocr_carea' id='block_1_2' title="bbox 205 468 3191 664">
    <p class='ocr_par' dir='ltr' id='par_1_2' title="bbox 205 468 3191 664">
     <span class='ocr_line' id='line_1_2' title="bbox 382 468 3191 572; baseline 0 -34"><span class='ocrx_word' id='word_1_7' title='bbox 382 469 417 553; x_wconf 98' lang='lat'><strong>5</strong></span> <span class='ocrx_word' id='word_1_8' title='bbox 461 469 536 572; x_wconf 20' lang='lat'><strong>3..</strong></span> <span class='ocrx_word' id='word_1_9' title='bbox 579 469 818 538; x_wconf 81' lang='lat' dir='ltr'><strong>Debet</strong></span> <span class='ocrx_word' id='word_1_10' title='bbox 847 470 1154 554; x_wconf 89' lang='lat' dir='ltr'><strong>insuper</strong></span> <span class='ocrx_word' id='word_1_11' title='bbox 1184 468 1424 538; x_wconf 88' lang='lat' dir='ltr'><strong>actori</strong></span> <span class='ocrx_word' id='word_1_12' title='bbox 1455 474 1633 537; x_wconf 88' lang='lat' dir='ltr'><strong>nota</strong></span> <span class='ocrx_word' id='word_1_13' title='bbox 1667 469 1854 552; x_wconf 85' lang='lat' dir='ltr'><strong>fieri,</strong></span> <span class='ocrx_word' id='word_1_14' title='bbox 1899 473 1987 538; x_wconf 97' lang='lat' dir='ltr'><strong>ut</strong></span> <span class='ocrx_word' id='word_1_15' title='bbox 2017 472 2308 550; x_wconf 83' lang='lat' dir='ltr'><strong>statuta</strong></span> <span class='ocrx_word' id='word_1_16' title='bbox 2337 469 2460 538; x_wconf 92' lang='lat' dir='ltr'><strong>die</strong></span> <span class='ocrx_word' id='word_1_17' title='bbox 2492 474 2568 539; x_wconf 89' lang='lat' dir='ltr'><strong>et</strong></span> <span class='ocrx_word' id='word_1_18' title='bbox 2599 470 2785 538; x_wconf 87' lang='lat' dir='ltr'><strong>hora</strong></span> <span class='ocrx_word' id='word_1_19' title='bbox 2823 470 2983 555; x_wconf 89' lang='lat' dir='ltr'><strong>ipse</strong></span> <span class='ocrx_word' id='word_1_20' title='bbox 3024 487 3191 556; x_wconf 90' lang='lat' dir='ltr'><strong>quo·</strong></span> 
     </span>
     <span class='ocr_line' id='line_1_3' title="bbox 205 576 1331 664; baseline -0.001 -20"><span class='ocrx_word' id='word_1_21' title='bbox 205 595 349 664; x_wconf 90' lang='lat' dir='ltr'><strong>que</strong></span> <span class='ocrx_word' id='word_1_22' title='bbox 385 593 635 644; x_wconf 89' lang='lat' dir='ltr'><strong>coram</strong></span> <span class='ocrx_word' id='word_1_23' title='bbox 681 576 924 644; x_wconf 88' lang='lat' dir='ltr'><strong>iudice</strong></span> <span class='ocrx_word' id='word_1_24' title='bbox 966 595 1044 645; x_wconf 90' lang='lat' dir='ltr'><strong>se</strong></span> <span class='ocrx_word' id='word_1_25' title='bbox 1085 577 1331 644; x_wconf 87' lang='lat' dir='ltr'><strong>sistat.</strong></span> 
     </span>
    </p>
   </div>
   <div class='ocr_carea' id='block_1_3' title="bbox 1442 717 1851 786">
    <p class='ocr_par' dir='ltr' id='par_1_3' title="bbox 1442 717 1851 786">
     <span class='ocr_line' id='line_1_4' title="bbox 1442 717 1851 786; baseline -0.005 0"><span class='ocrx_word' id='word_1_26' title='bbox 1442 718 1619 786; x_wconf 73' lang='lat' dir='ltr'>CAN.</span> <span class='ocrx_word' id='word_1_27' title='bbox 1655 717 1851 786; x_wconf 84' lang='grc'><strong>1713.</strong></span> 
     </span>
    </p>
   </div>
   <div class='ocr_carea' id='block_1_4' title="bbox 196 857 3196 1160">
    <p class='ocr_par' dir='ltr' id='par_1_4' title="bbox 196 857 3196 1160">
     <span class='ocr_line' id='line_1_5' title="bbox 386 857 3196 946; baseline -0 -20"><span class='ocrx_word' id='word_1_28' title='bbox 386 857 469 927; x_wconf 80' lang='lat' dir='ltr'><strong>si</strong></span> <span class='ocrx_word' id='word_1_29' title='bbox 507 859 605 927; x_wconf 91' lang='lat' dir='ltr'><strong>lis</strong></span> <span class='ocrx_word' id='word_1_30' title='bbox 649 863 1032 929; x_wconf 84' lang='lat' dir='ltr'><strong>moveatur</strong></span> <span class='ocrx_word' id='word_1_31' title='bbox 1069 861 1138 929; x_wconf 91' lang='lat' dir='ltr'><strong>ei</strong></span> <span class='ocrx_word' id='word_1_32' title='bbox 1187 861 1315 946; x_wconf 87' lang='lat' dir='ltr'><strong>qui</strong></span> <span class='ocrx_word' id='word_1_33' title='bbox 1354 879 1500 928; x_wconf 92' lang='lat' dir='ltr'><strong>non</strong></span> <span class='ocrx_word' id='word_1_34' title='bbox 1539 860 1760 928; x_wconf 88' lang='lat' dir='ltr'><strong>habet</strong></span> <span class='ocrx_word' id='word_1_35' title='bbox 1798 860 2107 928; x_wconf 86' lang='lat' dir='ltr'><strong>liberam</strong></span> <span class='ocrx_word' id='word_1_36' title='bbox 2155 859 2878 929; x_wconf 87' lang='lat' dir='ltr'><strong>administrationem</strong></span> <span class='ocrx_word' id='word_1_37' title='bbox 2921 876 3196 942; x_wconf 90' lang='lat' dir='ltr'><strong>rerum,</strong></span> 
     </span>
     <span class='ocr_line' id='line_1_6' title="bbox 199 966 3196 1053; baseline 0 -19"><span class='ocrx_word' id='word_1_38' title='bbox 199 966 298 1035; x_wconf 94' lang='lat' dir='ltr'><strong>de</strong></span> <span class='ocrx_word' id='word_1_39' title='bbox 329 967 595 1052; x_wconf 87' lang='lat' dir='ltr'><strong>quibus</strong></span> <span class='ocrx_word' id='word_1_40' title='bbox 620 967 1111 1053; x_wconf 81' lang='lat' dir='ltr'><strong>disceptatur,</strong></span> <span class='ocrx_word' id='word_1_41' title='bbox 1143 968 1408 1036; x_wconf 88' lang='lat' dir='ltr'><strong>citatio</strong></span> <span class='ocrx_word' id='word_1_42' title='bbox 1446 967 1956 1037; x_wconf 87' lang='lat' dir='ltr'><strong>denuntianda</strong></span> <span class='ocrx_word' id='word_1_43' title='bbox 1993 973 2106 1036; x_wconf 92' lang='lat' dir='ltr'><strong>est</strong></span> <span class='ocrx_word' id='word_1_44' title='bbox 2140 969 2208 1036; x_wconf 91' lang='lat' dir='ltr'><strong>ei</strong></span> <span class='ocrx_word' id='word_1_45' title='bbox 2252 968 2379 1053; x_wconf 90' lang='lat' dir='ltr'><strong>qui</strong></span> <span class='ocrx_word' id='word_1_46' title='bbox 2411 967 2652 1053; x_wconf 86' lang='lat' dir='ltr'><strong>ipsius</strong></span> <span class='ocrx_word' id='word_1_47' title='bbox 2683 969 2977 1037; x_wconf 91' lang='lat' dir='ltr'><strong>nomine</strong></span> <span class='ocrx_word' id='word_1_48' title='bbox 3009 966 3196 1035; x_wconf 88' lang='lat' dir='ltr'><strong>iudi·</strong></span> 
     </span>
     <span class='ocr_line' id='line_1_7' title="bbox 196 1073 2303 1160; baseline 0.001 -20"><span class='ocrx_word' id='word_1_49' title='bbox 196 1073 401 1141; x_wconf 89' lang='lat' dir='ltr'><strong>cium</strong></span> <span class='ocrx_word' id='word_1_50' title='bbox 448 1075 821 1160; x_wconf 77' lang='lat' dir='ltr'><strong>suscipere</strong></span> <span class='ocrx_word' id='word_1_51' title='bbox 856 1079 1154 1152; x_wconf 88' lang='lat' dir='ltr'><strong>tenetur</strong></span> <span class='ocrx_word' id='word_1_52' title='bbox 1197 1076 1294 1143; x_wconf 91' lang='lat' dir='ltr'><strong>ad</strong></span> <span class='ocrx_word' id='word_1_53' title='bbox 1330 1094 1662 1144; x_wconf 88' lang='lat' dir='ltr'><strong>normam</strong></span> <span class='ocrx_word' id='word_1_54' title='bbox 1698 1094 1864 1144; x_wconf 90' lang='lat' dir='ltr'><strong>can.</strong></span> <span class='ocrx_word' id='word_1_55' title='bbox 1904 1075 2303 1143; x_wconf 76' lang='grc'><strong>1048-1654.</strong></span> 
     </span>
    </p>
   </div>
   <div class='ocr_carea' id='block_1_5' title="bbox 1470 1258 1903 1327">
    <p class='ocr_par' dir='ltr' id='par_1_5' title="bbox 1470 1258 1903 1327">
     <span class='ocr_line' id='line_1_8' title="bbox 1470 1258 1903 1327; baseline -0.002 0"><span class='ocrx_word' id='word_1_56' title='bbox 1470 1259 1647 1327; x_wconf 77' lang='lat' dir='ltr'>CAN.</span> <span class='ocrx_word' id='word_1_57' title='bbox 1705 1258 1903 1327; x_wconf 79' lang='lat'>1714.</span> 
     </span>
    </p>
   </div>
   <div class='ocr_carea' id='block_1_6' title="bbox 199 1401 3197 1594">
    <p class='ocr_par' dir='ltr' id='par_1_6' title="bbox 199 1401 3197 1594">
     <span class='ocr_line' id='line_1_9' title="bbox 383 1401 3197 1488; baseline -0 -19"><span class='ocrx_word' id='word_1_58' title='bbox 383 1401 775 1481; x_wconf 81' lang='lat' dir='ltr'><strong>Quaelibet</strong></span> <span class='ocrx_word' id='word_1_59' title='bbox 821 1401 1088 1470; x_wconf 88' lang='lat' dir='ltr'><strong>citatio</strong></span> <span class='ocrx_word' id='word_1_60' title='bbox 1127 1406 1242 1471; x_wconf 88' lang='lat' dir='ltr'><strong>est</strong></span> <span class='ocrx_word' id='word_1_61' title='bbox 1283 1403 1801 1488; x_wconf 81' lang='lat' dir='ltr'><strong>peremptoria3</strong></span> <span class='ocrx_word' id='word_1_62' title='bbox 1846 1420 1980 1470; x_wconf 90' lang='lat' dir='ltr'><strong>nec</strong></span> <span class='ocrx_word' id='word_1_63' title='bbox 2025 1404 2342 1472; x_wconf 87' lang='lat' dir='ltr'><strong>iteretur</strong></span> <span class='ocrx_word' id='word_1_64' title='bbox 2386 1420 2676 1471; x_wconf 90' lang='lat' dir='ltr'><strong>necesse</strong></span> <span class='ocrx_word' id='word_1_65' title='bbox 2729 1407 2869 1485; x_wconf 90' lang='lat' dir='ltr'><strong>est,</strong></span> <span class='ocrx_word' id='word_1_66' title='bbox 2927 1401 3074 1469; x_wconf 87' lang='lat' dir='ltr'><strong>nisi</strong></span> <span class='ocrx_word' id='word_1_67' title='bbox 3118 1401 3197 1468; x_wconf 91' lang='lat' dir='ltr'><strong>in</strong></span> 
     </span>
     <span class='ocr_line' id='line_1_10' title="bbox 199 1508 1496 1594; baseline 0.001 -18"><span class='ocrx_word' id='word_1_68' title='bbox 199 1525 388 1576; x_wconf 85' lang='lat' dir='ltr'><strong>casu</strong></span> <span class='ocrx_word' id='word_1_69' title='bbox 427 1509 519 1578; x_wconf 94' lang='lat' dir='ltr'><strong>de</strong></span> <span class='ocrx_word' id='word_1_70' title='bbox 555 1510 812 1594; x_wconf 89' lang='lat' dir='ltr'><strong>quoin</strong></span> <span class='ocrx_word' id='word_1_71' title='bbox 842 1527 1007 1577; x_wconf 89' lang='lat' dir='ltr'><strong>can.</strong></span> <span class='ocrx_word' id='word_1_72' title='bbox 1045 1510 1243 1594; x_wconf 83' lang='grc'><strong>1845,</strong></span> <span class='ocrx_word' id='word_1_73' title='bbox 1283 1511 1318 1593; x_wconf 90' lang='lat'><strong>5</strong></span> <span class='ocrx_word' id='word_1_74' title='bbox 1362 1509 1407 1577; x_wconf 84' lang='lat'>2</span> <span class='ocrx_word' id='word_1_75' title='bbox 1449 1508 1496 1577; x_wconf 88' lang='lat'><strong>¹.</strong></span> 
     </span>
    </p>
   </div>
   <div class='ocr_carea' id='block_1_7' title="bbox 1479 1668 1913 1736">
    <p class='ocr_par' dir='ltr' id='par_1_7' title="bbox 1479 1668 1913 1736">
     <span class='ocr_line' id='line_1_11' title="bbox 1479 1668 1913 1736; baseline -0.005 0"><span class='ocrx_word' id='word_1_76' title='bbox 1479 1668 1658 1736; x_wconf 72' lang='lat' dir='ltr'>CAN.</span> <span class='ocrx_word' id='word_1_77' title='bbox 1716 1669 1913 1736; x_wconf 86' lang='grc'><strong>1715.</strong></span> 
     </span>
    </p>
   </div>
   <div class='ocr_carea' id='block_1_8' title="bbox 196 1804 3207 2626">
    <p class='ocr_par' dir='ltr' id='par_1_8' title="bbox 196 1804 3207 2408">
     <span class='ocr_line' id='line_1_12' title="bbox 388 1804 3202 1890; baseline -0 -19"><span class='ocrx_word' id='word_1_78' title='bbox 388 1804 423 1887; x_wconf 88' lang='lat'><strong>5</strong></span> <span class='ocrx_word' id='word_1_79' title='bbox 469 1806 536 1871; x_wconf 93' lang='lat'><strong>1.</strong></span> <span class='ocrx_word' id='word_1_80' title='bbox 585 1805 872 1874; x_wconf 85' lang='lat' dir='ltr'><strong>Citatio</strong></span> <span class='ocrx_word' id='word_1_81' title='bbox 897 1805 1381 1873; x_wconf 83' lang='lat' dir='ltr'><strong>denuntietur</strong></span> <span class='ocrx_word' id='word_1_82' title='bbox 1407 1823 1540 1890; x_wconf 88' lang='lat' dir='ltr'><strong>per</strong></span> <span class='ocrx_word' id='word_1_83' title='bbox 1566 1804 1934 1887; x_wconf 81' lang='lat' dir='ltr'><strong>schedam,</strong></span> <span class='ocrx_word' id='word_1_84' title='bbox 1969 1823 2155 1890; x_wconf 88' lang='lat' dir='ltr'><strong>quae</strong></span> <span class='ocrx_word' id='word_1_85' title='bbox 2191 1808 2664 1890; x_wconf 88' lang='lat' dir='ltr'><strong>praeceptum</strong></span> <span class='ocrx_word' id='word_1_86' title='bbox 2698 1804 2970 1871; x_wconf 92' lang='lat' dir='ltr'><strong>iudicis</strong></span> <span class='ocrx_word' id='word_1_87' title='bbox 2999 1804 3202 1887; x_wconf 87' lang='lat' dir='ltr'><strong>parti</strong></span> 
     </span>
     <span class='ocr_line' id='line_1_13' title="bbox 197 1912 3201 1998; baseline -0.001 -18"><span class='ocrx_word' id='word_1_88' title='bbox 197 1916 611 1981; x_wconf 83' lang='lat' dir='ltr'><strong>conventae</strong></span> <span class='ocrx_word' id='word_1_89' title='bbox 634 1912 917 1980; x_wconf 74' lang='lat' dir='ltr'><strong>tactum</strong></span> <span class='ocrx_word' id='word_1_90' title='bbox 948 1912 1044 1980; x_wconf 88' lang='lat' dir='ltr'><strong>ad</strong></span> <span class='ocrx_word' id='word_1_91' title='bbox 1074 1912 1645 1997; x_wconf 89' lang='lat' dir='ltr'><strong>comparendum</strong></span> <span class='ocrx_word' id='word_1_92' title='bbox 1676 1913 2071 1996; x_wconf 84' lang='lat' dir='ltr'><strong>exprimat,</strong></span> <span class='ocrx_word' id='word_1_93' title='bbox 2101 1913 2296 1982; x_wconf 90' lang='lat' dir='ltr'><strong>idest</strong></span> <span class='ocrx_word' id='word_1_94' title='bbox 2320 1931 2366 1980; x_wconf 88' lang='lat' dir='ltr'><strong>a</strong></span> <span class='ocrx_word' id='word_1_95' title='bbox 2393 1931 2538 1998; x_wconf 90' lang='lat' dir='ltr'><strong>quo</strong></span> <span class='ocrx_word' id='word_1_96' title='bbox 2561 1912 2830 1994; x_wconf 89' lang='lat' dir='ltr'><strong>iudice,</strong></span> <span class='ocrx_word' id='word_1_97' title='bbox 2860 1912 2952 1979; x_wconf 93' lang='lat' dir='ltr'><strong>ob</strong></span> <span class='ocrx_word' id='word_1_98' title='bbox 2983 1929 3201 1996; x_wconf 90' lang='lat' dir='ltr'><strong>quam</strong></span> 
     </span>
     <span class='ocr_line' id='line_1_14' title="bbox 196 2019 3205 2106; baseline 0 -20"><span class='ocrx_word' id='word_1_99' title='bbox 196 2036 510 2086; x_wconf 82' lang='lat' dir='ltr'><strong>causam</strong></span> <span class='ocrx_word' id='word_1_100' title='bbox 550 2019 812 2086; x_wconf 89' lang='lat' dir='ltr'><strong>saltem</strong></span> <span class='ocrx_word' id='word_1_101' title='bbox 841 2020 1085 2087; x_wconf 87' lang='lat' dir='ltr'><strong>verbis</strong></span> <span class='ocrx_word' id='word_1_102' title='bbox 1113 2019 1581 2105; x_wconf 82' lang='lat' dir='ltr'><strong>generalibus</strong></span> <span class='ocrx_word' id='word_1_103' title='bbox 1610 2020 2042 2104; x_wconf 88' lang='lat' dir='ltr'><strong>indicatam,</strong></span> <span class='ocrx_word' id='word_1_104' title='bbox 2080 2039 2227 2106; x_wconf 87' lang='lat' dir='ltr'><strong>quo</strong></span> <span class='ocrx_word' id='word_1_105' title='bbox 2258 2025 2534 2104; x_wconf 89' lang='lat' dir='ltr'><strong>actore,</strong></span> <span class='ocrx_word' id='word_1_106' title='bbox 2572 2039 2766 2103; x_wconf 91' lang='lat' dir='ltr'><strong>reus,</strong></span> <span class='ocrx_word' id='word_1_107' title='bbox 2805 2020 3098 2088; x_wconf 89' lang='lat' dir='ltr'><strong>nomine</strong></span> <span class='ocrx_word' id='word_1_108' title='bbox 3129 2023 3205 2087; x_wconf 92' lang='lat' dir='ltr'><strong>et</strong></span> 
     </span>
     <span class='ocr_line' id='line_1_15' title="bbox 196 2126 3205 2212; baseline 0 -18"><span class='ocrx_word' id='word_1_109' title='bbox 196 2126 641 2211; x_wconf 80' lang='lat' dir='ltr'><strong>cognomine</strong></span> <span class='ocrx_word' id='word_1_110' title='bbox 673 2126 816 2195; x_wconf 86' lang='lat' dir='ltr'><strong>rite</strong></span> <span class='ocrx_word' id='word_1_111' title='bbox 847 2126 1305 2211; x_wconf 90' lang='lat' dir='ltr'><strong>designatus,</strong></span> <span class='ocrx_word' id='word_1_112' title='bbox 1343 2128 1850 2211; x_wconf 87' lang='lat' dir='ltr'><strong>conveniatur;</strong></span> <span class='ocrx_word' id='word_1_113' title='bbox 1893 2146 2028 2196; x_wconf 91' lang='lat' dir='ltr'><strong>nec</strong></span> <span class='ocrx_word' id='word_1_114' title='bbox 2065 2146 2213 2196; x_wconf 93' lang='lat' dir='ltr'><strong>non</strong></span> <span class='ocrx_word' id='word_1_115' title='bbox 2246 2128 2514 2211; x_wconf 89' lang='lat' dir='ltr'><strong>locum,</strong></span> <span class='ocrx_word' id='word_1_116' title='bbox 2549 2132 2627 2197; x_wconf 92' lang='lat' dir='ltr'><strong>et</strong></span> <span class='ocrx_word' id='word_1_117' title='bbox 2657 2131 2974 2212; x_wconf 92' lang='lat' dir='ltr'><strong>tempus,</strong></span> <span class='ocrx_word' id='word_1_118' title='bbox 3011 2127 3205 2195; x_wconf 91' lang='lat' dir='ltr'><strong>idest</strong></span> 
     </span>
     <span class='ocr_line' id='line_1_16' title="bbox 199 2233 3207 2320; baseline 0 -19"><span class='ocrx_word' id='word_1_119' title='bbox 199 2251 516 2316; x_wconf 84' lang='lat' dir='ltr'><strong>annum,</strong></span> <span class='ocrx_word' id='word_1_120' title='bbox 562 2250 908 2315; x_wconf 90' lang='lat' dir='ltr'><strong>mensem,</strong></span> <span class='ocrx_word' id='word_1_121' title='bbox 950 2233 1144 2301; x_wconf 91' lang='lat' dir='ltr'><strong>diem</strong></span> <span class='ocrx_word' id='word_1_122' title='bbox 1188 2238 1262 2301; x_wconf 93' lang='lat' dir='ltr'><strong>et</strong></span> <span class='ocrx_word' id='word_1_123' title='bbox 1313 2233 1570 2300; x_wconf 89' lang='lat' dir='ltr'><strong>horam</strong></span> <span class='ocrx_word' id='word_1_124' title='bbox 1616 2234 1712 2302; x_wconf 88' lang='lat' dir='ltr'><strong>ad</strong></span> <span class='ocrx_word' id='word_1_125' title='bbox 1752 2235 2325 2320; x_wconf 88' lang='lat' dir='ltr'><strong>comparendum</strong></span> <span class='ocrx_word' id='word_1_126' title='bbox 2370 2233 2771 2319; x_wconf 82' lang='lat' dir='ltr'><strong>praefixam</strong></span> <span class='ocrx_word' id='word_1_127' title='bbox 2818 2233 3207 2319; x_wconf 88' lang='lat' dir='ltr'><strong>perspicue</strong></span> 
     </span>
     <span class='ocr_line' id='line_1_17' title="bbox 199 2339 1617 2408; baseline -0.001 -1"><span class='ocrx_word' id='word_1_128' title='bbox 199 2339 491 2408; x_wconf 86' lang='lat' dir='ltr'><strong>indicet</strong></span> <span class='ocrx_word' id='word_1_129' title='bbox 539 2341 590 2405; x_wconf 86' lang='lat'><strong>².</strong></span> <span class='ocrx_word' id='word_1_130' title='bbox 1614 2349 1617 2350; x_wconf 71' lang='grc'>’</span> 
     </span>
    </p>

    <p class='ocr_par' dir='ltr' id='par_1_9' title="bbox 196 2447 3206 2626">
     <span class='ocr_line' id='line_1_18' title="bbox 392 2447 3206 2536; baseline 0.001 -22"><span class='ocrx_word' id='word_1_131' title='bbox 392 2447 427 2530; x_wconf 90' lang='lat'><strong>5</strong></span> <span class='ocrx_word' id='word_1_132' title='bbox 472 2448 540 2515; x_wconf 86' lang='lat'><strong>2.</strong></span> <span class='ocrx_word' id='word_1_133' title='bbox 589 2448 899 2532; x_wconf 76' lang='lat' dir='ltr'><strong>citatio,</strong></span> <span class='ocrx_word' id='word_1_134' title='bbox 935 2450 1183 2536; x_wconf 91' lang='lat' dir='ltr'><strong>sigillo</strong></span> <span class='ocrx_word' id='word_1_135' title='bbox 1217 2451 1621 2520; x_wconf 85' lang='lat' dir='ltr'><strong>tribunalis</strong></span> <span class='ocrx_word' id='word_1_136' title='bbox 1657 2451 1974 2535; x_wconf 90' lang='lat' dir='ltr'><strong>munita,</strong></span> <span class='ocrx_word' id='word_1_137' title='bbox 2012 2451 2540 2520; x_wconf 89' lang='lat' dir='ltr'><strong>subscribenda</strong></span> <span class='ocrx_word' id='word_1_138' title='bbox 2572 2454 2687 2519; x_wconf 89' lang='lat' dir='ltr'><strong>est</strong></span> <span class='ocrx_word' id='word_1_139' title='bbox 2730 2468 2778 2518; x_wconf 91' lang='lat' dir='ltr'><strong>a</strong></span> <span class='ocrx_word' id='word_1_140' title='bbox 2812 2449 3056 2518; x_wconf 87' lang='lat' dir='ltr'><strong>iudice</strong></span> <span class='ocrx_word' id='word_1_141' title='bbox 3090 2450 3206 2518; x_wconf 83' lang='lat' dir='ltr'><strong>vel</strong></span> 
     </span>
     <span class='ocr_line' id='line_1_19' title="bbox 196 2555 1479 2626; baseline 0 -4"><span class='ocrx_word' id='word_1_142' title='bbox 196 2555 308 2622; x_wconf 83' lang='lat' dir='ltr'><strong>ab</strong></span> <span class='ocrx_word' id='word_1_143' title='bbox 334 2555 495 2623; x_wconf 91' lang='lat' dir='ltr'><strong>eius</strong></span> <span class='ocrx_word' id='word_1_144' title='bbox 524 2555 866 2625; x_wconf 88' lang='lat' dir='ltr'><strong>auditore</strong></span> <span class='ocrx_word' id='word_1_145' title='bbox 899 2561 978 2626; x_wconf 93' lang='lat' dir='ltr'><strong>et</strong></span> <span class='ocrx_word' id='word_1_146' title='bbox 1011 2576 1057 2625; x_wconf 88' lang='lat' dir='ltr'><strong>a</strong></span> <span class='ocrx_word' id='word_1_147' title='bbox 1096 2557 1389 2626; x_wconf 88' lang='lat' dir='ltr'><strong>notario</strong></span> <span class='ocrx_word' id='word_1_148' title='bbox 1427 2556 1479 2622; x_wconf 82' lang='lat'><strong>³.</strong></span> 
     </span>
    </p>
   </div>
   <div class='ocr_carea' id='block_1_9' title="bbox 1487 2699 1912 2770">
    <p class='ocr_par' dir='ltr' id='par_1_10' title="bbox 1487 2699 1912 2770">
     <span class='ocr_line' id='line_1_20' title="bbox 1487 2699 1912 2770; baseline -0.005 0"><span class='ocrx_word' id='word_1_149' title='bbox 1487 2700 1666 2770; x_wconf 75' lang='grc' dir='ltr'><strong>ΟΔΝ.</strong></span> <span class='ocrx_word' id='word_1_150' title='bbox 1715 2699 1912 2768; x_wconf 81' lang='grc'><strong>1710.</strong></span> 
     </span>
    </p>
   </div>
   <div class='ocr_carea' id='block_1_10' title="bbox 205 2837 3206 3031">
    <p class='ocr_par' dir='ltr' id='par_1_11' title="bbox 205 2837 3206 3031">
     <span class='ocr_line' id='line_1_21' title="bbox 387 2837 3206 2928; baseline -0.001 -22"><span class='ocrx_word' id='word_1_151' title='bbox 387 2837 672 2907; x_wconf 84' lang='lat' dir='ltr'><strong>Citatio</strong></span> <span class='ocrx_word' id='word_1_152' title='bbox 695 2839 979 2925; x_wconf 90' lang='lat' dir='ltr'><strong>duplici</strong></span> <span class='ocrx_word' id='word_1_153' title='bbox 1007 2840 1276 2909; x_wconf 88' lang='lat' dir='ltr'><strong>scheda</strong></span> <span class='ocrx_word' id='word_1_154' title='bbox 1299 2840 1763 2925; x_wconf 85' lang='lat' dir='ltr'><strong>conficiatur,</strong></span> <span class='ocrx_word' id='word_1_155' title='bbox 1803 2859 2116 2928; x_wconf 87' lang='lat' dir='ltr'><strong>quarum</strong></span> <span class='ocrx_word' id='word_1_156' title='bbox 2151 2840 2395 2908; x_wconf 85' lang='lat' dir='ltr'><strong>altera</strong></span> <span class='ocrx_word' id='word_1_157' title='bbox 2428 2840 2858 2908; x_wconf 83' lang='lat' dir='ltr'><strong>remittatur</strong></span> <span class='ocrx_word' id='word_1_158' title='bbox 2890 2857 3017 2907; x_wconf 88' lang='lat' dir='ltr'><strong>reo</strong></span> <span class='ocrx_word' id='word_1_159' title='bbox 3039 2856 3206 2905; x_wconf 90' lang='lat' dir='ltr'><strong>con·</strong></span> 
     </span>
     <span class='ocr_line' id='line_1_22' title="bbox 205 2947 1617 3031; baseline 0.001 -17"><span class='ocrx_word' id='word_1_160' title='bbox 205 2950 458 3031; x_wconf 84' lang='lat' dir='ltr'><strong>vento,</strong></span> <span class='ocrx_word' id='word_1_161' title='bbox 493 2947 736 3016; x_wconf 85' lang='lat' dir='ltr'><strong>altera</strong></span> <span class='ocrx_word' id='word_1_162' title='bbox 770 2952 1192 3018; x_wconf 83' lang='lat' dir='ltr'><strong>asservetur</strong></span> <span class='ocrx_word' id='word_1_163' title='bbox 1219 2950 1299 3017; x_wconf 86' lang='lat' dir='ltr'><strong>in</strong></span> <span class='ocrx_word' id='word_1_164' title='bbox 1330 2950 1521 3019; x_wconf 89' lang='lat' dir='ltr'><strong>actis</strong></span> <span class='ocrx_word' id='word_1_165' title='bbox 1562 2949 1617 3015; x_wconf 80' lang='lat'><strong>⁴.</strong></span> 
     </span>
    </p>
   </div>
   <div class='ocr_carea' id='block_1_11' title="bbox 1477 3128 1911 3197">
    <p class='ocr_par' dir='ltr' id='par_1_12' title="bbox 1477 3128 1911 3197">
     <span class='ocr_line' id='line_1_23' title="bbox 1477 3128 1911 3197; baseline -0.002 0"><span class='ocrx_word' id='word_1_166' title='bbox 1477 3128 1656 3197; x_wconf 75' lang='grc' dir='ltr'><strong>ΟΔΝ.</strong></span> <span class='ocrx_word' id='word_1_167' title='bbox 1714 3128 1911 3196; x_wconf 90' lang='grc'><strong>1717.</strong></span> 
     </span>
    </p>
   </div>
   <div class='ocr_carea' id='block_1_12' title="bbox 208 3266 3213 3462">
    <p class='ocr_par' dir='ltr' id='par_1_13' title="bbox 208 3266 3213 3462">
     <span class='ocr_line' id='line_1_24' title="bbox 395 3266 3213 3358; baseline 0.004 -25"><span class='ocrx_word' id='word_1_168' title='bbox 395 3266 430 3350; x_wconf 98' lang='lat'><strong>5</strong></span> <span class='ocrx_word' id='word_1_169' title='bbox 477 3268 544 3333; x_wconf 90' lang='lat'><strong>1.</strong></span> <span class='ocrx_word' id='word_1_170' title='bbox 594 3267 999 3337; x_wconf 74' lang='lat' dir='ltr'><strong>citationis</strong></span> <span class='ocrx_word' id='word_1_171' title='bbox 1027 3270 1318 3351; x_wconf 85' lang='lat' dir='ltr'><strong>scheda,</strong></span> <span class='ocrx_word' id='word_1_172' title='bbox 1354 3271 1421 3338; x_wconf 87' lang='lat' dir='ltr'><strong>si</strong></span> <span class='ocrx_word' id='word_1_173' title='bbox 1449 3270 1611 3339; x_wconf 85' lang='lat' dir='ltr'><strong>fieri</strong></span> <span class='ocrx_word' id='word_1_174' title='bbox 1638 3272 1942 3356; x_wconf 90' lang='lat' dir='ltr'><strong>poterit,</strong></span> <span class='ocrx_word' id='word_1_175' title='bbox 1973 3291 2108 3358; x_wconf 90' lang='lat' dir='ltr'><strong>per</strong></span> <span class='ocrx_word' id='word_1_176' title='bbox 2135 3273 2406 3343; x_wconf 84' lang='lat' dir='ltr'><strong>Curiae</strong></span> <span class='ocrx_word' id='word_1_177' title='bbox 2439 3293 2813 3343; x_wconf 86' lang='lat' dir='ltr'><strong>cursorem</strong></span> <span class='ocrx_word' id='word_1_178' title='bbox 2847 3275 3213 3344; x_wconf 85' lang='lat' dir='ltr'><strong>tradenda</strong></span> 
     </span>
     <span class='ocr_line' id='line_1_25' title="bbox 208 3374 1979 3462; baseline 0.003 -19"><span class='ocrx_word' id='word_1_179' title='bbox 208 3378 331 3443; x_wconf 81' lang='lat' dir='ltr'><strong>est</strong></span> <span class='ocrx_word' id='word_1_180' title='bbox 368 3374 518 3458; x_wconf 89' lang='lat' dir='ltr'><strong>ipsi</strong></span> <span class='ocrx_word' id='word_1_181' title='bbox 552 3380 917 3444; x_wconf 84' lang='lat' dir='ltr'><strong>convento</strong></span> <span class='ocrx_word' id='word_1_182' title='bbox 952 3376 1369 3462; x_wconf 87' lang='lat' dir='ltr'><strong>ubicunque</strong></span> <span class='ocrx_word' id='word_1_183' title='bbox 1407 3378 1474 3446; x_wconf 92' lang='lat' dir='ltr'><strong>is</strong></span> <span class='ocrx_word' id='word_1_184' title='bbox 1510 3377 1892 3447; x_wconf 83' lang='lat' dir='ltr'><strong>invenitur</strong></span> <span class='ocrx_word' id='word_1_185' title='bbox 1923 3379 1979 3448; x_wconf 85' lang='lat'><strong>⁸.</strong></span> 
     </span>
    </p>
   </div>
   <div class='ocr_carea' id='block_1_13' title="bbox 211 3480 3213 3673">
    <p class='ocr_par' dir='ltr' id='par_1_14' title="bbox 211 3480 3213 3673">
     <span class='ocr_line' id='line_1_26' title="bbox 399 3480 3213 3575; baseline 0.005 -28"><span class='ocrx_word' id='word_1_186' title='bbox 399 3480 435 3563; x_wconf 85' lang='lat'><strong>5</strong></span> <span class='ocrx_word' id='word_1_187' title='bbox 480 3482 548 3548; x_wconf 86' lang='lat'><strong>2.</strong></span> <span class='ocrx_word' id='word_1_188' title='bbox 596 3483 714 3550; x_wconf 86' lang='lat' dir='ltr'><strong>Ad</strong></span> <span class='ocrx_word' id='word_1_189' title='bbox 757 3483 892 3551; x_wconf 91' lang='lat' dir='ltr'><strong>hoc</strong></span> <span class='ocrx_word' id='word_1_190' title='bbox 934 3501 1196 3553; x_wconf 88' lang='lat' dir='ltr'><strong>cursor</strong></span> <span class='ocrx_word' id='word_1_191' title='bbox 1238 3484 1463 3554; x_wconf 87' lang='lat' dir='ltr'><strong>etiam</strong></span> <span class='ocrx_word' id='word_1_192' title='bbox 1508 3485 1692 3554; x_wconf 87' lang='lat' dir='ltr'><strong>fines</strong></span> <span class='ocrx_word' id='word_1_193' title='bbox 1731 3487 2047 3555; x_wconf 90' lang='lat' dir='ltr'><strong>alterius</strong></span> <span class='ocrx_word' id='word_1_194' title='bbox 2087 3487 2442 3556; x_wconf 88' lang='lat' dir='ltr'><strong>dioecesis</strong></span> <span class='ocrx_word' id='word_1_195' title='bbox 2493 3488 2785 3575; x_wconf 85' lang='lat' dir='ltr'><strong>ingredi</strong></span> <span class='ocrx_word' id='word_1_196' title='bbox 2829 3493 3098 3574; x_wconf 91' lang='lat' dir='ltr'><strong>potest,</strong></span> <span class='ocrx_word' id='word_1_197' title='bbox 3146 3491 3213 3569; x_wconf 87' lang='lat' dir='ltr'><strong>si</strong></span> 
     </span>
     <span class='ocr_line' id='line_1_27' title="bbox 211 3586 2541 3673; baseline 0.005 -19"><span class='ocrx_word' id='word_1_198' title='bbox 211 3586 440 3657; x_wconf 85' lang='lat' dir='ltr'><strong>iudex</strong></span> <span class='ocrx_word' id='word_1_199' title='bbox 467 3589 545 3657; x_wconf 89' lang='lat' dir='ltr'><strong>id</strong></span> <span class='ocrx_word' id='word_1_200' title='bbox 573 3589 919 3673; x_wconf 85' lang='lat' dir='ltr'><strong>expedire</strong></span> <span class='ocrx_word' id='word_1_201' title='bbox 953 3592 1325 3662; x_wconf 89' lang='lat' dir='ltr'><strong>censuerit</strong></span> <span class='ocrx_word' id='word_1_202' title='bbox 1355 3597 1430 3662; x_wconf 91' lang='lat' dir='ltr'><strong>et</strong></span> <span class='ocrx_word' id='word_1_203' title='bbox 1462 3593 1695 3662; x_wconf 89' lang='lat' dir='ltr'><strong>eidem</strong></span> <span class='ocrx_word' id='word_1_204' title='bbox 1725 3593 2016 3662; x_wconf 88' lang='lat' dir='ltr'><strong>cursori</strong></span> <span class='ocrx_word' id='word_1_205' title='bbox 2052 3593 2541 3665; x_wconf 84' lang='lat' dir='ltr'><strong>mandaverit.</strong></span> 
     </span>
    </p>
   </div>
   <div class='ocr_carea' id='block_1_14' title="bbox 217 3694 3219 4005">
    <p class='ocr_par' dir='ltr' id='par_1_15' title="bbox 217 3694 3219 4005">
     <span class='ocr_line' id='line_1_28' title="bbox 396 3694 3210 3785; baseline 0.004 -21"><span class='ocrx_word' id='word_1_206' title='bbox 396 3695 431 3779; x_wconf 98' lang='lat'><strong>5</strong></span> <span class='ocrx_word' id='word_1_207' title='bbox 475 3694 544 3764; x_wconf 83' lang='lat'><strong>3.</strong></span> <span class='ocrx_word' id='word_1_208' title='bbox 597 3695 679 3765; x_wconf 82' lang='lat' dir='ltr'><strong>Si</strong></span> <span class='ocrx_word' id='word_1_209' title='bbox 707 3715 971 3767; x_wconf 89' lang='lat' dir='ltr'><strong>cursor</strong></span> <span class='ocrx_word' id='word_1_210' title='bbox 994 3718 1383 3785; x_wconf 88' lang='lat' dir='ltr'><strong>personam</strong></span> <span class='ocrx_word' id='word_1_211' title='bbox 1409 3705 1844 3770; x_wconf 86' lang='lat' dir='ltr'><strong>conventam</strong></span> <span class='ocrx_word' id='word_1_212' title='bbox 1874 3721 2022 3770; x_wconf 93' lang='lat' dir='ltr'><strong>non</strong></span> <span class='ocrx_word' id='word_1_213' title='bbox 2048 3702 2416 3773; x_wconf 83' lang='lat' dir='ltr'><strong>invenerit</strong></span> <span class='ocrx_word' id='word_1_214' title='bbox 2443 3704 2522 3771; x_wconf 96' lang='lat' dir='ltr'><strong>in</strong></span> <span class='ocrx_word' id='word_1_215' title='bbox 2558 3704 2720 3773; x_wconf 91' lang='lat' dir='ltr'><strong>loco</strong></span> <span class='ocrx_word' id='word_1_216' title='bbox 2747 3705 2875 3773; x_wconf 87' lang='lat' dir='ltr'><strong>ubi</strong></span> <span class='ocrx_word' id='word_1_217' title='bbox 2902 3722 3210 3775; x_wconf 91' lang='lat' dir='ltr'><strong>commo·</strong></span> 
     </span>
     <span class='ocr_line' id='line_1_29' title="bbox 218 3803 3216 3891; baseline 0.004 -20"><span class='ocrx_word' id='word_1_218' title='bbox 218 3805 463 3886; x_wconf 87' lang='lat' dir='ltr'><strong>ratur,</strong></span> <span class='ocrx_word' id='word_1_219' title='bbox 507 3803 923 3890; x_wconf 82' lang='lat' dir='ltr'><strong>relinquere</strong></span> <span class='ocrx_word' id='word_1_220' title='bbox 967 3807 1246 3891; x_wconf 88' lang='lat' dir='ltr'><strong>poterit</strong></span> <span class='ocrx_word' id='word_1_221' title='bbox 1288 3808 1713 3878; x_wconf 87' lang='lat' dir='ltr'><strong>citatoriam</strong></span> <span class='ocrx_word' id='word_1_222' title='bbox 1764 3811 2104 3880; x_wconf 87' lang='lat' dir='ltr'><strong>schedam</strong></span> <span class='ocrx_word' id='word_1_223' title='bbox 2144 3811 2374 3880; x_wconf 90' lang='lat' dir='ltr'><strong>alicui</strong></span> <span class='ocrx_word' id='word_1_224' title='bbox 2411 3812 2504 3882; x_wconf 92' lang='lat' dir='ltr'><strong>de</strong></span> <span class='ocrx_word' id='word_1_225' title='bbox 2542 3811 2702 3881; x_wconf 91' lang='lat' dir='ltr'><strong>eius</strong></span> <span class='ocrx_word' id='word_1_226' title='bbox 2740 3812 3035 3881; x_wconf 82' lang='lat' dir='ltr'><strong>familia</strong></span> <span class='ocrx_word' id='word_1_227' title='bbox 3079 3818 3216 3883; x_wconf 85' lang='lat' dir='ltr'><strong>aut</strong></span> 
     </span>
     <span class='ocr_line' id='line_1_30' title="bbox 217 3910 3219 4005; baseline 0.005 -28"><span class='ocrx_word' id='word_1_228' title='bbox 217 3910 620 3995; x_wconf 79' lang='lat' dir='ltr'><strong>famulatu,</strong></span> <span class='ocrx_word' id='word_1_229' title='bbox 666 3913 733 3980; x_wconf 88' lang='lat' dir='ltr'><strong>si</strong></span> <span class='ocrx_word' id='word_1_230' title='bbox 773 3911 894 3981; x_wconf 90' lang='lat' dir='ltr'><strong>hic</strong></span> <span class='ocrx_word' id='word_1_231' title='bbox 936 3931 1096 3981; x_wconf 90' lang='lat' dir='ltr'><strong>eam</strong></span> <span class='ocrx_word' id='word_1_232' title='bbox 1141 3915 1466 4002; x_wconf 88' lang='lat' dir='ltr'><strong>recipere</strong></span> <span class='ocrx_word' id='word_1_233' title='bbox 1509 3923 1822 4001; x_wconf 88' lang='lat' dir='ltr'><strong>paratus</strong></span> <span class='ocrx_word' id='word_1_234' title='bbox 1867 3920 1971 3987; x_wconf 88' lang='lat' dir='ltr'><strong>sit</strong></span> <span class='ocrx_word' id='word_1_235' title='bbox 2023 3937 2111 3987; x_wconf 84' lang='lat' dir='ltr'><strong>ac</strong></span> <span class='ocrx_word' id='word_1_236' title='bbox 2157 3919 2519 4005; x_wconf 89' lang='lat' dir='ltr'><strong>spondeat</strong></span> <span class='ocrx_word' id='word_1_237' title='bbox 2563 3940 2640 3990; x_wconf 89' lang='lat' dir='ltr'><strong>se</strong></span> <span class='ocrx_word' id='word_1_238' title='bbox 2687 3940 2812 3991; x_wconf 91' lang='lat' dir='ltr'><strong>reo</strong></span> <span class='ocrx_word' id='word_1_239' title='bbox 2852 3927 3219 3993; x_wconf 84' lang='lat' dir='ltr'><strong>convento</strong></span> 
     </span>
    </p>
   </div>
   <div class='ocr_carea' id='block_1_15' title="bbox 223 4178 3226 5509">
    <p class='ocr_par' dir='ltr' id='par_1_16' title="bbox 223 4178 3220 4514">
     <span class='ocr_line' id='line_1_31' title="bbox 407 4178 3218 4245; baseline 0.001 -13"><span class='ocrx_word' id='word_1_240' title='bbox 407 4178 430 4215; x_wconf 81' lang='lat'><strong>¹</strong></span> <span class='ocrx_word' id='word_1_241' title='bbox 489 4178 562 4232; x_wconf 79' lang='grc' dir='ltr'><strong>Ο.</strong></span> <span class='ocrx_word' id='word_1_242' title='bbox 584 4178 668 4241; x_wconf 87' lang='grc'><strong>24,</strong></span> <span class='ocrx_word' id='word_1_243' title='bbox 699 4179 766 4241; x_wconf 77' lang='lat' dir='ltr'><strong>X,</strong></span> <span class='ocrx_word' id='word_1_244' title='bbox 801 4180 872 4230; x_wconf 71' lang='lat' dir='ltr'><strong>aa</strong></span> <span class='ocrx_word' id='word_1_245' title='bbox 896 4178 1084 4240; x_wconf 70' lang='lat' dir='ltr'><strong>afficto</strong></span> <span class='ocrx_word' id='word_1_246' title='bbox 1111 4182 1171 4230; x_wconf 75' lang='grc' dir='ltr'><strong>οι</strong></span> <span class='ocrx_word' id='word_1_247' title='bbox 1196 4183 1489 4241; x_wconf 64' lang='lat' dir='ltr'><strong>potentatu</strong></span> <span class='ocrx_word' id='word_1_248' title='bbox 1514 4180 1730 4233; x_wconf 66' lang='lat' dir='ltr'><strong>iudicio</strong></span> <span class='ocrx_word' id='word_1_249' title='bbox 1765 4183 2040 4243; x_wconf 67' lang='lat' dir='ltr'><strong>aciemn,</strong></span> <span class='ocrx_word' id='word_1_250' title='bbox 2070 4183 2121 4243; x_wconf 91' lang='lat'><strong>1,</strong></span> <span class='ocrx_word' id='word_1_251' title='bbox 2150 4183 2231 4245; x_wconf 75' lang='lat'><strong>²⁹:</strong></span> <span class='ocrx_word' id='word_1_252' title='bbox 2254 4195 2305 4236; x_wconf 85' lang='lat' dir='ltr'><strong>e.</strong></span> <span class='ocrx_word' id='word_1_253' title='bbox 2337 4183 2388 4244; x_wconf 89' lang='grc'><strong>2,</strong></span> <span class='ocrx_word' id='word_1_254' title='bbox 2415 4184 2483 4244; x_wconf 79' lang='grc' dir='ltr'><strong>Χ,</strong></span> <span class='ocrx_word' id='word_1_255' title='bbox 2521 4186 2592 4236; x_wconf 71' lang='lat' dir='ltr'><strong>aa</strong></span> <span class='ocrx_word' id='word_1_256' title='bbox 2619 4182 3024 4240; x_wconf 66' lang='lat' dir='ltr'><strong>dilationibus,</strong></span> <span class='ocrx_word' id='word_1_257' title='bbox 3054 4183 3136 4245; x_wconf 87' lang='lat'><strong>11,</strong></span> <span class='ocrx_word' id='word_1_258' title='bbox 3165 4181 3218 4245; x_wconf 74' lang='lat'><strong>83</strong></span> 
     </span>
     <span class='ocr_line' id='line_1_32' title="bbox 223 4267 3215 4335; baseline 0.002 -16"><span class='ocrx_word' id='word_1_259' title='bbox 223 4278 275 4319; x_wconf 85' lang='lat' dir='ltr'><strong>e.</strong></span> <span class='ocrx_word' id='word_1_260' title='bbox 306 4267 358 4331; x_wconf 82' lang='grc'><strong>0,</strong></span> <span class='ocrx_word' id='word_1_261' title='bbox 388 4268 455 4331; x_wconf 75' lang='grc' dir='ltr'><strong>Χ,</strong></span> <span class='ocrx_word' id='word_1_262' title='bbox 486 4271 557 4321; x_wconf 75' lang='lat' dir='ltr'><strong>ae</strong></span> <span class='ocrx_word' id='word_1_263' title='bbox 594 4268 727 4320; x_wconf 74' lang='lat' dir='ltr'><strong>dolo</strong></span> <span class='ocrx_word' id='word_1_264' title='bbox 753 4274 814 4322; x_wconf 75' lang='lat' dir='ltr'><strong>et</strong></span> <span class='ocrx_word' id='word_1_265' title='bbox 844 4269 1234 4328; x_wconf 70' lang='lat' dir='ltr'><strong>contumacia,</strong></span> <span class='ocrx_word' id='word_1_266' title='bbox 1265 4270 1348 4331; x_wconf 86' lang='lat'><strong>11,</strong></span> <span class='ocrx_word' id='word_1_267' title='bbox 1380 4272 1462 4333; x_wconf 78' lang='lat'><strong>143</strong></span> <span class='ocrx_word' id='word_1_268' title='bbox 1488 4282 1539 4322; x_wconf 91' lang='lat' dir='ltr'><strong>c.</strong></span> <span class='ocrx_word' id='word_1_269' title='bbox 1579 4284 1701 4333; x_wconf 68' lang='lat' dir='ltr'><strong>un„</strong></span> <span class='ocrx_word' id='word_1_270' title='bbox 1734 4274 1806 4324; x_wconf 76' lang='lat' dir='ltr'><strong>de</strong></span> <span class='ocrx_word' id='word_1_271' title='bbox 1832 4272 1967 4331; x_wconf 76' lang='lat' dir='ltr'><strong>toro</strong></span> <span class='ocrx_word' id='word_1_272' title='bbox 2001 4274 2373 4333; x_wconf 67' lang='lat' dir='ltr'><strong>competenti,</strong></span> <span class='ocrx_word' id='word_1_273' title='bbox 2406 4274 2490 4335; x_wconf 88' lang='lat'><strong>11,</strong></span> <span class='ocrx_word' id='word_1_274' title='bbox 2530 4273 2582 4334; x_wconf 88' lang='grc'><strong>2,</strong></span> <span class='ocrx_word' id='word_1_275' title='bbox 2617 4274 2681 4325; x_wconf 81' lang='lat' dir='ltr'><strong>in</strong></span> <span class='ocrx_word' id='word_1_276' title='bbox 2709 4272 2912 4334; x_wconf 85' lang='lat' dir='ltr'><strong>Clem.;</strong></span> <span class='ocrx_word' id='word_1_277' title='bbox 2946 4273 3215 4334; x_wconf 72' lang='lat' dir='ltr'><strong>Regulus</strong></span> 
     </span>
     <span class='ocr_line' id='line_1_33' title="bbox 227 4358 3220 4426; baseline 0.001 -16"><span class='ocrx_word' id='word_1_278' title='bbox 227 4358 555 4412; x_wconf 80' lang='lat' dir='ltr'><strong>servandae</strong></span> <span class='ocrx_word' id='word_1_279' title='bbox 582 4360 646 4411; x_wconf 81' lang='lat' dir='ltr'><strong>in</strong></span> <span class='ocrx_word' id='word_1_280' title='bbox 674 4360 913 4412; x_wconf 79' lang='lat' dir='ltr'><strong>iudiciis</strong></span> <span class='ocrx_word' id='word_1_281' title='bbox 946 4359 1104 4423; x_wconf 77' lang='lat' dir='ltr'><strong>apud</strong></span> <span class='ocrx_word' id='word_1_282' title='bbox 1135 4359 1193 4414; x_wconf 83' lang='grc'><strong>8.</strong></span> <span class='ocrx_word' id='word_1_283' title='bbox 1229 4359 1300 4413; x_wconf 79' lang='grc' dir='ltr'><strong>Β.</strong></span> <span class='ocrx_word' id='word_1_284' title='bbox 1332 4360 1522 4414; x_wconf 73' lang='lat' dir='ltr'><strong>Rotae</strong></span> <span class='ocrx_word' id='word_1_285' title='bbox 1549 4362 1855 4424; x_wconf 74' lang='lat' dir='ltr'><strong>Tribunal,</strong></span> <span class='ocrx_word' id='word_1_286' title='bbox 1894 4364 1928 4413; x_wconf 89' lang='grc'><strong>4</strong></span> <span class='ocrx_word' id='word_1_287' title='bbox 1957 4374 2091 4425; x_wconf 79' lang='lat' dir='ltr'><strong>nug.</strong></span> <span class='ocrx_word' id='word_1_288' title='bbox 2124 4364 2274 4423; x_wconf 89' lang='grc'><strong>1910,</strong></span> <span class='ocrx_word' id='word_1_289' title='bbox 2307 4364 2335 4425; x_wconf 71' lang='lat'><strong>5</strong></span> <span class='ocrx_word' id='word_1_290' title='bbox 2368 4363 2451 4425; x_wconf 67' lang='lat' dir='ltr'><strong>m,</strong></span> <span class='ocrx_word' id='word_1_291' title='bbox 2483 4364 2565 4426; x_wconf 78' lang='lat'><strong>283</strong></span> <span class='ocrx_word' id='word_1_292' title='bbox 2592 4363 2853 4426; x_wconf 75' lang='lat' dir='ltr'><strong>Regulae</strong></span> <span class='ocrx_word' id='word_1_293' title='bbox 2891 4362 3220 4415; x_wconf 82' lang='lat' dir='ltr'><strong>servandae</strong></span> 
     </span>
     <span class='ocr_line' id='line_1_34' title="bbox 228 4448 2683 4514; baseline 0.002 -13"><span class='ocrx_word' id='word_1_294' title='bbox 228 4448 293 4501; x_wconf 76' lang='lat' dir='ltr'><strong>ln</strong></span> <span class='ocrx_word' id='word_1_295' title='bbox 324 4449 563 4503; x_wconf 74' lang='lat' dir='ltr'><strong>iudiciis</strong></span> <span class='ocrx_word' id='word_1_296' title='bbox 594 4450 752 4510; x_wconf 77' lang='lat' dir='ltr'><strong>apud</strong></span> <span class='ocrx_word' id='word_1_297' title='bbox 788 4449 1052 4512; x_wconf 72' lang='lat' dir='ltr'><strong>Sum-em.</strong></span> <span class='ocrx_word' id='word_1_298' title='bbox 1099 4450 1455 4514; x_wconf 73' lang='lat' dir='ltr'><strong>signaturae</strong></span> <span class='ocrx_word' id='word_1_299' title='bbox 1486 4453 1594 4513; x_wconf 98' lang='grc' dir='ltr'><strong>Δρ.</strong></span> <span class='ocrx_word' id='word_1_300' title='bbox 1631 4452 1938 4514; x_wconf 79' lang='lat' dir='ltr'><strong>Tribunal,</strong></span> <span class='ocrx_word' id='word_1_301' title='bbox 1972 4452 2009 4506; x_wconf 82' lang='grc'><strong>0</strong></span> <span class='ocrx_word' id='word_1_302' title='bbox 2039 4457 2214 4506; x_wconf 86' lang='lat' dir='ltr'><strong>mart.</strong></span> <span class='ocrx_word' id='word_1_303' title='bbox 2252 4454 2402 4514; x_wconf 92' lang='grc'><strong>1912,</strong></span> <span class='ocrx_word' id='word_1_304' title='bbox 2447 4456 2562 4506; x_wconf 84' lang='lat' dir='ltr'><strong>art.</strong></span> <span class='ocrx_word' id='word_1_305' title='bbox 2600 4454 2683 4507; x_wconf 91' lang='grc'><strong>19.</strong></span> 
     </span>
    </p>

    <p class='ocr_par' dir='ltr' id='par_1_17' title="bbox 227 4539 3221 4966">
     <span class='ocr_line' id='line_1_35' title="bbox 394 4539 3216 4605; baseline -0.001 -10"><span class='ocrx_word' id='word_1_306' title='bbox 394 4547 423 4583; x_wconf 80' lang='lat'>⁸</span> <span class='ocrx_word' id='word_1_307' title='bbox 464 4541 531 4595; x_wconf 84' lang='grc' dir='ltr'><strong>Ο.</strong></span> <span class='ocrx_word' id='word_1_308' title='bbox 566 4543 618 4603; x_wconf 93' lang='grc'><strong>4,</strong></span> <span class='ocrx_word' id='word_1_309' title='bbox 647 4541 713 4595; x_wconf 81' lang='lat' dir='ltr'><strong>G.</strong></span> <span class='ocrx_word' id='word_1_310' title='bbox 755 4542 872 4603; x_wconf 85' lang='lat'><strong>111,</strong></span> <span class='ocrx_word' id='word_1_311' title='bbox 905 4555 960 4604; x_wconf 84' lang='lat' dir='ltr'><strong>q.</strong></span> <span class='ocrx_word' id='word_1_312' title='bbox 991 4542 1042 4603; x_wconf 78' lang='lat'><strong>3:</strong></span> <span class='ocrx_word' id='word_1_313' title='bbox 1068 4554 1117 4594; x_wconf 89' lang='lat' dir='ltr'><strong>c.</strong></span> <span class='ocrx_word' id='word_1_314' title='bbox 1150 4542 1234 4603; x_wconf 81' lang='grc'><strong>34,</strong></span> <span class='ocrx_word' id='word_1_315' title='bbox 1264 4543 1348 4603; x_wconf 76' lang='lat'><strong>85,</strong></span> <span class='ocrx_word' id='word_1_316' title='bbox 1379 4542 1463 4604; x_wconf 82' lang='grc'><strong>43,</strong></span> <span class='ocrx_word' id='word_1_317' title='bbox 1494 4542 1561 4604; x_wconf 77' lang='lat' dir='ltr'><strong>X,</strong></span> <span class='ocrx_word' id='word_1_318' title='bbox 1594 4544 1665 4594; x_wconf 76' lang='lat' dir='ltr'><strong>de</strong></span> <span class='ocrx_word' id='word_1_319' title='bbox 1694 4542 2021 4603; x_wconf 66' lang='lat' dir='ltr'><strong>rescriptis,</strong></span> <span class='ocrx_word' id='word_1_320' title='bbox 2065 4544 2114 4604; x_wconf 88' lang='lat'><strong>1,</strong></span> <span class='ocrx_word' id='word_1_321' title='bbox 2147 4544 2197 4605; x_wconf 77' lang='lat'><strong>33</strong></span> <span class='ocrx_word' id='word_1_322' title='bbox 2225 4555 2277 4595; x_wconf 88' lang='lat' dir='ltr'><strong>c.</strong></span> <span class='ocrx_word' id='word_1_323' title='bbox 2310 4543 2361 4604; x_wconf 88' lang='grc'><strong>2,</strong></span> <span class='ocrx_word' id='word_1_324' title='bbox 2396 4545 2462 4604; x_wconf 82' lang='lat' dir='ltr'><strong>X,</strong></span> <span class='ocrx_word' id='word_1_325' title='bbox 2497 4546 2568 4595; x_wconf 80' lang='lat' dir='ltr'><strong>de</strong></span> <span class='ocrx_word' id='word_1_326' title='bbox 2609 4540 3013 4599; x_wconf 68' lang='lat' dir='ltr'><strong>dilationibus,</strong></span> <span class='ocrx_word' id='word_1_327' title='bbox 3049 4540 3132 4601; x_wconf 87' lang='lat'><strong>11,</strong></span> <span class='ocrx_word' id='word_1_328' title='bbox 3165 4539 3216 4603; x_wconf 82' lang='lat'><strong>8;</strong></span> 
     </span>
     <span class='ocr_line' id='line_1_36' title="bbox 227 4629 3212 4695; baseline 0.001 -14"><span class='ocrx_word' id='word_1_329' title='bbox 227 4640 278 4681; x_wconf 82' lang='lat' dir='ltr'><strong>c.</strong></span> <span class='ocrx_word' id='word_1_330' title='bbox 306 4631 357 4692; x_wconf 83' lang='lat'><strong>2,</strong></span> <span class='ocrx_word' id='word_1_331' title='bbox 383 4635 452 4683; x_wconf 72' lang='lat' dir='ltr'><strong>ut</strong></span> <span class='ocrx_word' id='word_1_332' title='bbox 479 4631 585 4683; x_wconf 74' lang='lat' dir='ltr'><strong>lite</strong></span> <span class='ocrx_word' id='word_1_333' title='bbox 617 4633 905 4692; x_wconf 71' lang='lat' dir='ltr'><strong>vendente</strong></span> <span class='ocrx_word' id='word_1_334' title='bbox 928 4632 1079 4683; x_wconf 75' lang='lat' dir='ltr'><strong>nihil</strong></span> <span class='ocrx_word' id='word_1_335' title='bbox 1108 4634 1442 4691; x_wconf 69' lang='lat' dir='ltr'><strong>innovetur,</strong></span> <span class='ocrx_word' id='word_1_336' title='bbox 1470 4633 1553 4693; x_wconf 88' lang='lat' dir='ltr'><strong>II,</strong></span> <span class='ocrx_word' id='word_1_337' title='bbox 1581 4633 1633 4693; x_wconf 81' lang='lat'><strong>5,</strong></span> <span class='ocrx_word' id='word_1_338' title='bbox 1664 4634 1728 4685; x_wconf 85' lang='lat' dir='ltr'><strong>in</strong></span> <span class='ocrx_word' id='word_1_339' title='bbox 1760 4633 1964 4695; x_wconf 81' lang='lat' dir='ltr'><strong>Glem.;</strong></span> <span class='ocrx_word' id='word_1_340' title='bbox 1993 4632 2051 4685; x_wconf 83' lang='grc'><strong>8.</strong></span> <span class='ocrx_word' id='word_1_341' title='bbox 2083 4632 2149 4686; x_wconf 84' lang='lat' dir='ltr'><strong>C.</strong></span> <span class='ocrx_word' id='word_1_342' title='bbox 2184 4634 2290 4693; x_wconf 73' lang='grc' dir='ltr'><strong>Ερ.</strong></span> <span class='ocrx_word' id='word_1_343' title='bbox 2319 4636 2383 4685; x_wconf 87' lang='lat' dir='ltr'><strong>et</strong></span> <span class='ocrx_word' id='word_1_344' title='bbox 2408 4632 2573 4694; x_wconf 70' lang='lat' dir='ltr'><strong>neg„</strong></span> <span class='ocrx_word' id='word_1_345' title='bbox 2604 4633 2776 4683; x_wconf 75' lang='lat' dir='ltr'><strong>instr.</strong></span> <span class='ocrx_word' id='word_1_346' title='bbox 2815 4632 2879 4681; x_wconf 89' lang='lat'><strong>11</strong></span> <span class='ocrx_word' id='word_1_347' title='bbox 2906 4630 3028 4681; x_wconf 78' lang='lat' dir='ltr'><strong>iun.</strong></span> <span class='ocrx_word' id='word_1_348' title='bbox 3064 4629 3212 4690; x_wconf 88' lang='grc'><strong>1880,</strong></span> 
     </span>
     <span class='ocr_line' id='line_1_37' title="bbox 228 4719 3221 4786; baseline -0.001 -14"><span class='ocrx_word' id='word_1_349' title='bbox 228 4732 288 4772; x_wconf 87' lang='lat' dir='ltr'><strong>n.</strong></span> <span class='ocrx_word' id='word_1_350' title='bbox 325 4723 406 4783; x_wconf 86' lang='grc'><strong>14,</strong></span> <span class='ocrx_word' id='word_1_351' title='bbox 436 4723 519 4784; x_wconf 89' lang='grc'><strong>22,</strong></span> <span class='ocrx_word' id='word_1_352' title='bbox 552 4723 633 4784; x_wconf 84' lang='grc'><strong>23;</strong></span> <span class='ocrx_word' id='word_1_353' title='bbox 664 4722 721 4775; x_wconf 83' lang='grc'><strong>8.</strong></span> <span class='ocrx_word' id='word_1_354' title='bbox 754 4723 819 4775; x_wconf 87' lang='lat' dir='ltr'><strong>C.</strong></span> <span class='ocrx_word' id='word_1_355' title='bbox 861 4722 936 4776; x_wconf 89' lang='lat' dir='ltr'><strong>de</strong></span> <span class='ocrx_word' id='word_1_356' title='bbox 968 4724 1137 4785; x_wconf 85' lang='lat' dir='ltr'><strong>Prop.</strong></span> <span class='ocrx_word' id='word_1_357' title='bbox 1174 4722 1337 4781; x_wconf 77' lang='lat' dir='ltr'><strong>Fide.</strong></span> <span class='ocrx_word' id='word_1_358' title='bbox 1371 4725 1543 4777; x_wconf 81' lang='lat' dir='ltr'><strong>lustr.</strong></span> <span class='ocrx_word' id='word_1_359' title='bbox 1578 4736 1633 4775; x_wconf 76' lang='lat' dir='ltr'><strong>a.</strong></span> <span class='ocrx_word' id='word_1_360' title='bbox 1676 4724 1825 4786; x_wconf 83' lang='lat'><strong>1883,</strong></span> <span class='ocrx_word' id='word_1_361' title='bbox 1859 4738 1919 4776; x_wconf 89' lang='lat' dir='ltr'><strong>n.</strong></span> <span class='ocrx_word' id='word_1_362' title='bbox 1951 4725 2103 4785; x_wconf 79' lang='lat' dir='ltr'><strong>xlv,</strong></span> <span class='ocrx_word' id='word_1_363' title='bbox 2137 4725 2319 4785; x_wconf 82' lang='lat' dir='ltr'><strong>XXII,</strong></span> <span class='ocrx_word' id='word_1_364' title='bbox 2353 4724 2565 4783; x_wconf 83' lang='lat' dir='ltr'><strong>xxn1;</strong></span> <span class='ocrx_word' id='word_1_365' title='bbox 2598 4721 2859 4783; x_wconf 81' lang='lat' dir='ltr'><strong>Regulae</strong></span> <span class='ocrx_word' id='word_1_366' title='bbox 2891 4719 3221 4772; x_wconf 82' lang='lat' dir='ltr'><strong>servandae</strong></span> 
     </span>
     <span class='ocr_line' id='line_1_38' title="bbox 230 4809 3217 4876; baseline 0 -14"><span class='ocrx_word' id='word_1_367' title='bbox 230 4809 295 4862; x_wconf 76' lang='lat' dir='ltr'><strong>ln</strong></span> <span class='ocrx_word' id='word_1_368' title='bbox 338 4811 577 4865; x_wconf 76' lang='lat' dir='ltr'><strong>iudiciis</strong></span> <span class='ocrx_word' id='word_1_369' title='bbox 620 4812 779 4873; x_wconf 84' lang='lat' dir='ltr'><strong>apud</strong></span> <span class='ocrx_word' id='word_1_370' title='bbox 817 4813 876 4867; x_wconf 81' lang='lat' dir='ltr'><strong>S.</strong></span> <span class='ocrx_word' id='word_1_371' title='bbox 915 4814 986 4864; x_wconf 86' lang='lat' dir='ltr'><strong>R.</strong></span> <span class='ocrx_word' id='word_1_372' title='bbox 1028 4814 1217 4866; x_wconf 78' lang='lat' dir='ltr'><strong>Rotae</strong></span> <span class='ocrx_word' id='word_1_373' title='bbox 1260 4814 1567 4875; x_wconf 77' lang='lat' dir='ltr'><strong>Tribunal,</strong></span> <span class='ocrx_word' id='word_1_374' title='bbox 1608 4815 1641 4865; x_wconf 83' lang='grc'><strong>4</strong></span> <span class='ocrx_word' id='word_1_375' title='bbox 1679 4826 1814 4876; x_wconf 77' lang='lat' dir='ltr'><strong>aug.</strong></span> <span class='ocrx_word' id='word_1_376' title='bbox 1856 4815 2006 4874; x_wconf 92' lang='grc'><strong>1910,</strong></span> <span class='ocrx_word' id='word_1_377' title='bbox 2049 4814 2077 4875; x_wconf 71' lang='lat'><strong>5</strong></span> <span class='ocrx_word' id='word_1_378' title='bbox 2116 4813 2199 4873; x_wconf 88' lang='lat'><strong>18,</strong></span> <span class='ocrx_word' id='word_1_379' title='bbox 2231 4825 2289 4863; x_wconf 89' lang='lat' dir='ltr'><strong>n.</strong></span> <span class='ocrx_word' id='word_1_380' title='bbox 2321 4814 2373 4874; x_wconf 90' lang='lat'><strong>1,</strong></span> <span class='ocrx_word' id='word_1_381' title='bbox 2404 4813 2454 4875; x_wconf 75' lang='lat'><strong>3:</strong></span> <span class='ocrx_word' id='word_1_382' title='bbox 2492 4812 2753 4873; x_wconf 81' lang='lat' dir='ltr'><strong>Regulae</strong></span> <span class='ocrx_word' id='word_1_383' title='bbox 2790 4809 3117 4862; x_wconf 79' lang='lat' dir='ltr'><strong>servandae</strong></span> <span class='ocrx_word' id='word_1_384' title='bbox 3150 4809 3217 4862; x_wconf 76' lang='lat' dir='ltr'><strong>in</strong></span> 
     </span>
     <span class='ocr_line' id='line_1_39' title="bbox 232 4899 2570 4966; baseline 0.001 -16"><span class='ocrx_word' id='word_1_385' title='bbox 232 4899 469 4956; x_wconf 76' lang='lat' dir='ltr'><strong>indicus</strong></span> <span class='ocrx_word' id='word_1_386' title='bbox 497 4902 656 4964; x_wconf 77' lang='lat' dir='ltr'><strong>apud</strong></span> <span class='ocrx_word' id='word_1_387' title='bbox 692 4902 956 4964; x_wconf 75' lang='lat' dir='ltr'><strong>Sum-em.</strong></span> <span class='ocrx_word' id='word_1_388' title='bbox 993 4903 1348 4966; x_wconf 78' lang='lat' dir='ltr'><strong>signaturae</strong></span> <span class='ocrx_word' id='word_1_389' title='bbox 1386 4907 1493 4965; x_wconf 75' lang='lat' dir='ltr'><strong>Ap.</strong></span> <span class='ocrx_word' id='word_1_390' title='bbox 1535 4905 1841 4964; x_wconf 76' lang='lat' dir='ltr'><strong>Tribunal,</strong></span> <span class='ocrx_word' id='word_1_391' title='bbox 1874 4904 1910 4956; x_wconf 78' lang='lat'><strong>6</strong></span> <span class='ocrx_word' id='word_1_392' title='bbox 1939 4907 2113 4955; x_wconf 79' lang='lat' dir='ltr'><strong>murt.</strong></span> <span class='ocrx_word' id='word_1_393' title='bbox 2149 4902 2297 4963; x_wconf 89' lang='grc'><strong>1912,</strong></span> <span class='ocrx_word' id='word_1_394' title='bbox 2330 4906 2446 4954; x_wconf 83' lang='lat' dir='ltr'><strong>nrt.</strong></span> <span class='ocrx_word' id='word_1_395' title='bbox 2485 4902 2570 4954; x_wconf 84' lang='lat'><strong>13:</strong></span> 
     </span>
    </p>

    <p class='ocr_par' dir='ltr' id='par_1_18' title="bbox 233 4990 3219 5134">
     <span class='ocr_line' id='line_1_40' title="bbox 404 4990 3219 5056; baseline -0.001 -11"><span class='ocrx_word' id='word_1_396' title='bbox 404 4997 431 5035; x_wconf 83' lang='lat'><strong>³</strong></span> <span class='ocrx_word' id='word_1_397' title='bbox 469 4993 731 5056; x_wconf 76' lang='lat' dir='ltr'><strong>Regulae</strong></span> <span class='ocrx_word' id='word_1_398' title='bbox 762 4994 1088 5046; x_wconf 82' lang='lat' dir='ltr'><strong>servandae</strong></span> <span class='ocrx_word' id='word_1_399' title='bbox 1115 4996 1176 5045; x_wconf 86' lang='lat' dir='ltr'><strong>ln</strong></span> <span class='ocrx_word' id='word_1_400' title='bbox 1205 4994 1442 5047; x_wconf 79' lang='lat' dir='ltr'><strong>iudiciis</strong></span> <span class='ocrx_word' id='word_1_401' title='bbox 1466 4993 1624 5055; x_wconf 83' lang='lat' dir='ltr'><strong>apud</strong></span> <span class='ocrx_word' id='word_1_402' title='bbox 1659 4994 1923 5055; x_wconf 83' lang='lat' dir='ltr'><strong>Suprem.</strong></span> <span class='ocrx_word' id='word_1_403' title='bbox 1955 4992 2309 5055; x_wconf 73' lang='lat' dir='ltr'><strong>signarat-ae</strong></span> <span class='ocrx_word' id='word_1_404' title='bbox 2335 4994 2441 5052; x_wconf 88' lang='grc' dir='ltr'><strong>Δρ.</strong></span> <span class='ocrx_word' id='word_1_405' title='bbox 2469 4992 2775 5051; x_wconf 79' lang='lat' dir='ltr'><strong>Tribunnl,</strong></span> <span class='ocrx_word' id='word_1_406' title='bbox 2804 4991 2839 5043; x_wconf 85' lang='grc'><strong>0</strong></span> <span class='ocrx_word' id='word_1_407' title='bbox 2861 4994 3036 5042; x_wconf 84' lang='lat' dir='ltr'><strong>mart.</strong></span> <span class='ocrx_word' id='word_1_408' title='bbox 3070 4990 3219 5051; x_wconf 90' lang='grc'><strong>1912,</strong></span> 
     </span>
     <span class='ocr_line' id='line_1_41' title="bbox 233 5084 461 5134; baseline 0.022 -5"><span class='ocrx_word' id='word_1_409' title='bbox 233 5084 347 5134; x_wconf 78' lang='lat' dir='ltr'><strong>nrt.</strong></span> <span class='ocrx_word' id='word_1_410' title='bbox 379 5084 461 5134; x_wconf 89' lang='grc'><strong>14.</strong></span> 
     </span>
    </p>

    <p class='ocr_par' dir='ltr' id='par_1_19' title="bbox 403 5172 3151 5237">
     <span class='ocr_line' id='line_1_42' title="bbox 403 5172 3151 5237; baseline -0.003 -10"><span class='ocrx_word' id='word_1_411' title='bbox 403 5179 431 5215; x_wconf 81' lang='lat'><strong>⁴</strong></span> <span class='ocrx_word' id='word_1_412' title='bbox 468 5175 731 5237; x_wconf 80' lang='lat' dir='ltr'><strong>Regulae</strong></span> <span class='ocrx_word' id='word_1_413' title='bbox 758 5176 1084 5227; x_wconf 82' lang='lat' dir='ltr'><strong>servandae</strong></span> <span class='ocrx_word' id='word_1_414' title='bbox 1120 5177 1181 5227; x_wconf 80' lang='lat' dir='ltr'><strong>in</strong></span> <span class='ocrx_word' id='word_1_415' title='bbox 1212 5174 1449 5228; x_wconf 76' lang='lat' dir='ltr'><strong>iudiciis</strong></span> <span class='ocrx_word' id='word_1_416' title='bbox 1477 5175 1636 5237; x_wconf 83' lang='lat' dir='ltr'><strong>apud</strong></span> <span class='ocrx_word' id='word_1_417' title='bbox 1670 5176 1728 5230; x_wconf 81' lang='lat' dir='ltr'><strong>S.</strong></span> <span class='ocrx_word' id='word_1_418' title='bbox 1759 5177 1828 5227; x_wconf 86' lang='lat' dir='ltr'><strong>R.</strong></span> <span class='ocrx_word' id='word_1_419' title='bbox 1867 5175 2057 5227; x_wconf 79' lang='lat' dir='ltr'><strong>Rotae</strong></span> <span class='ocrx_word' id='word_1_420' title='bbox 2084 5173 2389 5232; x_wconf 81' lang='lat' dir='ltr'><strong>Tribunal,</strong></span> <span class='ocrx_word' id='word_1_421' title='bbox 2421 5174 2453 5222; x_wconf 98' lang='grc'><strong>4</strong></span> <span class='ocrx_word' id='word_1_422' title='bbox 2481 5183 2613 5232; x_wconf 83' lang='lat' dir='ltr'><strong>nug.</strong></span> <span class='ocrx_word' id='word_1_423' title='bbox 2647 5173 2794 5230; x_wconf 81' lang='lat'><strong>1910,</strong></span> <span class='ocrx_word' id='word_1_424' title='bbox 2829 5172 2856 5233; x_wconf 75' lang='lat'><strong>5</strong></span> <span class='ocrx_word' id='word_1_425' title='bbox 2896 5173 2978 5231; x_wconf 82' lang='lat'><strong>19.</strong></span> <span class='ocrx_word' id='word_1_426' title='bbox 3010 5185 3068 5222; x_wconf 92' lang='lat' dir='ltr'><strong>n.</strong></span> <span class='ocrx_word' id='word_1_427' title='bbox 3103 5173 3151 5222; x_wconf 93' lang='lat'><strong>1.</strong></span> 
     </span>
    </p>

    <p class='ocr_par' dir='ltr' id='par_1_20' title="bbox 236 5260 3226 5509">
     <span class='ocr_line' id='line_1_43' title="bbox 405 5260 3218 5328; baseline -0.001 -10"><span class='ocrx_word' id='word_1_428' title='bbox 405 5271 431 5305; x_wconf 83' lang='lat'>⁸</span> <span class='ocrx_word' id='word_1_429' title='bbox 479 5265 538 5319; x_wconf 81' lang='grc'><strong>8.</strong></span> <span class='ocrx_word' id='word_1_430' title='bbox 570 5265 636 5317; x_wconf 85' lang='lat'><strong>0.</strong></span> <span class='ocrx_word' id='word_1_431' title='bbox 671 5265 777 5325; x_wconf 74' lang='grc' dir='ltr'><strong>Ερ.</strong></span> <span class='ocrx_word' id='word_1_432' title='bbox 813 5268 877 5317; x_wconf 87' lang='lat' dir='ltr'><strong>et</strong></span> <span class='ocrx_word' id='word_1_433' title='bbox 910 5264 1075 5328; x_wconf 66' lang='lat' dir='ltr'><strong>neg„</strong></span> <span class='ocrx_word' id='word_1_434' title='bbox 1115 5266 1286 5318; x_wconf 84' lang='lat' dir='ltr'><strong>instr.</strong></span> <span class='ocrx_word' id='word_1_435' title='bbox 1324 5268 1389 5318; x_wconf 84' lang='lat'><strong>11</strong></span> <span class='ocrx_word' id='word_1_436' title='bbox 1427 5268 1546 5318; x_wconf 81' lang='lat' dir='ltr'><strong>iun.</strong></span> <span class='ocrx_word' id='word_1_437' title='bbox 1588 5265 1737 5328; x_wconf 88' lang='grc'><strong>1880,</strong></span> <span class='ocrx_word' id='word_1_438' title='bbox 1784 5278 1841 5317; x_wconf 90' lang='lat' dir='ltr'><strong>n.</strong></span> <span class='ocrx_word' id='word_1_439' title='bbox 1885 5267 1966 5327; x_wconf 74' lang='lat'><strong>1⁴3</strong></span> <span class='ocrx_word' id='word_1_440' title='bbox 2004 5263 2062 5317; x_wconf 81' lang='lat' dir='ltr'><strong>S.</strong></span> <span class='ocrx_word' id='word_1_441' title='bbox 2102 5266 2168 5317; x_wconf 80' lang='lat' dir='ltr'><strong>O.</strong></span> <span class='ocrx_word' id='word_1_442' title='bbox 2207 5263 2281 5316; x_wconf 89' lang='lat' dir='ltr'><strong>de</strong></span> <span class='ocrx_word' id='word_1_443' title='bbox 2318 5263 2488 5325; x_wconf 84' lang='lat' dir='ltr'><strong>Prop.</strong></span> <span class='ocrx_word' id='word_1_444' title='bbox 2541 5262 2705 5321; x_wconf 76' lang='lat' dir='ltr'><strong>Fide,</strong></span> <span class='ocrx_word' id='word_1_445' title='bbox 2756 5263 2926 5315; x_wconf 80' lang='lat' dir='ltr'><strong>instr.</strong></span> <span class='ocrx_word' id='word_1_446' title='bbox 2967 5275 3024 5314; x_wconf 89' lang='lat' dir='ltr'><strong>a.</strong></span> <span class='ocrx_word' id='word_1_447' title='bbox 3069 5260 3218 5320; x_wconf 82' lang='grc'><strong>1883,</strong></span> 
     </span>
     <span class='ocr_line' id='line_1_44' title="bbox 236 5352 3226 5418; baseline -0 -15"><span class='ocrx_word' id='word_1_448' title='bbox 236 5363 293 5404; x_wconf 89' lang='lat' dir='ltr'><strong>n.</strong></span> <span class='ocrx_word' id='word_1_449' title='bbox 326 5356 474 5418; x_wconf 72' lang='lat' dir='ltr'><strong>XIV:</strong></span> <span class='ocrx_word' id='word_1_450' title='bbox 510 5355 772 5417; x_wconf 81' lang='lat' dir='ltr'><strong>Regulae</strong></span> <span class='ocrx_word' id='word_1_451' title='bbox 801 5356 1128 5409; x_wconf 83' lang='lat' dir='ltr'><strong>servandae</strong></span> <span class='ocrx_word' id='word_1_452' title='bbox 1162 5358 1221 5407; x_wconf 87' lang='lat' dir='ltr'><strong>in</strong></span> <span class='ocrx_word' id='word_1_453' title='bbox 1253 5356 1491 5409; x_wconf 75' lang='lat' dir='ltr'><strong>iudiciis</strong></span> <span class='ocrx_word' id='word_1_454' title='bbox 1523 5356 1682 5418; x_wconf 80' lang='lat' dir='ltr'><strong>apud</strong></span> <span class='ocrx_word' id='word_1_455' title='bbox 1715 5355 1774 5408; x_wconf 83' lang='lat' dir='ltr'><strong>S.</strong></span> <span class='ocrx_word' id='word_1_456' title='bbox 1807 5357 1879 5407; x_wconf 86' lang='lat' dir='ltr'><strong>R.</strong></span> <span class='ocrx_word' id='word_1_457' title='bbox 1916 5355 2104 5408; x_wconf 83' lang='lat' dir='ltr'><strong>Rotae</strong></span> <span class='ocrx_word' id='word_1_458' title='bbox 2134 5354 2438 5413; x_wconf 79' lang='lat' dir='ltr'><strong>Tribunal,</strong></span> <span class='ocrx_word' id='word_1_459' title='bbox 2471 5355 2504 5404; x_wconf 82' lang='lat'>4</span> <span class='ocrx_word' id='word_1_460' title='bbox 2533 5365 2667 5415; x_wconf 83' lang='lat' dir='ltr'><strong>aug.</strong></span> <span class='ocrx_word' id='word_1_461' title='bbox 2710 5354 2858 5411; x_wconf 83' lang='lat'><strong>1910,</strong></span> <span class='ocrx_word' id='word_1_462' title='bbox 2894 5353 2921 5414; x_wconf 65' lang='grc' dir='ltr'>ξ</span> <span class='ocrx_word' id='word_1_463' title='bbox 2962 5352 3045 5412; x_wconf 89' lang='grc'><strong>24,</strong></span> <span class='ocrx_word' id='word_1_464' title='bbox 3080 5364 3137 5402; x_wconf 92' lang='lat' dir='ltr'><strong>n.</strong></span> <span class='ocrx_word' id='word_1_465' title='bbox 3174 5353 3226 5411; x_wconf 72' lang='lat'><strong>13</strong></span> 
     </span>
     <span class='ocr_line' id='line_1_45' title="bbox 239 5426 3219 5509; baseline -0.003 -11"><span class='ocrx_word' id='word_1_466' title='bbox 239 5442 496 5509; x_wconf 78' lang='lat' dir='ltr'><strong>Regulae</strong></span> <span class='ocrx_word' id='word_1_467' title='bbox 519 5446 846 5500; x_wconf 82' lang='lat' dir='ltr'><strong>servandae</strong></span> <span class='ocrx_word' id='word_1_468' title='bbox 868 5447 932 5498; x_wconf 81' lang='lat' dir='ltr'><strong>in</strong></span> <span class='ocrx_word' id='word_1_469' title='bbox 961 5426 1201 5499; x_wconf 77' lang='lat' dir='ltr'><strong>iudiciis</strong></span> <span class='ocrx_word' id='word_1_470' title='bbox 1223 5448 1380 5509; x_wconf 82' lang='lat' dir='ltr'><strong>apud</strong></span> <span class='ocrx_word' id='word_1_471' title='bbox 1415 5448 1678 5509; x_wconf 84' lang='lat' dir='ltr'><strong>Suprem.</strong></span> <span class='ocrx_word' id='word_1_472' title='bbox 1707 5446 2063 5509; x_wconf 79' lang='lat' dir='ltr'><strong>signaturae</strong></span> <span class='ocrx_word' id='word_1_473' title='bbox 2087 5447 2194 5506; x_wconf 94' lang='grc' dir='ltr'><strong>Δρ.</strong></span> <span class='ocrx_word' id='word_1_474' title='bbox 2221 5445 2528 5505; x_wconf 78' lang='lat' dir='ltr'><strong>Tribunal,</strong></span> <span class='ocrx_word' id='word_1_475' title='bbox 2554 5443 2589 5496; x_wconf 83' lang='grc'><strong>0</strong></span> <span class='ocrx_word' id='word_1_476' title='bbox 2613 5447 2787 5496; x_wconf 90' lang='lat' dir='ltr'><strong>mart.</strong></span> <span class='ocrx_word' id='word_1_477' title='bbox 2815 5442 2963 5503; x_wconf 87' lang='grc'><strong>1912,</strong></span> <span class='ocrx_word' id='word_1_478' title='bbox 2993 5445 3110 5493; x_wconf 79' lang='lat' dir='ltr'><strong>art.</strong></span> <span class='ocrx_word' id='word_1_479' title='bbox 3136 5439 3219 5491; x_wconf 85' lang='grc'><strong>10.</strong></span> 
     </span>
    </p>
   </div>
  </div>
 </body>
</html>
