3753 5871
564 271 676 330 432
1714 275 1910 325 code-v
1948 274 2109 325 Iuris
2158 274 2438 326 canonici

1847 513 2033 594 cm.
2078 514 2272 580 1479.
2519 501 2532 535 ’

755 647 847 712 In
893 648 1258 717 locatione
1299 652 1649 718 bonorum
1691 653 2222 721 beneficialium
2270 655 2726 739 anticipatae
2774 656 3180 724 solutiones
3223 657 3441 723 ultra
3479 676 3574 724 se·

575 758 845 825 mestre
895 759 1380 841 prohibentur
1429 761 1586 830 sine
1647 762 1949 830 licentia
2002 764 2385 831 Ordinarii
2435 765 2604 846 loci,
2663 765 2787 848 qui
2840 765 2917 831 in
2968 765 3268 832 casibus
3333 768 3576 832 extm-

574 863 976 932 ordinariis
1010 869 1357 950 congruis
1395 871 2106 954 praescriptionibus
2140 875 2401 939 caveat
2446 891 2536 940 ne
2573 873 2751 940 talis
2787 874 3059 942 locatio
3094 874 3175 940 in
3215 874 3574 940 damnum

570 981 829 1060 vergat
862 976 1005 1042 loci
1038 978 1144 1061 pii
1179 984 1313 1046 aut
1349 997 1849 1046 successorum
1885 982 1965 1046 in
2000 981 2347 1048 beneficio
2384 980 2436 1049 ¹.

1858 1179 2034 1245 CAN.
2086 1179 2279 1244 1480.

748 1312 1002 1378 Annui
1044 1314 1328 1380 reditus
1394 1314 1727 1382 beneficii
1796 1316 1994 1382 inter
2067 1336 2554 1384 successorem
2600 1324 2671 1386 et
2714 1323 3249 1385 antecessorem
3325 1318 3578 1384 eiusve

574 1419 899 1503 heredes,
944 1423 1023 1487 in
1062 1441 1237 1489 casu
1283 1424 1553 1506 obitus,
1597 1443 1735 1508 pro
1776 1430 1944 1491 rata
1993 1427 2347 1509 temporis
2391 1446 2534 1510 quo
2575 1426 2927 1494 beneficio
2967 1432 3276 1510 uterque
3330 1427 3573 1493 deser·

571 1530 816 1613 vierit,
866 1532 1442 1614 distribuantur,
1498 1534 1836 1600 omnibus
1896 1535 2375 1618 proventibus
2434 1541 2510 1603 et
2560 1536 2905 1604 oneribus
2951 1536 3330 1604 currentis
3395 1535 3574 1602 anni

566 1642 1045 1725 computatis,
1091 1643 1237 1709 nisi
1279 1642 1607 1725 legitima
1650 1645 2108 1711 consuetudo
2155 1649 2289 1712 aut
2332 1645 2739 1729 peculiaria
2779 1647 3072 1711 statuta
3114 1645 3258 1712 rite
3301 1663 3571 1729 appro-

567 1751 744 1818 bata
783 1751 1014 1818 alium
1056 1752 1299 1820 iustae
1345 1753 1902 1837 compositionis
1941 1755 2235 1822 modum
2278 1755 2712 1823 induxerint
2745 1760 2798 1829 ⁸.

1833 1951 2011 2018 CAN.
2062 1952 2256 2018 1481.

748 2087 1108 2154 Deductis
1147 2087 1544 2154 cuiuslibet
1585 2089 1875 2172 generis
1918 2090 2257 2174 expensis
2300 2094 2375 2157 et
2428 2090 2635 2157 salvo
2687 2090 3149 2175 praescripto
3190 2109 3366 2158 can.
3418 2091 3570 2172 472,

572 2211 645 2259 n.
685 2198 751 2276 1,
788 2195 1085 2263 fructus
1129 2196 1463 2265 beneficii
1507 2198 1843 2265 vacantis
1882 2217 2020 2281 pro
2056 2198 2294 2266 altera
2333 2199 2645 2266 dimidia
2679 2205 2893 2283 parte
2930 2204 3373 2267 accrescunt
3413 2200 3572 2267 doti

570 2301 902 2370 beneficii
955 2305 1071 2371 vel
1122 2324 1407 2373 massae
1448 2306 1844 2389 communi,
1892 2326 2027 2391 pro
2069 2308 2310 2375 altera
2349 2308 2624 2376 cedunt
2667 2308 2996 2376 fabricae
3040 2307 3401 2376 ecclesiae
3447 2328 3573 2376 seu

567 2413 922 2495 sacrario,
963 2413 1171 2480 salva,
1204 2414 1535 2499 legitima
1570 2416 2103 2484 consuetudine
2149 2435 2292 2500 qua
2333 2416 2628 2484 fructus
2663 2435 2913 2485 omnes
2947 2417 3027 2484 in
3063 2417 3340 2485 bonum
3378 2435 3567 2485 com-

567 2538 786 2588 mune
828 2521 1239 2589 dioeceseos
1276 2529 1672 2610 erogentur
1708 2526 1761 2593 ³.

1831 2702 2007 2769 CAN.
2067 2701 2263 2768 1482.

743 2841 954 2920 Quod
990 2855 1085 2910 ad
1119 2843 1432 2910 mediam
1473 2847 1854 2925 annata-m,
1901 2862 2118 2929 quam
2151 2849 2444 2926 vocant,
2479 2844 2779 2928 attinet,
2814 2863 2926 2926 ea,
2963 2844 3089 2912 ubi
3123 2845 3358 2930 viget,
3397 2845 3567 2914 reti·

570 2955 861 3033 neatur,
904 2958 978 3020 et
1026 2953 1433 3036 peculiaria
1483 2956 1770 3020 statuta
1808 2972 1897 3020 ac
1936 2953 2346 3020 laudabiles
2370 2953 2954 3022 consuetudines
2994 2954 3071 3020 in
3117 2972 3568 3040 unaquaque

568 3062 862 3147 regione
894 3062 1097 3128 circa
1129 3080 1290 3128 eam
1328 3062 1656 3148 vigentes
1693 3065 2080 3129 serventur
2119 3064 2167 3132 ⁴.

1856 3267 2034 3333 cm.
2088 3267 2283 3333 1483.

743 3408 776 3490 ἓ
824 3410 890 3474 1.
942 3409 1154 3476 Bona.
1179 3426 1472 3477 mensae
1497 3408 1939 3492 episcopalis
1971 3409 2064 3475 ab
2097 3408 2466 3492 Episcopo
2489 3408 2885 3492 diligenter
2911 3407 3565 3475 administrentur.

744 3526 778 3608 ξ
826 3525 891 3590 2.
943 3527 1225 3593 Domus
1268 3526 1709 3610 episcopalis
1753 3531 1960 3592 sarta
2009 3530 2348 3609 tectaque
2393 3529 2869 3592 conservetur
2913 3528 3014 3607 et,
3074 3524 3138 3590 si
3195 3541 3386 3608 opus
3435 3524 3564 3605 sit,

566 3639 1029 3703 restauretur
1075 3640 1152 3703 et
1198 3637 1585 3720 reparetur
1632 3634 1985 3718 impensis
2034 3632 2357 3701 eiusdem
2417 3652 2732 3711 mensae,
2798 3634 3086 3717 quoties
3135 3633 3567 3702 huiusmodi

562 3763 788 3812 onera
827 3763 913 3810 ex
952 3744 1311 3828 peculiari
1355 3743 1582 3811 titulo
1626 3743 1799 3810 aliis
1838 3761 1986 3809 non
2024 3742 2479 3808 incumbant.

744 3975 764 4009 ¹
802 3974 866 4025 C.
902 3974 951 4032 6,
987 3974 1051 4025 C.
1087 3975 1152 4032 x,
1188 3985 1241 4033 q.
1278 3974 1326 4033 23
1360 3973 1532 4024 Cone.
1572 3972 1860 4031 Trident„
1906 3984 2049 4023 sess.
2085 3971 2251 4031 XXV,
2289 3973 2360 4022 de
2392 3972 2527 4031 ret..
2571 3983 2621 4023 c.
2658 3972 2741 4032 113
2782 3971 3139 4023 Benedictus
3171 3972 3325 4032 xlv.
3365 3976 3558 4025 eonst-

563 4082 593 4115 «
633 4064 999 4116 Universum
1046 4079 1093 4122 n,
1142 4064 1205 4115 29
1241 4075 1374 4124 aug.
1414 4063 1559 4123 17413
1598 4061 1656 4114 S.
1705 4062 1769 4113 C.
1813 4062 1918 4122 Ep.
1961 4065 2024 4113 et
2062 4062 2225 4122 Rex..
2268 4061 2640 4119 cer-intonen..
2677 4062 2744 4113 30
2778 4065 2892 4114 oct.
2931 4062 3076 4123 1600:
3115 4061 3172 4114 S.
3215 4062 3279 4114 C.
3323 4062 3413 4121 C..
3453 4062 3565 4110 Ro-

565 4166 761 4211 mana,
800 4155 834 4204 2
867 4154 1010 4204 mail
1046 4154 1193 4212 1643,
1232 4153 1309 4204 ad
1347 4155 1396 4213 1,
1437 4152 1486 4213 2;
1528 4151 1585 4203 Β.
1620 4152 1684 4204 C.
1734 4152 1808 4203 de
1846 4153 2016 4211 Prop.
2060 4151 2222 4212 Fide,
2265 4153 2433 4202 instr.
2493 4150 2595 4210 (ad
2635 4152 2966 4203 Pati-iareb.
3016 4153 3302 4211 Amen),
3341 4152 3411 4204 30
3455 4154 3560 4204 iul.

565 4246 712 4305 1867,
743 4257 800 4294 n.
834 4245 883 4295 6.

732 4338 757 4374 ²
803 4334 869 4386 C.
904 4336 986 4394 40,
1021 4335 1093 4383 dc
1124 4334 1405 4383 electione
1438 4336 1498 4384 et
1531 4331 1704 4382 electi
1738 4334 2052 4393 potestate,
2091 4331 2140 4392 I,
2171 4331 2223 4391 6,
2267 4333 2330 4383 in
2363 4331 2488 4393 VI03
2520 4343 2570 4383 c.
2605 4334 2657 4392 9.
2702 4334 2772 4384 de
2807 4332 2994 4391 officio
3035 4330 3346 4390 ordinarii,
3383 4334 3436 4393 Ι,
3475 4333 3560 4394 16,

565 4428 628 4477 in
655 4427 779 4485 VI0;
808 4438 855 4476 c.
890 4426 939 4484 2,
970 4427 1040 4474 de
1074 4424 1356 4475 electione
1384 4427 1442 4473 ct
1477 4423 1649 4473 electi
1674 4425 1987 4482 potestate,
2017 4424 2111 4475 tit.
2145 4423 2193 4481 1,
2233 4422 2295 4472 ln
2326 4423 2647 4483 Exti-arag.
2682 4423 2844 4473 Ioan.
2878 4423 3057 4483 xxm
3083 4434 3133 4473 c.
3163 4435 3286 4482 un..
3318 4434 3393 4472 ne
3422 4425 3564 4473 cede

563 4518 812 4565 vacante
841 4515 1066 4574 aliquid
1096 4516 1427 4571 innovetur,
1459 4514 1574 4573 111.
1605 4514 1656 4574 3,
1692 4515 1752 4564 ln
1785 4514 2105 4575 Extravag.
2141 4524 2306 4573 com.;
2346 4512 2403 4565 S.
2437 4512 2501 4565 C.
2537 4514 2642 4572 Ep.
2675 4516 2737 4564 et
2765 4513 2928 4574 fleg..
2970 4511 3310 4570 oracio-en„
3341 4512 3376 4563 8
3414 4514 3562 4564 mail

561 4608 707 4667 1582;
737 4606 825 4656 De
863 4605 1228 4666 Guamanqa,
1260 4605 1325 4656 23
1351 4605 1490 4654 mali
1524 4603 1669 4661 1615:
1700 4603 1757 4655 S.
1790 4604 1856 4655 G.
1890 4603 1976 4663 O..
2011 4602 2386 4662 Febr-tanen„
2424 4604 2490 4655 1⁹
2517 4603 2639 4654 dec.
2671 4602 2818 4655 1801.

732 4700 756 4734 ³
806 4696 870 4748 C.
902 4696 983 4757 28,-
1014 4698 1079 4756 X,
1112 4698 1182 4747 de
1209 4694 1559 4756 praebendis
1584 4698 1643 4745 ct
1671 4693 2081 4754 «limitantur,
2112 4694 2227 4755 111,
2262 4694 2312 4754 5:
2338 4705 2387 4745 c.
2419 4695 2500 4754 40,
2531 4693 2602 4745 de
2637 4693 2919 4744 electione
2947 4697 3006 4744 et
3040 4691 3214 4742 electi
3241 4695 3559 4751 potestate.

566 4788 613 4844 1,
646 4788 695 4845 6,
727 4787 788 4835 in
817 4787 940 4847 VI⁰;
973 4798 1022 4837 c.
1055 4788 1104 4844 9,
1144 4788 1213 4837 de
1240 4785 1427 4845 officio
1456 4784 1764 4842 ordinarii,
1798 4784 1846 4843 1,
1884 4785 1967 4845 16,
1999 4786 2061 4835 in
2088 4785 2215 4836 VI0.

739 4878 764 4913 ⁴
805 4877 977 4927 Cone.
1006 4877 1293 4936 Trident„
1325 4889 1467 4928 sess.
1496 4876 1695 4935 xxlv,
1733 4877 1803 4926 de
1829 4875 1965 4934 ret„
1999 4887 2048 4926 c.
2077 4878 2158 4935 14:
2187 4874 2245 4927 S.
2281 4875 2423 4926 Plus
2449 4875 2519 4935 V.
2553 4876 2739 4926 const.
2769 4888 2799 4924 ι
2827 4873 3056 4924 Durum
3080 4872 3259 4924 nimie
3289 4888 3339 4933 t,
3369 4875 3402 4924 1
3434 4874 3554 4926 iun.

563 4968 710 5027 1570,
750 4967 776 5027 s
811 4968 842 5016 4
870 4979 975 5027 sc.;
1005 4968 1384 5018 Innocentius
1414 4967 1544 5026 XII,
1574 4969 1759 5018 const.
1793 4980 1823 5016 ι
1852 4964 2150 5016 Ecclesiae
2181 4964 2521 5016 Catholicae
2559 4979 2608 5024 n,
2641 4964 2706 5014 22
2735 4966 2881 5024 sept.
2914 4964 3062 5024 1695,
3095 4964 3123 5023 ί
3157 4964 3208 5022 3,
3238 4963 3273 5015 5
3311 4976 3421 5025 αις
3453 4964 3559 5015 Be·

563 5058 833 5109 nedictus
856 5057 1021 5114 XIII.
1051 5061 1234 5109 const.
1263 5072 1292 5106 α
1326 5056 1466 5108 Pius
1491 5062 1548 5108 et
1580 5058 1913 5108 misericors
1938 5071 1986 5116 t,
2014 5056 2079 5108 28
2102 5069 2227 5117 apr.
2262 5056 2409 5115 1725:
2435 5054 2790 5107 Benedictus
2811 5055 2962 5113 xlv.
2989 5058 3174 5107 const.
3204 5068 3234 5104 ι
3262 5055 3353 5105 Λα
3384 5055 3559 5105 hono-

563 5149 811 5196 randam
850 5164 898 5206 υ,
937 5146 1001 5197 27
1036 5150 1211 5198 mart.
1244 5146 1390 5206 1752,
1431 5147 1458 5206 ς
1493 5146 1574 5207 2ος
1611 5146 1668 5198 S.
1701 5148 1766 5198 Ο.
1802 5147 1908 5206 Ep.
1944 5149 2006 5198 et
2041 5146 2202 5206 neg..
2242 5145 2565 5202 Acen-mna,
2611 5144 2677 5195 22
2711 5145 2829 5195 ian.
2869 5145 3017 5204 1501,
3055 5144 3131 5195 ad
3177 5144 3227 5206 2
3265 5142 3324 5196 S.
3361 5142 3430 5196 G.
3466 5143 3554 5203 0..

564 5239 877 5296 aquitana,
915 5238 978 5287 21
1006 5238 1149 5288 maii
1181 5237 1435 5297 1030,.ad
1463 5239 1513 5299 3;
1548 5237 1843 5295 Leodien„
1871 5237 1904 5287 2
1932 5236 2075 5286 mall
2104 5237 2271 5295 1699.-
2291 5236 2325 5286 5
2352 5248 2478 5296 apr.
2510 5234 2657 5296 1704ς
2687 5233 3028 5294 cassanen..
3058 5235 3090 5287 3
3119 5234 3243 5287 dec.
3280 5235 3432 5297 1718:
3465 5233 3556 5284 Vt·

564 5329 829 5386 terbien„
863 5329 928 5380 12
958 5341 1090 5389 aug.
1124 5328 1272 5387 1741,
1304 5329 1369 5379 15
1396 5328 1519 5379 dec.
1551 5328 1698 5388 1742,
1730 5328 1763 5377 2
1788 5328 1912 5379 dec.
1955 5327 2102 5387 1747,
2133 5326 2199 5379 13
2231 5328 2349 5377 ian.
2380 5325 2529 5387 1748,
2561 5326 2638 5378 ad
2676 5326 2726 5388 ’ῖς
2756 5324 3052 5384 laodien„
3083 5327 3149 5379 10
3186 5326 3314 5387 lul..
3345 5328 3550 5387 weng.

559 5420 704 5479 1777ς
744 5418 1131 5476 camerinen..
1161 5419 1195 5470 3
1228 5418 1332 5469 lul.
1363 5418 1510 5469 1852.
