3753 5871
1152 316 1328 366 Liber
1373 316 1644 377 Quartus>
1671 343 1688 353 ·
1724 316 1812 367 De
1850 317 2228 369 processibus
3070 319 3179 379 543

365 502 400 586 ξ
446 503 511 569 2.
562 503 810 583 Quare
839 504 904 570 si
936 508 1106 588 post
1131 504 1445 572 alteram
1482 507 2021 591 correptionem
2056 525 2225 575 reus
2263 508 2454 575 idem
2488 507 2840 576 delictum
2876 509 3167 575 commi·

163 611 394 695 serit,
432 611 820 679 criminale
854 612 1211 679 iudicium
1254 613 1530 681 instrui
1565 618 1701 683 aut
1742 615 2118 700 inceptum
2153 615 2579 682 continuari
2616 615 2830 684 debet
2872 617 2968 683 ad
3007 635 3167 684 nor·

165 736 381 785 mam
417 736 583 785 can.
621 719 793 786 1954
826 738 1023 805 seqq.

1472 831 1648 899 CAN.
1682 831 1876 897 1950.

362 954 577 1022 Intra
609 953 791 1021 fines
815 972 980 1020 can.
1010 953 1206 1037 1947,
1235 955 1407 1021 1948
1430 958 1674 1039 potest
1705 956 2077 1039 correptio
2104 956 2198 1022 ab
2232 956 2635 1024 Ordinatio
2659 956 2994 1024 adhiberi
3026 976 3171 1025 non

167 1062 426 1130 solum
472 1066 870 1146 antequam
906 1063 1184 1146 gradus
1221 1061 1355 1131 fiat
1391 1064 1487 1130 ad
1531 1064 1843 1132 formale
1882 1064 2265 1147 iudicium,
2309 1065 2433 1132 sed
2482 1065 2705 1132 etiam
2746 1084 2833 1132 eo
2877 1065 3172 1150 incepto

164 1178 363 1240 ante
394 1171 939 1240 conclusionem
976 1172 1054 1236 in
1090 1189 1340 1256 causa3
1378 1190 1464 1238 ac
1510 1176 1689 1239 tunc
1738 1173 2030 1256 quidem
2070 1173 2425 1242 iudicium
2476 1173 2981 1264 suspenditur,
3026 1174 3173 1241 nisi

165 1287 436 1348 tamen
467 1280 1053 1365 prosequendum
1090 1281 1367 1350 idcirco
1397 1283 1500 1350 sit
1531 1283 1704 1366 quia
1734 1282 2106 1367 correptio
2144 1282 2222 1347 in
2254 1282 2555 1348 irritum
2592 1283 2920 1349 cesserit.

1479 1460 1656 1528 CAN.
1689 1460 1885 1526 1951.

364 1582 397 1663 ξ
445 1585 511 1648 1.
562 1584 952 1668 Correptio
1002 1585 1337 1652 adhiberi
1380 1586 1605 1652 etiam
1658 1590 1927 1670 potest,
1972 1604 2139 1653 cum
2183 1587 2627 1671 interposita
2669 1586 2822 1654 fuit
2874 1586 3171 1671 querela

169 1690 437 1757 damni
469 1711 558 1759 ex
589 1692 883 1760 delicto.

365 1800 397 1881 ξ
444 1800 511 1866 2.
562 1801 726 1881 Quo
759 1801 839 1867 in
878 1820 1054 1868 casu
1100 1801 1544 1869 Ordinarius
1579 1806 1825 1886 potest
1855 1803 1948 1870 de
1982 1802 2173 1870 bono
2211 1808 2286 1870 et
2328 1821 2584 1888 aequo,
2630 1803 2971 1887 partibus
3003 1822 3167 1871 con·

171 1909 704 1992 sentientibus,
740 1910 988 1977 videre
1020 1916 1094 1978 et
1124 1910 1471 1978 dirimere
1506 1911 2007 1994 quaestionem
2041 1911 2132 1979 de
2164 1912 2456 1978 damno.

361 2017 394 2099 §
441 2017 508 2085 3.
562 2018 704 2086 Sed
749 2019 814 2085 si
853 2019 1225 2087 censuerit
1278 2021 1776 2102 quaestionem
1829 2019 1922 2087 de
1962 2019 2232 2086 damno
2274 2019 2669 2087 difficulter
2716 2019 2807 2087 de
2859 2020 3048 2088 bono
3096 2024 3174 2088 et

172 2145 422 2210 aequo
457 2145 668 2210 posse
701 2125 1021 2209 definiri,
1059 2127 1235 2195 licet
1265 2127 1436 2211 ipsi,
1478 2128 1779 2194 remissa
1817 2127 2064 2195 ordini
2105 2127 2498 2195 iudiciario
2543 2128 2909 2195 solutione
2953 2128 3175 2195 huius

172 2235 668 2326 quaestionis,
706 2254 836 2320 per
867 2236 1402 2319 correptionem
1442 2236 1825 2303 consulere
1866 2235 2323 2319 reparationi
2357 2236 2692 2303 scandali
2726 2240 2803 2305 et
2839 2237 3168 2305 emenda·

174 2345 377 2411 tioni
409 2344 931 2427 delinquentis.

1476 2453 1652 2521 CAN.
1685 2453 1880 2519 1952.

364 2578 395 2661 ξ
445 2581 509 2644 1.
560 2577 954 2663 Correptio
985 2577 1385 2659 iudicialis,
1423 2581 1719 2662 praeter
1753 2579 2036 2646 monita
2068 2578 2457 2659 salutaria,
2494 2579 2709 2646 debet
2744 2579 3175 2664 plerumque

170 2689 584 2756 coniuncta
633 2688 898 2755 habere
950 2687 1304 2771 quaedam
1358 2691 1777 2771 opportuna
1820 2687 2167 2768 remedia,
2213 2691 2345 2754 aut
2389 2687 3013 2770 poenitentiarum
3056 2687 3172 2755 vel

173 2798 477 2883 piorum
513 2812 815 2880 operum
850 2794 1532 2880 praescriptionem,
1566 2814 1751 2881 quae
1777 2795 2076 2862 valeant
2101 2795 2197 2863 ad
2228 2794 2597 2879 publicam
2630 2796 3172 2880 reparationem

175 2909 430 2975 laesae
465 2905 802 2975 iustitiae
837 2909 970 2972 aut
1006 2904 1338 2971 scandali
1395 2901 1444 2967 ¹.

367 3016 399 3096 ξ
448 3016 514 3081 2.
568 3014 949 3083 Salutaria
991 3014 1337 3095 remedia,
1384 3013 1907 3097 poenitentiae,
1954 3015 2078 3097 pia
2131 3032 2358 3097 opera
2409 3032 2533 3080 reo
2576 3013 3168 3097 praescribenda,

177 3126 490 3193 mitiora
513 3130 589 3193 et
616 3124 895 3191 leviora
923 3140 1079 3191 esse
1107 3122 1375 3190 debent
1399 3121 1519 3205 iis,
1550 3140 1735 3206 quae
1760 3121 1839 3188 in
1864 3121 2238 3188 criminali
2265 3121 2542 3189 iudicio
2568 3140 2699 3205 per
2731 3120 3171 3189 sententiam

175 3233 863 3302 condemnatoriam
913 3233 1060 3316 ipsi
1098 3231 1335 3316 infligi
1375 3235 1676 3314 possent
1710 3237 1786 3298 et
1830 3230 2203 3298 deberent.

1478 3410 1656 3477 CAN.
1693 3410 1889 3477 1953.

363 3535 754 3619 Correptio
786 3540 1131 3603 censetur
1165 3535 1539 3603 inutiliter
1574 3534 1936 3617 adhibita,
1985 3534 2050 3601 si
2086 3553 2255 3602 reus
2293 3534 2638 3618 remedia,
2680 3491 3179 3619 poenitentias

179 3649 260 3712 et
301 3644 428 3728 pia
457 3662 681 3728 opera
711 3645 852 3712 sibi
883 3644 1346 3728 praescripta
1381 3662 1528 3712 non
1564 3646 1903 3728 acceptat
1940 3647 2075 3710 aut
2104 3647 2489 3727 acceptata
2522 3662 2670 3710 non
2700 3650 3169 3729 exsequatur.

1471 3910 1730 3979 CAPUT
1756 3909 1891 3977 IV.

453 4034 562 4102 De
591 4034 1083 4102 instructione
1120 4052 1505 4117 processus
1543 4036 1954 4101 criminalis
1991 4039 2064 4102 ot
2096 4038 2185 4101 de
2216 4034 2327 4100 rei
2357 4033 2911 4101 constitutione.

1476 4231 1652 4297 CAN.
1687 4230 1881 4297 1954.

368 4356 449 4424 Si
472 4358 844 4441 correptio
871 4357 1246 4424 iudicialis
1273 4358 1388 4424 vel
1416 4355 1862 4424 insufficiens
1897 4356 1996 4423 sit
2029 4356 2125 4424 ad
2162 4356 2703 4439 repara-tionem
2734 4355 3068 4422 scandali
3103 4360 3181 4423 et

192 4465 739 4532 restitutionem
774 4465 1134 4544 iustitiae,
1167 4465 1284 4532 vel
1316 4465 1649 4533 adhiberi
1685 4469 2001 4550 nequeat
2043 4465 2215 4549 quia
2252 4483 2420 4532 reus
2454 4464 2805 4531 delictum
2843 4464 3185 4549 denegat,

188 4575 308 4640 vel
360 4574 733 4641 inutiliter
775 4573 1112 4640 adhibita
1153 4573 1408 4649 fuerit,
1464 4573 1903 4658 Episcopus,
1959 4577 2093 4640 aut
2136 4571 2492 4652 officialis,
2537 4571 2629 4639 de
2673 4572 2832 4639 eius
2877 4573 3184 4656 speciali

187 4684 566 4765 mandato,
598 4682 1009 4766 praecipiat
1039 4685 1126 4750 ut
1150 4687 1318 4751 acta
1346 4682 1854 4767 inquisitionis
1888 4683 2288 4751 tradantur
2316 4681 2723 4768 promotori
2752 4680 3085 4748 iustitiae
3121 4678 3176 4745 ².

1477 4862 1653 4930 CAN.
1686 4862 1882 4929 1955.

362 4987 754 5054 Promotor
815 4989 1070 5054 statim
1131 4988 1478 5056 conficiat
1533 4989 2030 5056 accusationis
2087 4988 2416 5056 libellum
2477 5007 2786 5072 eumque
2840 4988 3183 5056 exhibeat

197 5094 427 5164 iudici
462 5098 861 5164 secundum
906 5116 1204 5165 normas
1245 5097 1324 5163 in
1369 5097 1708 5165 Sectione
1744 5097 2000 5163 Prima
2035 5100 2386 5164 statutas.

381 5292 403 5327 ¹
444 5290 501 5343 S.
531 5292 597 5343 C.
628 5293 733 5353 Ep.
759 5296 822 5344 et
846 5293 1009 5353 neg..
1039 5292 1208 5344 lnstr.
1237 5294 1303 5344 11
1334 5293 1454 5344 iun.
1483 5293 1631 5352 1880,
1657 5305 1716 5344 ιι.
1748 5295 1798 5354 4;
1824 5291 1884 5344 S.
1916 5292 1983 5344 C.
2011 5293 2085 5345 de
2117 5293 2288 5352 Prop.
2319 5291 2484 5352 Flde,
2513 5292 2683 5344 instr.
2718 5306 2773 5344 a.
2804 5289 2952 5350 1883,
2990 5305 3047 5343 ιι.
3084 5292 3184 5344 IV.

373 5389 397 5422 ²
437 5381 502 5433 C.
549 5383 600 5441 1.
631 5381 682 5441 2.
720 5381 784 5433 C.
828 5382 946 5442 XV,
983 5395 1037 5443 q.
1069 5382 1120 5436 5:
1156 5381 1214 5434 S.
1247 5381 1312 5434 C.
1347 5383 1453 5441 Dp.
1499 5385 1562 5435 et
1597 5382 1759 5446 neg..
1799 5384 1972 5434 lustr.
2011 5382 2232 5433 11·iun.
2281 5381 2429 5441 1880,
2470 5395 2527 5433 ιι.
2560 5383 2643 5442 15,
2675 5382 2758 5442 16,
2790 5382 2871 5443 33;
2911 5381 2967 5434 S.
3009 5382 3074 5434 C.
3114 5382 3193 5433 de

207 5469 374 5532 Prop.
412 5471 576 5531 Fide,
615 5472 785 5522 instr.
822 5484 877 5522 a.
913 5471 1060 5532 1883,
1096 5484 1154 5523 ιι.
1192 5472 1310 5532 XV,
1355 5473 1507 5531 XVI,
1542 5473 1803 5525 XXXIII.
1956 5469 1963 5477 '
