3753 5871
1176 314 1351 367 uber
1394 314 1655 377 Quartus
1690 339 1709 351 ·
1742 314 1831 365 Do
1876 314 2253 367 moenum
3111 309 3218 370 557

1343 676 1768 745 TITULUS
1808 676 2077 742 XXIII.
2762 744 2782 780 ι

764 824 868 891 Dc
911 821 1448 909 probationibus
1491 822 1570 889 in
1615 820 1730 888 bis
1775 820 2218 906 processibus
2262 818 2701 887 adhibendis.

1533 1014 1792 1083 CAPUT
1830 1015 1897 1082 Ι.

1132 1135 1246 1202 De
1278 1135 1843 1223 probationibus
1876 1138 2310 1220 ponor-atim.

1505 1334 1682 1403 om.
1731 1333 1929 1401 2019.

410 1462 504 1529 In
547 1460 665 1528 his
695 1461 943 1528 causis
979 1459 1453 1544 probationes
1484 1458 1754 1527 debent
1786 1476 1945 1525 esse
1988 1457 2287 1526 omnino
2321 1457 2603 1541 plenae;
2649 1474 2782 1524 nec
2816 1455 3012 1523 aliae
3047 1459 3225 1522 sunt

219 1568 760 1651 admittendae,
811 1567 956 1634 nisi
1004 1584 1190 1651 quae
1227 1585 1316 1634 ex
1353 1566 1673 1637 testibus
1707 1570 1785 1633 et
1819 1584 1909 1634 ex
1947 1563 2410 1633 documentis
2449 1567 2813 1633 eruantur
2854 1556 2907 1627 ¹.

1500 1741 1679 1808 CAN.
1726 1740 1924 1808 2⁰20.

414 1864 450 1950 ξ
496 1868 562 1932 1.
610 1866 730 1934 Ad
769 1865 1231 1952 probandum
1272 1883 1649 1952 nunquam
1695 1865 1927 1933 Servo
1965 1864 2105 1933 Dei
2153 1867 2439 1934 cultum
2478 1865 2714 1933 fuisse
2754 1864 3225 1951 praestitum,
3268 1943 3277 1951 ,

226 1975 559 2056 quatuor
596 1972 858 2042 saltem
899 1976 1126 2041 testes
1172 1976 1351 2041 sunt
1385 1972 1806 2040 necessarii.

416 2080 450 2163 ξ
496 2079 563 2148 2.
611 2081 732 2149 Ad
767 2081 1222 2166 probandam
1250 2082 1525 2148 famam
1561 2081 1955 2163 virtutum,
1988 2078 2335 2166 martyrii
2363 2097 2452 2147 ac
2479 2079 3033 2163 miraculorum,
3065 2082 3234 2149 octo

230 2188 502 2257 saltem
546 2192 777 2257 testes
824 2189 1332 2273 requiruntur,
1374 2188 1501 2272 qui
1537 2187 1955 2273 singulares
1994 2204 2154 2255 esse
2189 2191 2502 2272 possunt
2549 2186 3100 2273 singularitate,
3144 2190 3230 2255 ut

228 2294 479 2380 aiunt,
510 2295 1143 2381 adminiculativa3
1169 2300 1553 2380 praeterea
1577 2296 1730 2364 duo
1753 2296 2016 2363 saltem
2051 2300 2280 2364 testes
2305 2314 2395 2363 ex
2422 2293 2658 2363 officio
2680 2293 2996 2363 vocandi
3024 2298 3226 2363 sunt.

415 2404 449 2486 5
495 2404 562 2472 3.
613 2404 729 2471 Ad
781 2404 1202 2489 probandas
1248 2403 1569 2471 virtutes
1625 2403 1745 2471 vel
1793 2402 2263 2490 martyrium,
2319 2402 2803 2487 requiruntur
2863 2405 3094 2470 testes
3141 2402 3234 2470 de

228 2509 401 2578 visu
438 2515 514 2580 et
559 2515 973 2579 contestes:
1023 2511 1378 2579 historica
1416 2513 1894 2579 monumenta
1940 2509 2472 2579 adminiculum
2515 2508 2809 2578 tantum
2851 2512 3233 2594 praestare

234 2622 577 2703 possunt.

419 2726 453 2808 ὅ
502 2727 569 2792 4.
623 2726 706 2794 si
750 2726 1165 2794 habeantur
1206 2728 1287 2793 in
1329 2745 1675 2811 processu
1718 2726 2129 2810 apostolico
2180 2728 2407 2794 testes
2446 2744 2537 2793 ex
2579 2725 2845 2794 auditu
2897 2745 2945 2792 a
2986 2726 3228 2793 viden·

228 2833 438 2902 tibus
473 2837 550 2902 et
586 2834 667 2901 in
695 2826 1175 2901 informativo
1203 2837 1433 2903 testes
1462 2834 1555 2901 de
1583 2834 1774 2915 visu,
1809 2835 2125 2918 possunt
2151 2833 2209 2899 ii
2247 2851 2498 2901 omnes
2528 2832 2880 2918 coniungi
2911 2832 2990 2899 in
3031 2832 3229 2900 lInea

228 2942 698 3024 probationis
739 2939 792 3006 ¹.

416 3050 452 3132 ἕ
497 3049 564 3116 5.
616 3050 896 3118 sivero
914 3051 1168 3119 adsint
1189 3052 1268 3118 in
1296 3050 1777 3118 informativo
1798 3054 2027 3117 testes
2047 3049 2140 3117 de
2166 3049 2333 3116 visu
2363 3052 2438 3117 et
2467 3049 2548 3115 in
2572 3048 3234 3132 apostolicotestes

229 3157 749 3227 tantummodo
784 3177 873 3226 ex
904 3159 1170 3226 auditu
1211 3157 1541 3242 auditus,
1577 3158 1656 3225 hi
1688 3157 1963 3225 habent
1991 3157 2142 3224 vim
2178 3156 2638 3241 adminiculi,
2675 3156 2913 3242 magis
2952 3156 3071 3224 vel
3102 3155 3229 3222 mi·

234 3281 383 3331 nus
426 3265 677 3350 gravis
712 3282 850 3349 pro
887 3262 1240 3350 prudenti
1277 3264 1605 3333 iudicum
1643 3263 2181 3349 aestimatione
2219 3269 2295 3334 et
2334 3268 2515 3333 tunc
2553 3268 2847 3332 tantum
2899 3262 2996 3332 ad
3047 3263 3227 3331 ulte·

238 3370 466 3454 riora,
510 3372 705 3440 idest
769 3373 864 3439 ad
928 3372 1454 3439 miraculorum
1521 3371 2161 3457 disceptationem,
2212 3369 2508 3457 procedi
2583 3375 2854 3456 potest,
2920 3389 3088 3438 cum
3143 3388 3232 3437 ex

236 3478 501 3546 horum
554 3479 878 3546 omnium
931 3480 1236 3547 testium
1273 3479 1794 3549 coniunctione
1833 3480 2013 3549 talis
2055 3481 2416 3549 habea-tur
2452 3480 2806 3567 ,probatio
2847 3497 3033 3564 quae
3072 3479 3235 3546 viro

233 3585 591 3669 prudenti
629 3586 719 3653 de
752 3606 831 3654 re
868 3586 1080 3670 gravi
1112 3586 1536 3655 iudicaturo
1569 3588 1783 3655 fidem
1819 3588 2117 3656 factura
2152 3589 2253 3656 sit
2283 3592 2360 3657 et
2391 3587 2910 3656 auctoritatem
2944 3580 2996 3648 ³·

416 3692 450 3775 ξ
496 3692 562 3760 6.
614 3693 704 3760 In
752 3693 1001 3761 causis
1043 3699 1292 3764 tamen
1336 3694 1669 3781 antiquis
1712 3715 1844 3781 per
1899 3695 2096 3762 viam
2152 3715 2299 3764 non
2343 3696 2594 3764 cultus
2638 3694 3229 3780 procedentibus,

234 3799 320 3867 in
353 3799 619 3886 quibus
649 3801 1006 3870 deficiunt
1037 3803 1316 3871 oculati
1348 3807 1575 3872 testes
1607 3804 1724 3872 vel
1763 3823 1851 3873 ex
1885 3804 2152 3873 auditu
2193 3822 2237 3871 a
2267 3803 2716 3886 videntibus,
2751 3806 2829 3872 et
2866 3803 2945 3869 in
2986 3803 3236 3871 causis

236 3908 807 3993 procedentibus
865 3928 998 3995 per
1060 3910 1257 3978 viam
1315 3929 1533 3979 casus
1589 3912 1903 3996 excepti,
1969 3911 2290 3981 virtutes
2324 3915 2400 3980 et
2435 3910 2878 3997 martyrium
2936 3909 3240 3996 probari

237 4018 598 4100 poterunt
622 4036 756 4102 per
787 4020 1014 4085 testes
1039 4037 1128 4086 ex
1156 4017 1421 4086 auditu
1451 4022 1673 4103 atque
1700 4038 1788 4088 ex
1815 4019 2117 4105 publica
2138 4019 2367 4103 fama,
2407 4037 2594 4104 quae
2620 4018 3085 4101 annulatam,
3123 4018 3240 4087 uti

235 4122 480 4208 aiunt,
530 4123 1009 4192 traditionem
1068 4145 1156 4193 ex
1202 4125 1466 4194 auditu
1525 4127 1964 4212 constituat,
2013 4131 2088 4195 et
2136 4146 2269 4212 per
2313 4127 2751 4196 documenta
2798 4144 3069 4195 coaeva
3115 4124 3231 4194 vel

236 4234 718 4299 monumenta
752 4233 868 4300 uti
903 4232 1333 4301 authentica
1371 4233 1748 4319 recognita
1785 4231 1838 4297 ⁴.
2530 4307 2534 4310 Y

419 4336 455 4418 ξ
501 4338 568 4405 7.
618 4336 953 4422 Denique
1002 4340 1374 4408 miracula·
1403 4360 1687 4426 semper
1726 4343 2111 4427 probanda
2158 4350 2335 4412 sunt
2374 4360 2506 4425 per
2544 4345 2771 4410 testes
2810 4342 2902 4409 de
2943 4341 3108 4409 visu
3160 4345 3235 4410 et

235 4447 608 4513 contestes
647 4443 699 4511 ⁸.
1457 4441 1462 4444 ’

1516 4558 1695 4625 cm.
1743 4557 1940 4625 2021.

419 4678 690 4748 Cultus
739 4655 1341 4749 immemorabilis
1390 4682 1753 4767 probatur
1813 4702 1946 4768 per
1998 4681 2429 4751 authentica
2482 4685 2983 4763 monumenta,
3042 4698 3232 4766 quae

236 4785 762 4855 constitutioni
795 4788 1294 4866 Urbanianae‚
1334 4809 1459 4858 an.
1491 4791 1665 4859 1634
1700 4790 2237 4876 promulgatae,
2269 4793 2566 4858 centum
2594 4807 2960 4858 annorum
2993 4787 3240 4873 spatio

429 5026 451 5060 ¹
492 5024 551 5077 S.
582 5024 653 5076 B.
685 5025 774 5086 0.,
805 5024 961 5076 decr.
999 5023 1065 5075 28
1092 5026 1267 5076 mart.
1305 5023 1453 5076 1783.

418 5122 445 5156 ²
489 5114 845 5166 Benedictus
870 5114 1206 5176 XIV,‚decr.
1247 5129 1277 5164 ι
1307 5114 1452 5164 Cum
1481 5126 1555 5164 οι·
1583 5113 1870 5164 relatione
1901 5129 1949 5175 n,
1980 5113 2045 5165 17
2074 5114 2178 5166 iul.
2210 5113 2357 5174 1744,
2399 5112 2426 5173 2
2458 5115 2509 5174 1,
2541 5113 2590 5164 2.

422 5211 448 5247 ³
487 5204 842 5256 Benedictus
868 5205 1020 5265 XIV,
1060 5203 1216 5257 decr.
1252 5219 1282 5254 ι
1315 5203 1461 5255 oum
1492 5216 1564 5254 cx
1602 5203 1889 5255 relatione
1920 5218 1969 5264 r,
2000 5203 2066 5255 17
2103 5203 2208 5255 iul.
2242 5203 2390 5264 1744,
2424 5202 2451 5263 1
2481 5203 2533 5257 8.

428 5300 455 5337 ⁴
492 5294 848 5346 Benedictus
872 5295 1023 5356 XIV,
1052 5294 1208 5346 decr.
1239 5309 1269 5344 ι
1297 5294 1443 5345 cum
1468 5307 1540 5344 em
1566 5294 1852 5345 relatione
1879 5309 1928 5355 ι,
1956 5294 2022 5346 17
2054 5293 2157 5346 iul.
2187 5293 2336 5355 1744,
2366 5293 2393 5354 ί
2428 5295 2479 5357 43
2506 5292 2565 5348 S.
2598 5295 2669 5346 R.
2702 5294 2790 5356 0.,
2820 5293 2976 5347 decr.
3010 5293 3075 5347 28
3109 5305 3217 5354 apr

246 5385 395 5447 ιω,-
424 5383 580 5436 decr.
621 5383 688 5436 2ss
722 5395 854 5445 aug.
892 5363 1040 5445 mk,
1072 5395 1132 5435 n.
1177 5384 1259 5436 11.

433 5479 461 5514 ⁸
493 5473 551 5526 Β.
583 5473 653 5525 Β.
686 5474 773 5534 0.,
804 5472 959 5525 decr.
993 5474 1057 5526 m
1087 5486 1214 5535 apr.
1247 5474 1394 5526 1741.
