3753 5871
1430 276 1606 328 Liber
1636 278 1875 329 Tertius
1908 302 1929 314 ·
1965 278 2055 329 Do
2093 279 2291 330 Rebus
3274 278 3383 339 325

1659 504 1836 572 CAN.
1886 504 2082 573 1136.

566 625 601 707 ξ
647 627 713 692 1.
765 626 1325 694 Matrimonium
1370 627 1669 696 irritum
1726 628 1819 695 ob
1862 629 2231 696 defectum
2276 647 2679 696 consensus
2721 631 3266 713 convalidatur,
3317 631 3382 710 si

386 749 565 815 pars
604 751 790 816 quae
840 752 987 801 non
1036 739 1534 816 consenserat,
1576 735 1725 802 iam
1767 736 2213 818 consentiat,
2257 738 2655 805 dummodo
2691 756 3093 806 consensus
3137 739 3230 805 ab
3275 737 3375 803 al·

386 843 551 907 tera
581 845 795 923 parte
826 842 1235 924 praestitus
1264 847 1679 926 perseveret
1710 841 1759 910 ¹.

568 947 603 1029 ξ
649 947 715 1012 2.
769 948 850 1015 si
895 948 1229 1016 defectus
1270 966 1671 1017 consensus
1714 951 1949 1019 fuerit
2005 970 2202 1018 mere
2248 952 2616 1034 internus,
2668 951 2855 1018 satis
2911 960 3025 1021 est
3071 958 3157 1020 ut
3206 969 3383 1035 pars

390 1072 576 1138 quae
610 1073 757 1121 non
800 1059 1299 1138 consenserat,
1337 1056 1655 1124 interius
1690 1058 2133 1126 consentiat.

566 1163 600 1244 ἐ
646 1163 713 1230 3.
767 1163 848 1230 Si
882 1163 1115 1232 fuerit
1158 1163 1382 1231 etiam
1420 1170 1797 1244 externus,
1838 1184 2130 1234 necesse
2173 1171 2288 1235 est
2321 1184 2757 1233 consensum
2795 1167 3018 1235 etiam
3057 1167 3386 1235 exterius

389 1269 892 1352 manifestare,
934 1271 1051 1338 vel
1088 1271 1332 1337 forma
1367 1271 1529 1340 iure
1565 1274 2055 1358 praescripta,
2099 1275 2161 1341 si
2200 1274 2534 1342 defectus
2579 1275 2812 1343 fuerit
2861 1274 3225 1359 publicus,
3267 1274 3382 1343 vel

387 1376 540 1446 alio
570 1377 786 1446 modo
818 1377 1112 1461 privato
1153 1382 1226 1446 et
1266 1383 1571 1461 secreto,
1611 1381 1675 1448 si
1718 1380 1954 1450 tuerit
1987 1382 2322 1450 occultus
2352 1380 2404 1449 ².

1659 1557 1837 1626 CAN.
1886 1556 2083 1623 1137.

566 1683 1122 1772 Matrimonium
1158 1682 1443 1748 nullum
1479 1681 1570 1748 ob
1600 1680 1970 1747 defectum
2011 1679 2320 1759 formae,
2359 1683 2447 1747 ut
2478 1679 2806 1746 validum
2850 1678 3007 1761 fiat,
3042 1679 3384 1747 contrahi

388 1788 631 1858 denuo
661 1790 876 1858 debet
912 1789 1245 1874 legitima
1285 1789 1522 1855 forma
1553 1787 1607 1854 ³.

1212 2036 1377 2100 Aur.
1423 2034 1500 2098 II.
1543 2069 1620 2081 —
1666 2036 1764 2101 De
1804 2037 2163 2099 sanatione
2202 2037 2281 2098 in
2321 2036 2564 2099 radice.

1666 2203 1843 2272 om.
1893 2203 2088 2271 1138.

570 2329 603 2412 ς
651 2333 718 2396 1.
769 2330 1231 2398 Matrimonii
1270 2330 1348 2397 in
1392 2330 1638 2397 radice
1676 2330 1973 2397 sanatio
2017 2335 2133 2398 est
2179 2329 2505 2398 eiusdem
2544 2329 3071 2408 convalidatio,
3114 2346 3383 2396 secum-

391 2437 662 2520 ferens,
711 2443 1006 2521 praeter
1057 2438 1682 2523 dispensationem
1737 2439 1854 2506 vel
1896 2438 2380 2506 cessationem
2429 2437 2962 2521 impedimenti,
3010 2436 3383 2520 dispensa·

393 2545 667 2613 tionem
704 2564 748 2612 a
790 2547 947 2631 lege
985 2546 1076 2613 de
1115 2547 1534 2613 renovando
1569 2564 1956 2627 consensu,
2007 2551 2083 2614 et
2133 2544 2802 2627 retrotractionem,
2845 2562 2977 2628 per
3017 2543 3385 2612 fictionem

399 2653 611 2730 iuris,
661 2652 864 2720 circa
912 2652 1217 2722 effectus
1264 2653 1684 2735 canonicos,
1726 2654 1822 2720 ad
1876 2653 2365 2737 praeteritum
2418 2651 2469 2717 ⁴.

573 2760 606 2842 ξ
654 2762 719 2826 2.
771 2761 1292 2828 Convalidatio
1338 2760 1420 2828 fit
1483 2780 1527 2828 a
1589 2766 1959 2828 momento
2007 2760 2500 2828 concessionis
2548 2761 2857 2844 gratiae3
2914 2759 3390 2827 retrotractio

394 2888 566 2938 vero
617 2868 1068 2955 intelligitur
1115 2868 1320 2937 facta
1370 2868 1463 2935 ad
1514 2869 1972 2935 matrimonii
2033 2868 2359 2951 initium,
2428 2867 2572 2934 nisi
2621 2867 2828 2935 aliud
2882 2885 3221 2952 expresse
3270 2884 3383 2933 ca·

394 2982 679 3044 veatur.

574 3085 607 3167 ξ
654 3085 721 3151 3.
772 3084 1250 3168 Dispensatio
1286 3103 1330 3151 a
1363 3084 1522 3169 lege
1555 3084 1648 3153 de
1692 3086 2113 3151 renovando
2143 3102 2504 3152 consensu
2539 3083 2839 3151 concedi
2876 3083 3100 3150 etiam
3147 3087 3390 3167 potest

394 3193 509 3260 vel
540 3212 689 3260 una
719 3195 1010 3260 tantum
1050 3191 1165 3259 vel
1201 3195 1515 3276 utraque
1547 3197 1761 3276 parte
1790 3193 2030 3260 inscia.
2058 3191 2108 3257 ³.

1675 3321 1865 3427 cm.
1904 3360 2099 3427 1139.

576 3477 609 3559 ξ
659 3480 722 3543 1.
773 3479 1170 3557 Quodlibet
1212 3483 1765 3549 matrimonium
1801 3483 2073 3550 initum
2120 3500 2284 3550 cum
2328 3482 2714 3565 utriusque
2752 3480 2992 3564 partis
3031 3496 3390 3547 consensu

400 3586 850 3654 naturaliter
895 3606 978 3652 su
1100 3588 1320 3669 iente,
1363 3591 1488 3657 sed
1525 3591 1838 3657 iuridice
1875 3590 2227 3657 inefficaci
2267 3590 2358 3656 ob
2394 3588 2751 3656 dirimens
2788 3586 3393 3671 impedimentum

399 3690 588 3759 iuris
622 3694 1025 3763 ecclesiasti
1143 3698 1258 3764 vel
1292 3698 1383 3764 ob
1418 3698 1786 3766 defectum
1826 3698 2201 3782 legitimae
2235 3698 2544 3779 formae,
2592 3703 2837 3781 potest
2871 3696 2950 3762 in
2999 3694 3245 3762 radice
3282 3711 3390 3760 sa·

402 3801 592 3881 nari,
630 3801 1025 3871 dummodo
1058 3823 1458 3873 consensus
1493 3814 1908 3889 perseveret
1942 3807 1992 3874 ⁸.

580 3909 612 3992 ξ
661 3909 751 4001 2.·
778 3911 1335 3979 Matrimonium
1361 3934 1535 3981 vero
1565 3918 2032 3983 contractum
2058 3933 2224 3981 cum
2255 3913 2782 3998 impedimento
2811 3911 2998 3979 iuris
3026 3908 3397 3977 naturalis

402 4016 518 4083 vel
561 4017 839 4102 divini,¹
864 4020 1156 4087 etiamsi
1203 4027 1458 4105 postea
1498 4023 2102 4107 impedimentum
2151 4022 2574 4091 cessaverit.
2618 4019 2950 4087 Ecclesia
2993 4036 3138 4085 non
3179 4025 3398 4083 sanat

403 4123 482 4189 in
523 4126 793 4209 radice,
835 4121 925 4195 ne
961 4147 1006 4194 a
1047 4134 1415 4197 momento
1456 4131 1748 4214 quidem
1785 4131 2223 4198 cessationis
2271 4128 2774 4213 impedimenti
2810 4126 2859 4192 ⁷.

587 4350 607 4385 ¹
645 4350 710 4400 O.
740 4349 790 4408 2,
825 4350 876 4408 4,
907 4349 974 4408 Χ,
1003 4350 1074 4398 de
1101 4344 1370 4406 cunina-io
1395 4349 1719 4404 cervorum,
1748 4346 1848 4405 IV,
1875 4347 1926 4406 ος
1962 4345 2019 4397 S.
2051 4346 2115 4397 Ο.
2149 4345 2207 4396 S.
2242 4344 2381 4406 ΟΠ..
2410 4347 2581 4399 instr.
2623 4346 2725 4406 (ad
2751 4346 2876 4398 V’lc.
2908 4348 3017 4406 Ap.
3056 4347 3395 4410 Oceaniae),

408 4439 441 4489 0
473 4450 598 4498 apr.
627 4438 774 4498 1843;
799 4439 968 4489 instr.
1009 4436 1111 4493 (ad
1137 4436 1259 4487 Vic.
1291 4437 1399 4494 Ap.
1429 4434 1722 4487 Oceaniae
1748 4435 2058 4495 Centrum,
2095 4435 2162 4487 18
2185 4434 2307 4486 dec.
2340 4435 2485 4496 1872ς
2516 4433 2573 4487 S.
2605 4435 2670 4487 C.
2701 4435 2789 4495 C.,
2828 4435 3120 4495 Vinium..
3158 4437 3223 4488 23
3252 4438 3398 4498 iun„

406 4527 471 4577 13
500 4527 626 4587 iul„
656 4526 721 4577 22
755 4528 901 4586 sept.
935 4525 1081 4577 1725.

591 4618 618 4654 ²
651 4617 709 4668 S.
739 4616 803 4668 C.
839 4616 897 4667 S.
937 4615 1075 4687 om,
1108 4616 1278 4667 instr.
1328 4615 1429 4673 (ad
1458 4616 1582 4667 Vic.
1617 4617 1724 4676 Ap.
1757 4615 2095 4676 Oceaniae),
2125 4616 2158 4666 0
2187 4627 2313 4675 apr.
2347 4614 2494 4667 1843.

587 4708 613 4744 ³
652 4705 709 4757 S.
741 4706 807 4758 C.
837 4706 924 4759 C..
963 4705 1257 4762 Polontae,
1287 4706 1352 4757 13
1377 4718 1510 4758 nov.
1538 4705 1685 4766 1038;
1715 4704 1935 4757 secret.
1968 4705 2195 4760 Statue.
2227 4706 2396 4757 instr.
2427 4705 2493 4757 27
2519 4708 2695 4757 mart.
2724 4705 2871 4758 1830.

585 4800 612 4834 ⁴
655 4795 713 4847 S.
756 4796 818 4846 C.
865 4795 923 4847 S.
978 4794 1092 4847 Otr.
1145 4795 1496 4856 (Iaponiae),
1549 4796 1611 4847 11
1651 4799 1825 4846 mart.
1871 4795 2019 4857 18683
2062 4795 2230 4847 instr.
2284 4795 2386 4852 (ad
2430 4795 2535 4856 Ep.
2583 4793 2641 4847 S.
2686 4795 2958 4855 Alberti),
3002 4796 3036 4847 9
3078 4792 3201 4846 dec'.
3257 4794 3404 4857 18743

408 4886 443 4937 8
474 4890 646 4937 mart.
687 4885 832 4946 19003
874 4885 932 4935 S.
970 4885 1035 4935 G.
1070 4883 1143 4935 de
1175 4884 1347 4944 Prop.
1385 4883 1547 4945 Fide,
1585 4885 1702 4936 litt.
1749 4884 1848 4943 (ad
1884 4884 2156 4936 Coadlut.
2198 4884 2493 4945 superlor.
2533 4885 2797 4936 Mission.
2848 4886 2906 4935 in
2939 4896 3044 4935 ora
3088 4884 3401 4935 Coroman·

408 4974 548 5034 del),
573 4974 607 5025 5
632 4973 735 5025 iul.
770 4972 917 5025 1788.

591 5066 616 5100 ⁵
659 5062 716 5114 S.
762 5063 826 5114 C.
883 5063 940 5114 S.
986 5062 1100 5114 off.
1154 5063 1505 5123 (Iaponiae),
1548 5065 1611 5113 11
1652 5065 1824 5121 mart.
1870 5063 2017 5123 1868:
2059 5063 2229 5115 instr.
2281 5062 2383 5121 (ad
2425 5064 2531 5124 Ep.
2581 5062 2639 5115 S.
2682 5062 2956 5122 Alberti),
3010 5063 3044 5114 9
3082 5062 3206 5114 dec.
3260 5062 3407 5122 1874:

410 5153 475 5202 22
503 5164 637 5214 aug.
668 5152 816 5211 1906,
857 5151 935 5203 ad
963 5153 1014 5213 4;
1053 5152 1270 5202 secret.
1307 5150 1533 5210 status,
1570 5151 1742 5203 instr.
1777 5151 1842 5202 27
1872 5157 2047 5205 mart.
2082 5151 2229 5204 1830.

593 5244 617 5278 ⁸
658 5241 714 5293 S.
762 5242 826 5293 C.
870 5242 926 5292 S.
970 5241 1084 5294 off.
1133 5241 1483 5302 (lammae).
1521 5243 1585 5292 11
1619 5245 1793 5292 mart.
1833 5242 1980 5302 18683
2015 5242 2081 5293 12
2114 5254 2240 5301 apr.
2278 5241 2425 5302 1899;
2460 5240 2527 5291 22
2559 5253 2691 5303 aug.
2741 5241 2891 5302 1900,
2928 5240 3007 5293 ad
3049 5241 3100 5303 8;
3137 5239 3299 5312 S.‚C.·
3333 5239 3405 5293 de

414 5330 584 5390 Prop.
615 5330 779 5389 Fide.
809 5331 925 5382 litt.
973 5330 1075 5388 (ad
1100 5329 1374 5382 coadiut.
1416 5329 1712 5391 Superior.
1745 5331 2010 5382 Mission.
2044 5330 2106 5382 in
2134 5343 2238 5382 ora
2268 5329 2700 5390 Coromandel),
2730 5329 2765 5380 5
2794 5330 2898 5381 iul.
2930 5329 3079 5381 1788.

591 5422 615 5457 ⁷
658 5418 715 5470 S.
750 5419 814 5471 C.
853 5419 910 5471 S.
950 5418 1089 5479 ΟΠ..
1119 5419 1154 5471 8
1180 5422 1355 5471 mart.
1386 5420 1534 5481 190⁰:
1561 5419 1596 5471 2
1622 5424 1797 5472 mart.
1829 5421 1977 5472 1904.
