3753 5871
538 317 646 376 1OE
1668 319 1864 372 Oodoe
1911 317 2072 371 lurco
2111 319 2393 372 Οαιιοηίοί

1827 560 2004 628 CAN.
2047 560 2200 628 021.

718 692 752 777 ξ
784 695 850 759 1.
883 691 1313 778 Regulam,
1344 691 1471 777 qui
1497 710 1588 760 ex
1610 691 1964 760 instituto
1986 694 2488 762 mendicantes
2508 697 2872 763 vocantur
2892 700 2969 764 et
2994 698 3197 778 sunt,
3221 697 3515 765 eleemo-

539 823 762 892 synas
792 806 872 873 in
904 804 1243 886 dioecesi,
1278 804 1406 871 ubi
1436 822 1686 872 eorum
1729 805 2077 890 religiosa
2103 806 2367 873 domus
2398 811 2512 875 est
2542 808 2980 890 constituta,
3018 826 3368 893 quaerere
3398 828 3518 876 va·

537 915 698 984 lent
730 917 823 985 de
865 917 1024 984 sola
1065 916 1544 1001 superiorum
1589 935 1892 985 suorum
1938 918 2263 1002 licentia3
2300 923 2516 987 extra
2549 919 2936 988 dioecesim
2975 940 3148 988 vero
3185 920 3524 1007 indigent

539 1031 922 1110 praeterea
954 1028 1256 1096 licentia
1295 1029 1576 1114 scripto
1604 1030 1787 1098 data
1816 1031 1912 1097 ab
1946 1031 2350 1100 ordinario
2380 1032 2523 1099 loci
2557 1032 2637 1098 in
2672 1050 2818 1117 quo
2849 1033 3344 1119 eleemosynas
3376 1033 3518 1101 col-

537 1139 766 1226 ligere
808 1142 1122 1226 cupiunt
1159 1142 1209 1209 ¹.

713 1254 748 1337 ξ
793 1254 860 1321 2.
910 1255 1126 1322 Hanc
1162 1256 1539 1324 licentiam
1573 1257 1958 1325 Ordinarii
1992 1257 2347 1341 locorum,
2385 1257 2779 1343 praecipue
2811 1259 3253 1327 dioecesium
3295 1259 3516 1329 finiti-

537 1384 851 1451 marum,
880 1369 1027 1435 nisi
1052 1369 1403 1454 gravibus
1426 1373 1505 1437 et
1531 1370 1966 1455 urgentibus
1991 1370 2083 1439 de
2112 1371 2385 1453 causis,
2421 1390 2512 1439 ne
2543 1370 2903 1457 denegent
2939 1391 3118 1440 neve
3153 1376 3515 1456 revocent,

536 1481 603 1548 si
630 1481 976 1566 religiosa
1004 1481 1267 1549 domus
1299 1501 1388 1549 ex
1414 1482 1953 1551 mendicatione
1978 1484 2059 1550 in
2086 1484 2246 1552 sola
2272 1484 2611 1566 dioecesi,
2643 1484 2723 1550 in
2760 1502 2908 1569 qua
2938 1489 3052 1553 est
3077 1486 3516 1569 constituta,

535 1591 779 1661 vivere
809 1593 1019 1659 nullo
1048 1593 1266 1661 modo
1294 1594 1530 1679 possit
1563 1592 1616 1662 ¹.

1828 1756 2008 1824 cm.
2052 1755 2205 1822 022.

714 1901 749 1983 ξ
795 1902 861 1968 1.
910 1901 1066 1970 Alii
1107 1920 1357 1971 omnes
1393 1903 1720 1990 religiosi
1760 1904 2432 1990 congregationum
2467 1904 2657 1972 iuris
2688 1903 3078 1990 pontificii,
3116 1905 3276 1973 sine
3308 1923 3518 1990 pecu·

535 2013 710 2083 liari
750 2014 1068 2083 Sanctae
1107 2016 1320 2084 Sedis
1353 2016 1766 2102 privilegio,
1804 2017 2070 2100 stipem
2109 2021 2357 2102 petere
2399 2017 2905 2102 prohibentun
2953 2018 3244 2103 quibus,
3283 2018 3350 2084 si
3385 2017 3523 2085 hoc

537 2128 1006 2214 privilegium
1048 2129 1633 2212 impetraverint,
1679 2148 1865 2213 opus
1904 2130 2051 2198 erit
2101 2133 2485 2214 praeterea
2537 2130 2842 2197 licentia
2881 2130 3162 2215 scripto
3204 2130 3384 2197 data
3426 2130 3520 2196 ab

537 2240 938 2309 ordinario
978 2241 1146 2324 loci,
1187 2240 1332 2308 nisi
1363 2241 1587 2310 aliter
1621 2241 1701 2307 in
1734 2241 1899 2326 ipso
1931 2241 2319 2327 privilegio
2359 2247 2661 2310 cautum
2697 2241 2932 2310 tuerit
2969 2236 3022 2305 ³.

711 2354 746 2436 ξ
792 2354 859 2420 2.
909 2355 1265 2442 Religiosi
1322 2355 1995 2442 Oongregationum
2060 2357 2249 2425 iuris
2303 2357 2718 2453 dioecesani
2775 2357 3042 2441 stipem
3101 2356 3521 2441 quael-ltere

540 2481 999 2547 nequaquam
1045 2470 1357 2550 possunt
1395 2467 1554 2534 sine
1591 2467 1896 2534 licentia
1943 2467 2222 2550 scripto
2258 2467 2439 2535 data
2476 2472 2637 2535 tum
2676 2466 2772 2534 ab
2808 2466 3211 2533 Ordinario
3249 2465 3391 2532 loci
3439 2465 3519 2531 in

537 2590 682 2656 quo
711 2573 861 2642 sita
886 2578 1003 2642 est
1030 2593 1283 2641 eorum
1318 2574 1605 2658 domus,
1642 2581 1803 2644 tum
1840 2576 1935 2643 ab
1968 2573 2369 2658 ordinario
2397 2575 2542 2643 loci
2575 2575 2655 2641 in
2687 2593 2833 2661 quo
2861 2575 3129 2659 stipem
3172 2593 3521 2660 quaerere

537 2679 854 2764 cupiunt
886 2681 940 2748 ⁴.

710 2793 745 2875 ξ
791 2793 859 2860 3.
908 2793 1327 2880 Religiosis,
1360 2796 1452 2864 de
1492 2796 1758 2881 quibus
1787 2796 1867 2863 in
1906 2796 1984 2880 ἐξ
2018 2799 2059 2863 1
2099 2802 2175 2866 et
2204 2796 2251 2863 2
2284 2795 2506 2864 huius
2535 2797 2867 2880 canonis,
2912 2793 3297 2864 Ordinarii
3328 2795 3514 2863 loco·

539 2921 703 2971 rum
763 2903 1140 2972 licentiam
1194 2904 1725 2989 quaeritandae
1782 2905 2004 2991 stipis
2055 2924 2146 2974 ne
2193 2905 2625 2990 concedant,
2677 2906 3112 2992 praesertim
3165 2905 3294 2973 ubi
3342 2908 3519 2973 sunt

534 3019 941 3083 conventus
985 3015 1438 3100 regularium
1480 3015 1772 3083 nomine
1813 3020 1889 3083 et
1934 3034 2013 3083 re
2064 3014 2667 3099 mendicantium,
2725 3015 2871 3083 nisi
2913 3015 3055 3082 sibi
3093 3019 3387 3083 constet
3427 3013 3520 3082 de

533 3143 710 3193 vera
752 3124 1015 3192 domus
1060 3125 1176 3192 vel
1225 3125 1333 3209 pii
1388 3125 1633 3210 operis
1683 3125 2144 3206 necessitate,
2204 3125 2326 3196 cui
2375 3125 2527 3192 alio
2571 3124 2786 3192 modo
2832 3124 3123 3192 occurri
3183 3125 3518 3209 nequeat3

536 3235 728 3321 quod
758 3235 824 3302 si
853 3235 1278 3304 necessitati
1304 3235 1674 3320 provideri
1697 3234 1934 3319 possit
1957 3235 2151 3319 stipe
2177 3234 2591 3320 quaerenda
2620 3234 2824 3302 intra
2849 3234 3088 3300 locum
3116 3252 3242 3300 seu
3267 3231 3517 3300 distri·

532 3348 735 3413 ctum
772 3347 890 3413 vel
932 3345 1322 3414 dioecesim
1360 3345 1441 3412 in
1479 3364 1628 3430 qua
1660 3345 1881 3413 iidem
1927 3347 2502 3427 commorantur,
2542 3343 2975 3471 ampliorem
3012 3341 3388 3409 licentiam
3426 3358 3520 3409 ne

532 3455 1046 3541 largiantur&

708 3571 743 3654 ξ
789 3572 856 3637 4.
908 3562 1086 3639 Sine
1128 3571 1558 3639 authentico
1591 3574 1667 3639 et
1708 3571 1986 3639 recenti
2024 3569 2385 3654 rescripto
2424 3569 2696 3637 Sacrae
2732 3566 3347 3652 congregationis
3382 3583 3521 3650 pro

533 3681 866 3749 Ecclesia
904 3681 1298 3763 Orientali,
1340 3680 1724 3748 Ordinarii
1760 3679 1983 3746 latini
2015 3696 2146 3747 nec
2176 3679 2429 3746 sinant
2461 3676 2893 3745 orientalem
2929 3675 3162 3744 ullum
3193 3673 3521 3743 cuiusvis

531 3790 817 3860 ordinis
853 3795 929 3859 et
966 3789 1362 3876 dignitatis
1399 3788 1478 3856 in
1518 3789 1823 3873 proprio
1861 3788 2265 3857 territorio·
2253 3786 2667 3872 pec-uniam
2707 3785 3079 3870 colligere,
3121 3801 3255 3852 nec
3301 3799 3516 3851 suum

531 3901 913 3970 subditum
953 3901 1033 3968 in
1065 3899 1464 3968 orientales
1493 3898 1858 3966 dioeceses
1891 3896 1986 3964 ad
2020 3896 2328 3965 eundem
2363 3895 2580 3964 finem
2623 3894 2932 3963 mittant
2967 3892 3025 3975 ⁸·.

712 4181 734 4217 ¹
773 4180 832 4233 8.
867 4180 1011 4232 Plus
1039 4180 1110 4241 V,
1148 4181 1335 4231 const.
1371 4192 1403 4229 ι
1431 4177 1565 4229 Em
1600 4176 2058 4227 mendicantium
2096 4191 2146 4238 ι,
2177 4175 2243 4228 10
2271 4175 2415 4227 mall
2446 4175 2594 4237 1507,
2637 4175 2664 4236 ς
2696 4175 2749 4236 1,
2780 4185 2839 4226 ιι.
2873 4173 2957 4234 15.
3000 4173 3027 4234 ς
3059 4172 3111 4232 2,
3141 4183 3201 4222 ιι.
3233 4170 3316 4232 15;
3350 4169 3409 4222 8.
3445 4167 3513 4221 0.

535 4274 640 4334 Ep.
667 4276 730 4326 et
756 4272 918 4334 Rea..
955 4271 1355 4329 Salernitana.
1382 4269 1418 4322 8
1441 4282 1573 4322 nov.
1603 4270 1751 4332 1581:
1785 4267 2168 4327 emonam„
2196 4268 2231 4319 2
2255 4279 2390 4329 aug.
2420 4268 2565 4330 1504:
2600 4265 2879 4326 Ecum..
2912 4267 2979 4318 15
3008 4265 3156 4316 febr.
3191 4263 3338 4323 15963
3374 4260 3515 4311 Gar·

534 4365 891 4422 meliton-um,
926 4366 960 4417 9
999 4366 1117 4415 ian.
1161 4363 1312 4425 1008ς
1347 4362 1837 4414 Oowcntuauum
1872 4361 2319 4417 Nucerinos-sm,
2357 4360 2420 4411 21
2458 4361 2577 4410 lan.
2619 4359 2766 4420 1611:
2802 4356 3282 4418 Οαριιοοίηονιιπι,
3319 4354 3354 4406 5
3396 4357 3513 4406 oct.

531 4458 679 4519 16463
713 4455 1148 4516 Hippos-caten„
1181 4456 1245 4506 25
1276 4455 1422 4506 mall
1461 4455 1607 4515 1⁷⁰3:
1640 4454 1699 4507 8.
1731 4453 1796 4506 O.
1827 4455 1917 4514 0..
1952 4451 2192 4511 Pisana,
2235 4452 2302 4502 12
2333 4451 2455 4503 lun.
2491 4450 2638 4512 1008;
2672 4447 2730 4502 8.
2761 4449 2828 4502 0.
2873 4448 2947 4501 de
2984 4447 3320 4509 Reugloms,
3355 4445 3514 4497 decr.

532 4549 597 4601 21
629 4561 761 4600 nov.
803 4548 951 4608 1908,
986 4560 1042 4598 ιι.
1079 4548 1128 4607 Ι,
1162 4548 1238 4607 1⁰,
1274 4547 1348 4598 2⁶.

706 4645 732 4679 ²
777 4640 835 4694 8.
868 4641 932 4693 O.
974 4640 1047 4691 de
1080 4640 1411 4701 Religionis,
1443 4638 1598 4690 decr’.
1632 4637 1697 4689 21
1726 4650 1858 4689 nov.
1901 4636 2049 4697 1908,
2084 4648 2142 4687 ιι.
2177 4636 2227 4696 Ι,
2259 4635 2335 4696 3⁶,
2377 4634 2452 4685 4⁰.

704 4737 730 4772 ³
772 4735 888 4785 Leo
919 4732 1088 4792 xnl,
1119 4734 1302 4784 const.
1335 4746 1368 4781 ι
1396 4729 1680 4780 conditae
1709 4742 1747 4780 a
1779 4729 2016 4781 christo
2052 4743 2102 4788 ι,
2130 4728 2164 4780 8
2189 4727 2312 4779 dec.
2344 4726 2492 4788 1900,
2532 4726 2560 4787 ς
2588 4725 2639 4785 2,
2670 4738 2728 4777 ιι.
2760 4725 2895 4786 vu:
2926 4724 2984 4777 8.
3015 4723 3082 4776 0.
3116 4724 3223 4784 Dp.
3252 4726 3316 4774 et
3344 4723 3512 4784 Res..

530 4828 686 4880 decr.
721 4843 752 4878 α
777 4825 1079 4887 sinantur-t
1105 4839 1154 4885 ι,
1179 4823 1245 4874 27
1269 4825 1444 4876 mart.
1471 4822 1619 4882 1890,
1653 4834 1712 4873 ιι.
1743 4821 1794 4881 2,
1826 4822 1876 4882 4;
1904 4820 1963 4874 8.
1991 4821 2056 4871 Ο.
2085 4820 2158 4871 de
2191 4818 2525 4880 Religionis,
2557 4818 2712 4869 decr.
2743 4817 2808 4868 21
2834 4828 2967 4867 nov.
2996 4815 3147 4874 1908.
3178 4828 3236 4866 ιι.
3277 4813 3360 4873 ΙΙ,
3392 4815 3449 4864 1⁰

707 4921 737 4956 ⁴
776 4917 834 4970 8.
870 4917 935 4969 Ο.
969 4917 1074 4976 inp.
1103 4919 1166 4968 et
1192 4915 1354 4977 neg..
1385 4915 1539 4966 decr.
1573 4929 1604 4964 α
1637 4913 1941 4972 sinantur-i
1967 4926 2017 4973 ι,
2046 4911 2110 4962 27
2136 4914 2312 4963 mart.
2349 4910 2498 4970 1890,
2526 4923 2584 4961 ιι.
2613 4910 2665 4969 33
2692 4909 2751 4963 8.
2783 4908 2847 4961 Ο.
2877 4908 2952 4960 de
2987 4907 3320 4968 Religionis,
3350 4904 3512 4957 decr.

751 5050 764 5061 .
828 5009 944 5068 908,
976 5020 1034 5059 ιι.
1068 5008 1150 5068 ΙΙ,
1183 5007 1257 5057 2⁶.

532 5010 596 5062 a
631 5023 745 5140 ¹¹0:
772 5011 830 5153 81.
861 5100 925 5153 Ο.
958 5101 1062 5161 Bp.
1092 5103 1155 5151 et
1183 5100 1346 5162 neg..
1380 5099 1536 5151 decr.
1571 5113 1602 5148 α
1636 5096 1939 5158 maculari
1965 5110 2015 5157 n,
2042 5096 2108 5147 27
2133 5098 2310 5148 mart.
2347 5095 2508 5167 1806,
2524 5107 2582 5144 n.
2613 5094 2663 5155 ὃς
2691 5093 2750 5147 8.
2782 5092 2848 5145 Ο.
2879 5092 2953 5144 de
2980 5090 3315 5152 Religiosis.
3354 5089 3515 5141 decr.

632 5206 763 5245 nov.
797 5193 944 5253 1908,
978 5205 1037 5245 ιι.
1073 5192 1155 5254 11,
1189 5192 1265 5244 3⁸.

529 5195 594 5248 m
708 5289 734 5325 ⁸
769 5284 1104 5336 Alexander
1131 5285 1299 5346 vul,
1335 5285 1520 5335 const.
1552 5298 1583 5333 α
1615 5281 1784 5333 Aliae
1812 5279 2112 5333 emanavit
2144 5295 2193 5342 n,
2230 5280 2294 5331 21
2320 5283 2435 5332 oct.
2466 5279 2614 5338 1090,
2646 5277 2673 5338 1
2702 5278 2753 5337 1,
2783 5276 2833 5338 3;
2864 5276 3134 5329 Clemens
3161 5275 3294 5333 ΧΠ,
3324 5277 3514 5327 const.

530 5396 562 5432 ι
592 5380 829 5430 Dudum
860 5392 910 5438 n,
942 5377 1009 5430 20
1045 5381 1220 5430 mart.
1253 5376 1401 5436 1730,
1438 5376 1465 5437 1
1496 5375 1546 5436 8;
1588 5374 1645 5427 8.
1682 5375 1747 5427 O.
1781 5374 1855 5427 de
1887 5374 2221 5436 Religionis,
2263 5373 2420 5425 decr.
2459 5371 2523 5422 21
2556 5382 2689 5422 nov.
2723 5368 2870 5431 1908,
2906 5381 2964 5420 ιι.
2998 5368 3081 5429 11,
3112 5369 3187 5430 δὴ
3223 5367 3281 5420 8.
3321 5354 3389 5420 02
3436 5365 3519 5418 de

532 5473 701 5534 Prop.
737 5470 881 5523 Fide
925 5470 1013 5531 (O.
1047 5470 1162 5531 (1.),
1192 5470 1347 5522 decr.
1386 5470 1419 5520 4
1450 5469 1600 5520 febr.
1639 5467 1785 5530 16773
1814 5468 1931 5519 ntt.
1963 5468 2182 5528 encycl.
2218 5466 2282 5516 21
2310 5467 2458 5525 sept.
2492 5462 2639 5525 188ae
2666 5473 2757 5523 ep.
2789 5461 3105 5514 circularis
3142 5462 3175 5512 1
3207 5460 3327 5511 ian.
3359 5458 3513 5511 1212
