3753 5871
503 416 614 477 246
1639 420 1837 472 006oe
1882 419 2047 472 luris
2082 419 2367 473 oeno-ici

1800 628 1980 696 CAN.
2023 627 2177 696 856.

684 753 922 820 Nemo
972 769 1183 837 quem
1234 752 1690 820 conscientia
1748 753 2036 837 peccati
2088 751 2429 820 mortalis
2481 756 2772 838 gravat,
2827 756 3507 838 quantumcumque

510 860 738 927 etiam
781 878 864 928 se
900 858 1307 928 contritum
1364 859 1761 943 existimet,
1808 861 1970 929 sine
2024 860 2433 945 praemissa
2474 860 2999 929 sacramentali
3041 861 3504 928 confessione

511 967 610 1035 ad
639 984 925 1034 sacram
951 968 1535 1037 communionem
1563 967 1888 1052 accedun
1917 968 2111 1054 quod
2141 968 2209 1034 si
2245 972 2509 1052 urgeat
2539 968 2939 1037 necessitas
2967 986 3056 1035 ac
3087 969 3309 1053 copia
3332 985 3498 1036 con·

511 1073 809 1142 tessarii
836 1074 954 1142 illi
989 1075 1207 1158 desit,
1235 1080 1489 1144 actum
1528 1076 1902 1161 perfectae
1925 1076 2404 1144 contritionis
2432 1076 2650 1161 prius
2678 1075 2933 1144 eliciat
2964 1073 3014 1141 ¹.

690 1345 989 1415 Nemini
1023 1347 1248 1415 liceat
1286 1233 2419 1415 sanctissimamofficffizistiam
2458 1346 2783 1430 recipere
2818 1392 2840 1428 ,
2886 1344 3016 1428 qui
3048 1361 3210 1411 eam
3252 1341 3507 1411 eadem

516 1452 638 1522 die
672 1455 822 1521 iam
853 1456 1237 1539 receperit,
1281 1455 1428 1523 nisi
1459 1456 1541 1522 in
1570 1455 1867 1524 casibus
1905 1455 1999 1524 de
2032 1455 2301 1541 quibus
2331 1456 2413 1522 in
2442 1473 2609 1522 can.
2643 1453 2799 1536 858,
2839 1453 2874 1536 5
2916 1455 2985 1518 1.

1817 1613 1996 1682 om.
2037 1613 2191 1680 858.

695 1725 731 1808 5
776 1728 844 1792 1.
895 1723 1043 1805 Qui
1082 1743 1129 1793 a
1163 1724 1408 1793 media
1449 1729 1662 1793 nocte
1695 1723 2055 1793 ieiunium
2090 1724 2438 1793 naturale
2472 1743 2618 1792 non
2654 1725 3083 1809 servaverit,
3125 1726 3383 1811 nequit
3417 1726 3516 1794 ad

517 1833 1065 1901 sanctissimam
1107 1831 1659 1900 Eucharistiam
1700 1832 2030 1911 admitti,
2085 1833 2232 1900 nisi
2274 1833 2538 1900 mortis
2582 1837 2847 1919 urgeat
2887 1833 3323 1918 periculum,
3379 1841 3519 1902 aut

519 1940 922 2009 necessi-tas
960 1939 1408 2025 impediendi
1448 1940 2007 2009 irreverentiam
2046 1941 2127 2006 in
2166 1944 2709 2008 sacramentum
2734 1939 2789 2007 ².

702 2047 737 2130 5
782 2046 850 2113 2.
900 2046 1192 2114 Infirmi
1244 2052 1494 2116 tamen
1540 2047 1668 2134 qui
1718 2048 1867 2115 iam
1922 2067 1971 2115 a
2010 2066 2257 2116 mense
2300 2048 2751 2116 decumbunt
2792 2048 2953 2116 sine
3002 2052 3213 2116 certa
3254 2066 3386 2133 spe
3430 2052 3520 2117 ut

522 2156 679 2223 cito
708 2157 1253 2239 convalescant,
1290 2156 1383 2225 de
1428 2156 1782 2241 prudenti
1817 2157 2256 2225 confessarii
2292 2156 2607 2224 consilio
2640 2156 3185 2224 sanctissimam
3233 2156 3520 2225 Eucha-

525 2263 816 2331 ristiam
862 2281 1149 2331 sumere
1186 2267 1499 2349 possunt
1541 2265 1765 2332 semel
1797 2268 1935 2332 aut
1969 2263 2083 2331 bis
2117 2264 2196 2331 in
2234 2263 2712 2347 bebdomada,
2753 2263 2898 2338 etsi
2931 2265 3259 2349 aliquam
3296 2264 3521 2333 medi·

520 2370 766 2437 cinam
803 2370 922 2439 vel
951 2371 1235 2455 aliquid
1270 2390 1404 2456 per
1434 2373 1729 2440 modum
1768 2376 1994 2457 potus
2025 2376 2251 2440 antea
2280 2371 2731 2455 sumpserint
2752 2369 2805 2436 ³.

1820 2534 1998 2603 CAN.
2049 2535 2203 2612 859.

705 2642 740 2725 5
786 2644 853 2709 1.
905 2644 1165 2711 Omnis
1200 2642 1588 2728 utriusque
1621 2661 1840 2711 sexus
1875 2643 2141 2728 fidelis,
2188 2640 2580 2730 postquam
2623 2646 2720 2714 ad
2754 2664 2990 2714 annos
3022 2646 3521 2729 discretionis,

530 2750 725 2819 idest
768 2752 863 2818 ad
906 2751 1224 2820 rationis
1285 2769 1526 2833 usum,
1599 2751 2045 2836 pervenerit,
2114 2752 2331 2821 debet
2406 2753 2628 2821 semel
2692 2754 2773 2819 in
2839 2772 3063 2837 anno,
3133 2754 3397 2823 saltem
3441 2755 3523 2821 in

530 2858 919 2943 Paschate,
961 2859 1483 2927 Eucharistiae
1513 2864 2058 2928 sacramentum
2093 2861 2442 2946 recipere,
2485 2862 2633 2928 nisi
2664 2861 2862 2930 forte
2893 2862 2984 2930 de
3014 2863 3326 2930 consilio
3360 2880 3521 2948 pro·

530 2968 680 3052 prii
711 2967 1141 3051 sacerdotis,
1176 2970 1267 3036 ob
1299 2968 1626 3052 aliquam
1669 2969 2185 3037 rationabilem
2218 2988 2543 3052 causam,
2578 2970 2676 3037 ad
2717 2975 3009 3056 tempus
3040 2971 3134 3038 ab
3170 2971 3330 3039 eius
3363 2990 3521 3056 per·

530 3076 867 3159 ceptione
893 3074 1196 3143 duxerit
1221 3075 1741 3144 abstinendum
1764 3076 1818 3144 ⁴.

709 3182 744 3265 5
791 3182 856 3249 2.
909 3182 1294 3250 Paschalis
1339 3182 1760 3251 communio
1794 3181 1930 3252 fiat
1978 3202 2027 3250 a
2071 3183 2443 3251 dominica
2481 3183 2910 3251 Palmarum
2948 3183 3045 3251 ad
3083 3184 3531 3253 dominicam

533 3290 615 3358 in
657 3290 871 3375 albis3
910 3291 1038 3358 sed
1078 3291 1407 3358 locorum
1458 3291 1882 3360 Ordinariis
1922 3293 2042 3358 tas
2081 3296 2220 3375 est,
2274 3292 2340 3359 si
2381 3291 2492 3359 ita
2530 3310 3015 3376 personarum
3056 3309 3147 3359 ac
3197 3293 3527 3360 locorum

535 3399 892 3466 adiuncta
933 3400 1260 3484 exigant,
1319 3399 1454 3466 boc
1507 3403 1799 3483 tempus
1844 3400 2069 3468 etiam
2115 3419 2251 3485 pro
2296 3400 2639 3467 omnibus
2680 3400 2836 3466 suis
2882 3400 3224 3468 fidelibus
3266 3400 3529 3468 antici·

536 3524 739 3592 pare,
773 3525 921 3574 non
951 3510 1201 3575 tamen
1231 3510 1408 3575 ante
1440 3510 1782 3590 quartam
1815 3506 2009 3575 diem
2044 3507 2488 3576 dominicam
2524 3506 3173 3592 Quadragesimae‚
3215 3508 3335 3576 vel
3368 3527 3531 3594 pro·

538 3631 822 3699 rogare,
864 3633 1013 3682 non
1050 3618 1300 3682 tamen
1338 3613 1547 3682 ultra
1581 3615 1855 3682 testum
1906 3615 2416 3684 sanctissimae
2465 3615 2863 3684 Trinitatis
2892 3613 2947 3681 ⁸.

720 3807 743 3843 ¹
780 3807 955 3859 conc.
992 3806 1280 3867 Trident„
1321 3818 1465 3858 sess.
1503 3806 1670 3867 XIII,
1709 3807 1781 3858 ae
1815 3805 2217 3865 nucum-istiu,
2251 3818 2302 3858 c.
2341 3807 2393 3867 7,
2428 3818 2558 3858 can.
2590 3808 2673 3869 11;
2708 3808 2825 3858 Leo
2858 3808 2925 3868 X,
2972 3809 3157 3860 const.
3197 3823 3230 3858 α
3266 3806 3537 3868 Eccum

540 3894 790 3946 Domine
828 3908 880 3956 s,
922 3895 988 3947 15
1019 3896 1139 3947 iun.
1176 3895 1322 3956 1520,
1356 3907 1525 3947 error
1562 3895 1646 3956 15,
1680 3895 1930 3947 Martini
1962 3896 2206 3956 Luther,
2240 3895 2459 3956 damn.;
2495 3894 2554 3947 S.
2591 3895 2656 3948 Ο.
2694 3895 2782 3955 G..
2816 3894 2972 3948 decr.
3009 3911 3041 3946 ι
3071 3893 3257 3946 Socra
3293 3894 3536 3946 Triden-

546 3985 672 4035 tino
707 3985 979 4044 synodus
1015 3999 1073 4044 ι,
1117 3983 1186 4036 m
1218 3984 1342 4037 dec.
1381 3985 1531 4045 low,
1575 3995 1635 4036 n.
1672 3985 1723 4046 ὃς
1759 3983 1819 4036 Β.
1858 3984 1926 4037 C.
1966 3984 2041 4037 de
2077 3985 2248 4046 Prop.
2290 3984 2454 4045 Fide,
2495 3984 2667 4043 lustr.
2718 3984 2821 4044 (ad
2860 3984 2986 4036 vic.
3019 3986 3128 4046 Δρ.
3164 3983 3536 4048 Sutchuen.),

542 4074 608 4127 29
639 4085 766 4135 apr.
805 4073 953 4136 1⁷84:
985 4073 1228 4126 Bituale
1262 4072 1450 4134 Rom..
1484 4073 1581 4126 tit.
1618 4074 1720 4135 lv,
1755 4083 1806 4124 c.
1839 4075 1892 4134 1,
1927 4075 1999 4124 ae
2034 4072 2408 4123 sunciiuimo
2440 4071 2856 4124 Eucharistiae
2899 4077 3289 4133 commemo,
3327 4087 3387 4125 n.
3419 4074 3469 4126 8.

683 4221 684 4224 ¹
722 4166 749 4203 ²
782 4163 847 4216 Ο.
878 4163 963 4223 54,
995 4163 1066 4213 D.
1100 4163 1184 4223 11,
1217 4164 1294 4213 'de
1329 4173 1507 4221 cona,-
1533 4162 1830 4215 Martinus
1858 4163 1909 4215 V
1952 4163 2041 4224 (in
2067 4162 2241 4215 Gonc.
2273 4162 2728 4223 constantien),
2759 4164 2944 4215 const.
2979 4176 3011 4213 ι
3037 4159 3111 4211 Ia
3138 4161 3456 4215 eminentia
3487 4178 3537 4223 n,

543 4254 608 4304 22
638 4254 787 4306 febr.
822 4252 971 4316 1418:
1000 4251 1358 4304 Benedictus
1386 4252 1539 4314 XIV,
1569 4263 1660 4314 ep.
1693 4267 1725 4302 ι
1760 4251 2028 4313 Quadam
2059 4265 2107 4313 s,
2141 4251 2206 4302 24
2234 4255 2410 4303 mart.
2451 4250 2600 4310 1755,
2637 4252 2663 4313 5
2695 4251 2746 4312 3;
2786 4250 2844 4304 S.
2881 4248 2947 4307 O.
2981 4249 3042 4304 Β.
3073 4250 3191 4303 off.
3244 4250 3538 4312 (Ocreae),

542 4344 577 4394 5
605 4343 708 4395 iul.
744 4342 894 4403 1854,
930 4342 1009 4394 ad
1034 4343 1084 4404 1;
1112 4342 1357 4393 Missale
1390 4340 1578 4401 Rom„
1608 4341 1705 4393 tlt.
1737 4338 1826 4390 De
1852 4340 2184 4400 defectibus
2215 4341 2277 4389 in
2306 4339 2697 4390 celebratione
2724 4340 3042 4391 missurum
3072 4339 3539 4399 occurrentibus,

543 4443 592 4483 c.
626 4431 723 4492 1x,
759 4433 829 4482 de
859 4430 1187 4489 defectibus
1218 4429 1622 4490 dispositionis
1649 4428 1931 4489 corporis,
1958 4442 2017 4482 n.
2048 4431 2099 4492 1:
2130 4429 2374 4481 Ritusle
2402 4428 2591 4489 Boin..
2622 4430 2718 4481 tit.
2752 4427 2855 4488 1V,
2892 4438 2944 4479 c.
2975 4429 3027 4488 1,
3062 4428 3134 4478 de
3162 4427 3541 4480 sanctissimo

544 4519 960 4571 Eucharistiae
1000 4523 1389 4578 sacramento,
1428 4531 1489 4571 n.
1524 4519 1574 4581 3:
1602 4529 1652 4570 c.
1690 4520 1739 4579 4,
1784 4521 1856 4571 de
1889 4517 2289 4569 commuuione
2323 4518 2707 4578 infirmorum,
2741 4529 2799 4568 n.
2838 4517 2887 4566 4.

723 4612 751 4649 ³
786 4607 1143 4660 Benedictus
1173 4608 1324 4668 XIV,
1359 4620 1449 4668 ep.
1486 4624 1519 4659 α
1555 4608 1822 4670 Quodam
1856 4622 1906 4668 ι,
1941 4608 2006 4658 24
2039 4610 2215 4659 mart.
2250 4605 2399 4667 1756,
2438 4607 2464 4668 5
2497 4606 2550 4668 8,
2585 4608 2635 4667 9:
2679 4605 2734 4659 S.
2771 4605 2836 4657 O.
2871 4604 2931 4658 S.
2964 4603 3103 4666 Otr..
3140 4604 3175 4657 7
3207 4607 3356 4666 sept.
3394 4604 3540 4664 18973

546 4700 605 4751 Β.
648 4699 714 4750 0.
759 4697 846 4759 0..
882 4697 1037 4749 decr.
1072 4697 1106 4748 7
1138 4696 1261 4748 dec.
1306 4697 1452 4749 1906.
2410 4753 2414 4758 ,

725 4791 753 4826 ⁴
785 4786 850 4840 G.
883 4787 966 4847 12,
998 4788 1065 4846 X,
1115 4788 1186 4836 de
1229 4785 1608 4846 poenitentiis
1651 4789 1712 4837 et
1754 4784 2218 4843 remissionibus,
2263 4786 2334 4845 V,
2377 4784 2459 4845 3&
2502 4785 2676 4836 Conc.
2721 4783 3010 4844 Trident„
3055 4795 3199 4835 sess.
3243 4782 3415 4842 XIII,
3472 4781 3542 4829 eie

548 4876 950 4936 Ducum-istic,
993 4888 1122 4928 can.
1165 4876 1215 4937 9;
1256 4888 1400 4927 sess.
1452 4872 1601 4935 xxl,
1652 4876 1729 4926 tic
1781 4875 2203 4933 communione,
2244 4886 2295 4925 c.
2341 4876 2391 4934 4,
2434 4886 2563 4925 can.
2599 4875 2647 4935 4;
2692 4873 2992 4934 Eugenius
3032 4872 3136 4932 IV,
3180 4883 3273 4932 ep.
3318 4885 3350 4920 ι
3396 4868 3541 4920 Fide

549 4967 726 5026 diona
760 4982 810 5027 ι,
848 4966 883 5019 8
915 4966 1019 5018 lul.
1055 4966 1203 5026 14403
1239 4964 1595 5016 Benedictus
1626 4965 1778 5026 XIV,
1815 4976 1907 5025 ep.
1943 4966 2160 5026 encycl.
2201 4980 2231 5014 ι
2264 4962 2433 5013 Inter
2474 4962 2815 5022 om-niyenae
2856 4976 2910 5022 n,
2955 4960 2990 5011 2
3023 4961 3172 5012 febr.
3211 4959 3361 5018 1744,
3402 4959 3430 5020 5
3463 4958 3544 5019 21;

545 5067 636 5116 ep.
669 5056 887 5117 encycl.
921 5071 953 5106 ι
983 5054 1152 5106 Inter
1189 5054 1542 5115 praeteritos
1580 5066 1632 5114 ι,
1672 5054 1705 5106 3
1733 5054 1856 5106 dec.
1885 5053 2040 5114 1749,
2076 5054 2102 5115 5
2137 5054 2187 5114 3;
2215 5064 2306 5113 ep.
2340 5052 2558 5112 encycl.
2595 5068 2625 5102 ι
2658 5049 2872 5110 Manno
2909 5060 3041 5099 cum
3074 5062 3124 5108 n,
3159 5046 3193 5097 2
3224 5047 3349 5099 lun.
3386 5048 3539 5107 1751,

549 5146 575 5207 5
610 5145 692 5206 21;
724 5146 843 5197 Leo
873 5145 1040 5204 XIII,
1073 5156 1163 5205 ep.
1198 5144 1418 5206 encycl.
1452 5159 1485 5194 α
1519 5141 1710 5194 uirae
1742 5142 2018 5194 caritatis
2051 5157 2101 5203 n,
2135 5142 2201 5195 28
2240 5142 2384 5192 mali
2426 5140 2574 5202 19023
2618 5138 2676 5191 S.
2709 5139 2774 5191 Ο.
2810 5137 2868 5190 Β.
2903 5137 3040 5197 Off..
3078 5136 3143 5189 23
3174 5139 3352 5188 mart.
3390 5136 3541 5196 1555,

547 5233 628 5285 ad
658 5234 707 5293 1;
734 5234 800 5285 13
830 5246 959 5284 nov.
997 5234 1144 5296 10693
1183 5233 1242 5285 S.
1274 5232 1339 5286 G.
1378 5233 1456 5287 de
1496 5232 1915 5293 sacramentis,
1948 5231 2103 5283 decr.
2138 5232 2172 5284 8
2201 5243 2334 5292 nug.
2368 5230 2516 5290 1910,
2552 5242 2610 5280 n.
2647 5229 2695 5288 13
2730 5227 2787 5279 S.
2821 5224 2886 5279 C.
2921 5225 2996 5277 de
3028 5226 3199 5287 Prop.
3241 5224 3388 5277 Fide
3429 5224 3544 5284 (81-

547 5323 804 5382 narum),
835 5322 902 5374 12
932 5326 1079 5383 sept.
1112 5323 1260 5384 1645,
1291 5322 1371 5375 ad
1398 5324 1450 5385 15
1478 5323 1720 5374 Bituale
1750 5321 1939 5381 Rom..
1971 5322 2067 5373 tlt.
2105 5321 2206 5380 IV,
2237 5331 2287 5370 c.
2320 5320 2371 5378 3,
2405 5321 2475 5369 de
2514 5315 2914 5368 communione
2950 5313 3241 5375 puchou,
3281 5326 3341 5364 n.
3373 5315 3426 5373 1,
3457 5316 3507 5363 4.

728 5415 755 5451 ⁸
792 5412 1091 5472 Eugenlus
1125 5408 1225 5472 IV,
1259 5424 1350 5473 ep.
1378 5428 1418 5467 ,ι
1452 5410 1598 5462 Fide
1642 5411 1816 5471 diona
1859 5425 1913 5471 ιι,
1956 5411 1991 5463 8
2022 5410 2125 5462 iul.
2163 5409 2310 5468 1440:
2344 5407 2699 5459 Benedictus
2735 5405 2885 5465 XIV,
2920 5416 3011 5464 ep.
3050 5404 3269 5464 encycl.
3308 5417 3340 5452 ι
3375 5400 3547 5451 Inter

550 5503 892 5562 omniaemu
929 5515 979 5562 »,
1010 5501 1044 5551 2
1070 5502 1219 5554 tebr.
1253 5502 1402 5562 1744,
1437 5502 1463 5563 5
1495 5502 1577 5563 21;
1602 5513 1693 5562 ep.
1724 5501 1946 5562 encycl.
1987 5515 2018 5550 ι
2051 5498 2264 5558 Manno
2304 5508 2434 5548 cum
2465 5510 2515 5556 s,
2547 5494 2581 5545 2
2610 5495 2731 5545 iun.
2764 5493 2913 5554 1751,
2949 5494 2975 5555 5
3008 5493 3092 5554 21,
3127 5491 3209 5554 22;
3245 5490 3304 5542 S.
3342 5489 3416 5540 B.
3452 5488 3543 5549 C..

551 5591 937 5650 Tifer-neten..
971 5590 1037 5642 22
1066 5594 1242 5644 mart.
1276 5591 1423 5654 1803:
1456 5589 1698 5642 Bituale
1738 5588 1927 5650 Rom..
1973 5589 2068 5642 tlt.
2114 5588 2216 5649 IV,
2248 5599 2298 5640 c.
2333 5587 2385 5646 8,
2421 5586 2493 5635 dc
2529 5581 2929 5635 commuuione
2962 5578 3249 5640 paschali,
3285 5590 3345 5631 n.
3377 5578 3431 5639 2.
3462 5578 3515 5630 8.
