3753 5871
1489 300 1856 355 Douma
3060 300 3168 360 681

365 492 469 558 64.
518 495 830 569 Quartus
882 493 1084 554 actus
1124 486 1612 552 antescrutinii
1667 490 1776 550 est
1822 485 2302 548 schedularum
2347 486 2807 565 complicatio,
2866 503 3043 565 quae
3088 494 3170 552 ιιι

163 600 573 682 expeditius
608 599 846 680 peragi
877 616 922 662 a
955 596 1445 661 Cardinalibus
1487 594 1739 674 valeat,
1775 593 2039 673 poterit
2069 611 2115 656 a
2150 592 2749 657 anremoniarum
2787 594 3169 673 Magistris,

164 726 336 772 cum
369 725 490 773 eas
516 708 960 788 praeparant,
993 704 1145 768 fieri
1177 706 1253 766 in
1281 704 1486 782 hunc,
1522 704 1640 782 qui
1671 702 1983 780 sequitur
2011 702 2307 765 modum.
2344 701 2563 765 Binae
2593 702 2760 765 flent
2786 700 3173 781 plicaturae

169 835 266 881 ex
300 820 598 896 utmque
623 819 825 895 parte
855 814 1186 892 cuiusque
1211 811 1595 890 schedulae,
1625 812 1734 874 ita
1764 814 1848 874 ut
1879 827 2123 874 nomen
2153 810 2475 890 eligentis
2505 815 2579 873 et
2608 810 2804 890 signa
2839 827 2994 873 cum
3029 810 3172 905 fue-

169 926 331 989 rint
367 924 654 1004 scripta,
690 925 1017 987 maneant
1055 924 1244 985 tecta
1284 938 1368 984 ex
1401 923 1695 998 utraque
1737 921 1938 997 parte
1973 936 2016 981 a
2049 917 2302 996 limbis;
2339 919 2584 982 deinde
2618 919 2799 998 quod
2833 919 3172 998 reliquum

164 1037 288 1097 est
322 1033 431 1096 ita
462 1031 914 1111 complicetur
945 1032 1029 1093 ut
1071 1027 1396 1091 schedula
1431 1027 1574 1091 tere
1610 1027 1700 1090 ad
1739 1026 2181 1089 latitudinem
2220 1025 2494 1105 pollicis
2531 1026 2912 1106 redigatur,
2962 1030 3175 1105 prout

169 1158 262 1204 ex
292 1138 710 1217 complicata
746 1135 1091 1205 schedula.
1133 1152 1307 1214 quae
1336 1135 1448 1198 hic
1480 1134 1770 1213 exempli
1810 1135 2043 1214 gratia
2075 1133 2384 1238 ponitur,
2417 1134 2721 1212 conspici
2755 1137 3005 1214 potest.

1422 1368 1925 1434 EXEMPLUM

1283 1494 1663 1559 Schedulae
1727 1493 2048 1573 plicatae.

372 3822 695 3888 Ceterum
728 3825 1049 3905 Magistri
1092 3823 1690 3888 anremoniarum
1735 3823 2120 3903 schedulas,
2156 3841 2293 3887 non
2332 3824 2780 3904 complicatas
2823 3828 2907 3888 ut
2942 3841 3180 3903 supra,

182 3933 309 3997 sed
346 3931 753 4012 explica-tas,
794 3932 1282 3995 Cardinalibus
1321 3932 1764 4012 distribuent,
1804 3938 1876 3997 et
1913 3931 2321 3997 Cardinales
2365 3933 2659 4012 easdem,
2700 3935 3060 4012 postqum
3100 3934 3183 3994 ut

183 4057 409 4119 supra
442 4039 869 4120 scripserint,
912 4040 1422 4120 complicabunt
1455 4042 1653 4104 iuxta
1683 4040 2070 4120 plicaturas
2110 4059 2153 4104 a
2195 4040 2555 4120 Magistris
2586 4038 3183 4103 anremoniarum

183 4150 503 4226 paratas.

388 4255 817 4318 secretarius
849 4259 1080 4319 autem
1111 4255 1181 4319 S.
1217 4254 1505 4336 collegii
1542 4260 1614 4321 et
1644 4256 1965 4336 Magistri
2002 4255 2600 4320 caeremoniarum
2631 4255 2879 4321 debent
2908 4257 2995 4319 ab
3026 4256 3216 4343 aula·

189 4362 571 4441 discedere,
619 4367 986 4442 antequam
1029 4363 1435 4427 cardinales
1478 4381 1722 4427 nomen
1774 4361 2071 4443 eligendi
2112 4365 2188 4427 in
2234 4364 2577 4428 schedulis
2622 4365 2917 4428 scribere
2959 4381 3188 4444 coepe·

189 4471 372 4550 rint,
405 4469 510 4532 ita
549 4474 632 4534 ut
662 4472 966 4549 tempore
1006 4472 1327 4534 scrutinii
1362 4471 1768 4535 cardinales
1802 4471 1931 4534 soli
1974 4472 2047 4534 in
2083 4470 2416 4551 Oappella
2449 4477 2869 4537 remaneant.

386 4577 627 4656 Porro,
663 4581 823 4658 post
859 4595 1093 4641 eorum
1128 4595 1473 4658 egressum
1505 4598 1587 4643 ex
1624 4578 1811 4659 aula,
1848 4580 2079 4643 ultimi
2116 4580 2514 4644 Cardinalis
2548 4580 2815 4644 ordinis
2856 4581 3188 4645 Diacono-

191 4703 355 4749 rum
381 4686 519 4750 erit
546 4686 801 4749 ostium
834 4685 1203 4765 cappellae
1230 4687 1587 4751 claudere:
1630 4704 1712 4750 ac
1738 4689 2118 4767 generatim
2152 4688 2403 4768 ipsum,
2435 4688 2989 4767 quotiescumque
3018 4669 3193 4767 opus

192 4794 445 4873 ruerit,
493 4794 762 4873 aperire
807 4797 879 4858 et
918 4792 1261 4873 claudere,
1309 4793 1600 4873 exempli
1654 4795 1911 4876 gratia,
1959 4813 2166 4874 quum
2213 4794 2618 4859 cardinales
2666 4795 3045 4858 Infirmarii
3101 4797 3192 4859 ad

193 4904 368 4965 vota
402 4901 842 4979 infirmorum,
879 4901 1263 4982 colligenda
1302 4906 1599 4981 pergunt
1646 4920 1728 4966 ac
1770 4907 2013 4984 postea
2048 4921 2256 4983 quum
2303 4903 2394 4966 ad
2435 4903 2833 4983 cappellam
2878 4904 3191 4981 redeunt,

193 5006 308 5072 vel
335 5008 423 5071 ob
458 5025 948 5088 quamcumque
974 5010 1184 5073 aliam
1213 5011 1711 5075 necessitatem.

388 5115 490 5179 65.
525 5115 833 5191 Quintus
864 5121 937 5181 et
963 5120 1349 5196 postremus
1383 5121 1584 5181 actus
1610 5118 2092 5183 ante-scrutinii
2126 5123 2236 5183 est
2271 5118 2746 5182 schedularum
2779 5117 3192 5196 obsignatio,

198 5240 381 5303 quae
422 5224 511 5286 ab
553 5240 960 5303 unoquoque
1003 5224 1361 5288 cardinali
1404 5225 1723 5289 facienda
1764 5226 1903 5291 erit
1953 5227 2028 5289 in
2070 5231 2288 5306 tergo-
2311 5225 2788 5291 schedularum
2842 5243 2997 5289 cum
3039 5242 3200 5289 cera

201 5332 420 5396 rubra
451 5335 526 5396 et
566 5331 800 5412 sigillo
830 5332 922 5396 ad
963 5332 1089 5396 hoc
1126 5336 1396 5413 parato.
1435 5333 1656 5397 Porro
1697 5333 2004 5413 sigillum
2039 5351 2177 5398 non
2212 5335 2414 5398 debet
2455 5351 2604 5397 esse
2638 5334 2920 5398 solitum
2957 5332 3212 5397 Oardi-.

198 5440 416 5519 naus,
463 5440 583 5504 sed
624 5439 844 5517 aliud,
888 5445 962 5505 et
1000 5444 1258 5505 secrete
1300 5442 1634 5520 habitum,
1688 5446 1762 5506 et
1800 5442 1908 5505 ita
1949 5442 2237 5521 simplex
2288 5447 2372 5507 ut
2412 5442 2619 5505 facile
2662 5443 2894 5506 notari
2949 5443 3193 5521 possit,
