3753 5871
1640 303 1948 363 Praefatio
3133 314 3309 361 xxvu

312 498 450 563 cta.
518 491 590 560 4⁰
659 492 767 563 De
838 492 1056 563 certis
1125 490 1570 581 quibusdam
1623 488 1994 581 capitibus
2052 490 2173 561 lex
2234 490 2595 562 canonica
2653 490 2957 562 omnino
3011 470 3311 570 silebat;

315 639 767 725 quapropter
815 634 1386 726 confugiendum
1434 640 1592 705 erat
1637 633 1752 704 vel
1796 633 1894 703 ad
1939 631 2057 703 ius
2104 651 2490 704 romanum
2544 634 2676 723 (ut,
2722 652 2837 702 ex.
2868 652 2996 722 gr.,
3028 630 3127 700 ad
3173 635 3314 699 sta-

312 778 669 849 tuendum
721 798 1045 867 quonam
1094 779 1335 868 spatio
1382 776 1738 867 temporis
1792 776 2254 847 consuetudo
2316 773 2989 866 praescriberetur),
3038 773 3153 844 vel
3215 772 3310 842 ad

314 920 991 1009 iurisprudentiam,
1022 920 1142 992 vel
1187 922 1281 991 ad
1331 920 1969 1005 consuetudinem,
2000 919 2116 991 vel
2162 919 2258 990 ad
2303 919 2685 990 doctorum
2722 915 3131 990 sententias
3178 915 3315 1005 (ut,

312 1081 423 1131 ex.
471 1082 563 1152 g.,
608 1061 683 1131 in
734 1061 1035 1133 notione
1082 1062 1677 1152 quasi-domicilii
1738 1060 2208 1150 definienda).
2270 1062 2343 1130 5·
2389 1060 2622 1151 Leges
2683 1059 3124 1148 complureS,
3171 1057 3309 1128 etsi

315 1203 686 1274 contraria
753 1204 1287 1275 consuetudine
1356 1209 1487 1275 aut
1546 1204 1837 1294 legibus
1893 1209 2155 1293 postea
2212 1201 2384 1272 latis
2452 1201 2848 1292 abrogatae
2905 1203 3118 1270 erant
3175 1217 3311 1287 pro

316 1346 679 1418 catholico
729 1348 905 1419 orbe
953 1347 1298 1418 universo
1345 1348 1462 1416 vel
1510 1347 1614 1416 ita
1658 1368 1792 1436 pro
1842 1346 2120 1418 maiore
2167 1346 2326 1416 eius
2371 1351 2579 1434 parte
2626 1349 2709 1414 ut
2755 1343 2956 1433 leges
3000 1340 3312 1431 particu-

310 1488 505 1560 lares
551 1490 788 1562 factae
848 1498 1119 1574 essent,
1166 1491 1560 1562 exstabant
1619 1484 1870 1561 ta'men
1925 1489 2172 1561 adh‘uc
2229 1489 2306 1558 in
2365 1487 2717 1573 fontibuS,
2763 1484 3310 1573 maximamque

315 1632 817 1704 studiosorum
866 1634 1238 1704 mentibus
1285 1630 1914 1723 perturbationem
1968 1632 2395 1703 afferebant.
2428 1630 2527 1702 Ut
2560 1629 2898 1719 exemplo
2945 1647 3103 1699 rem
3147 1646 3312 1697 con·

314 1775 716 1860 firmemuS,
785 1775 861 1846 in
932 1776 1089 1847 iure
1161 1776 1533 1850 communi
1603 1776 2135 1847 decernebatur
2193 1775 2603 1864 Episcopos
2672 1794 2718 1844 a
2785 1770 3309 1845 canonicorum

315 1919 572 1989 ordine
619 1940 783 1990 esse
831 1919 1281 2010 deligendoS,
1330 1925 1403 1991 et
1463 1919 1706 2008 capita
1766 1919 1918 1990 fere
1978 1918 2229 1989 omnia
2288 1916 2485 1988 tituli
2531 1920 2637 1987 De
2680 1916 3156 1986 mationibus
3216 1911 3313 1982 ad

316 2062 508 2134 hanc
554 2061 869 2152 eligendi
918 2062 1280 2133 rationem
1326 2062 1718 2151 pertinent,
1757 2082 2182 2153 quanquam
2235 2082 2325 2132 ea
2369 2060 2590 2131 hodie
2637 2080 2786 2130 non
2837 2059 3124 2130 obtinet
3167 2056 3312 2127 nisi

316 2205 393 2276 in
440 2205 698 2295 paucis
746 2204 1180 2276 Germaniae
1228 2210 1301 2277 et
1349 2206 1855 2279 Helvetiorum
1905 2204 2403 2291 dioecesibus;
2449 2203 2753 2295 legitimi
2798 2202 3007 2288 ritus,
3054 2201 3181 2292 qui
3235 2200 3312 2271 in

313 2347 603 2418 iudiciis
650 2347 1162 2418 ecclesiasticis
1209 2346 1553 2418 servandi
1602 2353 1813 2418 erant
1855 2346 1955 2416 ad
2001 2346 2455 2436 praescripta
2498 2351 2659 2418 tum
2706 2344 3012 2417 alterius
3059 2344 3315 2415 Decre-

311 2491 566 2562 talium
621 2490 949 2580 Gregorii
994 2490 1093 2560 IX
1143 2490 1359 2575 Libri,
1391 2494 1547 2561 turn
1584 2489 1810 2573 Sexti,
1846 2509 2189 2580 magnam
2219 2494 2503 2579 partem
2537 2488 3095 2572 obsoleverunt;
3131 2486 3314 2558 Con-

313 2633 636 2717 cordata,
683 2653 895 2723 quae,
942 2639 1112 2722 post
1158 2630 1578 2703 absolutum
1635 2632 1909 2719 Gon-pus
1963 2635 2160 2702 iuris
2203 2635 2555 2735 canonici,
2607 2629 3036 2721 Apostolica
3082 2618 3313 2701 Sedes

315 2798 482 2849 cum
534 2797 779 2847 rerum
842 2776 1305 2866 publicarum
1358 2774 1997 2847 Gubernatoribus
2049 2774 2233 2860 iniit,
2282 2775 2400 2846 ius
2455 2795 2848 2846 commune
2909 2774 3162 2864 aliqua
3221 2794 3311 2845 ex

313 2927 522 3011 parte
568 2921 1072 2993 immutarunt.

495 3064 704 3151 Quae
773 3087 940 3137 cum
1010 3066 1115 3136 ita
1184 3071 1453 3149 essent,
1517 3065 1777 3136 merito
1840 3065 2229 3137 videbatur
2288 3065 2491 3136 haud
2552 3085 2768 3135 secus
2829 3062 3121 3134 definiri
3196 3063 3313 3134 ius
3455 3113 3457 3116 ψ

313 3208 749 3279 canonicum
803 3229 1039 3297 posse,
1072 3215 1296 3298 atque
1346 3208 1595 3279 Livius
1641 3209 1760 3279 ius
1806 3229 2197 3279 romanum
2245 3193 2766 3298 appellaverat,
2814 3236 2850 3271 α
2882 3212 3314 3277 immensum

313 3355 642 3421 aliarum
699 3373 917 3437 super
975 3354 1176 3422 aliae
1243 3355 1829 3422 coacervatorum
1892 3352 2128 3439 layum
2185 3353 2561 3421 cumulum
2608 3378 2645 3414 »
2709 3350 2782 3439 (l.
2839 3349 2968 3433 111,
3031 3369 3090 3419 c.
3153 3349 3312 3438 34);

313 3513 452 3564 nec
512 3492 840 3581 profecto
901 3493 1150 3564 mirari
1210 3493 1497 3578 licebat,
1554 3494 1755 3582 quod
1818 3492 1870 3563 ii
1932 3492 2096 3583 ipsi,
2151 3492 2277 3582 qui
2341 3493 2438 3563 ad
2499 3512 2879 3563 sacrorum
2943 3511 3308 3561 canonum

314 3636 560 3706 studia
621 3658 702 3709 se
757 3642 955 3708 totos
1009 3636 1518 3722 contulissent,
1564 3637 1766 3707 haud
1822 3657 1990 3706 raro
2051 3636 2478 3726 ignorarent
2541 3641 2786 3707 utrum
2848 3636 2966 3705 lex
3023 3636 3113 3706 de
3175 3635 3315 3706 hac

314 3785 445 3849 aut
491 3780 617 3850 illa
662 3801 738 3850 re
786 3779 1173 3851 exsisteret
1218 3800 1469 3864 necne,
1504 3785 1633 3850 aut
1679 3778 2105 3864 dubitarent
2150 3801 2247 3850 an
2287 3779 2539 3868 aliqua
2584 3780 2700 3850 lex
2749 3779 3023 3871 vigeret
3069 3779 3315 3850 adhuc

322 3917 435 3990 ve]
481 3942 631 4010 quo
680 3942 906 3992 sensu
954 3921 1384 4010 accipienda
1431 3928 1650 4007 esset,
1683 3905 1972 3992 etiamsi
2020 3922 2112 3992 de
2159 3922 2384 3991 rebus
2414 3927 2752 4011 ageretur
2781 3942 2972 4011 quae
3014 3919 3313 3990 maximi

320 4072 570 4134 essent
633 4064 986 4134 momenti
1048 4070 1121 4136 et
1175 4066 1267 4134 ad
1331 4086 1551 4135 usum
1618 4066 2087 4153 pertinerent.
2153 4064 2399 4149 Quare
2462 4063 2602 4134 iuri
2667 4064 3024 4135 canonico
3086 4065 3318 4153 perdi-

320 4209 594 4279 scendo
657 4209 831 4278 dare
893 4228 1220 4297 operam,
1278 4209 1639 4298 siquidem
1705 4229 1857 4278 non
1915 4229 1954 4278 e
2017 4208 2276 4279 rivulis
2329 4209 2461 4278 sed
2525 4229 2564 4278 e
2626 4207 2957 4279 fontibus
3018 4208 3314 4297 plenam

314 4352 473 4422 eius
511 4351 927 4422 doctrinam
979 4351 1275 4423 haurire
1323 4353 1744 4441 placuisset,
1778 4352 1994 4441 pauci
2027 4357 2315 4423 tantum
2352 4372 2392 4423 e
2425 4352 2619 4423 clero
2652 4357 3014 4441 poterant,
3045 4351 3316 4444 quibus

319 4494 656 4565 videlicet
717 4500 789 4565 et
852 4501 1116 4565 natura
1180 4497 1276 4566 ad
1337 4496 1702 4567 eiusmodi
1765 4497 2015 4567 studia
2075 4497 2422 4586 proclivis
2485 4501 2557 4568 et
2617 4496 2848 4567 otium
2915 4502 2989 4566 et
3051 4516 3318 4585 magna

316 4637 668 4708 librorum
733 4638 948 4726 copia
1008 4647 1226 4721 esset,
1290 4660 1479 4722 cum,
1544 4646 1821 4725 contra,
1887 4640 2349 4711 Caelestinus
2399 4641 2624 4729 Papa,
2686 4647 2770 4710 ut
2827 4640 2902 4709 in
2963 4639 3314 4711 Gratiano

318 4782 655 4871 legimuS,
703 4781 886 4853 haec
933 4782 1027 4851 ad
1075 4781 1486 4871 Episcopos
1519 4783 1801 4871 Apulos
1848 4789 1922 4852 et
1956 4783 2310 4854 Calabros
2343 4782 2727 4854 scriberet:
2767 4811 2803 4846 «
2837 4786 3048 4868 Nullj
3091 4804 3318 4853 sacer·

318 4928 564 4993 dotum
612 4928 817 4994 liceat
862 4915 1108 4995 sacros
1152 4946 1462 4995 canones
1507 4929 1862 5012 iynorare,
1897 4947 2024 4995 nec
2068 4930 2471 5014 quidquam
2515 4930 2751 5012 facere
2789 4931 2980 5014 quod
3009 4929 3314 4996 Patrum

188 5077 191 5080 '
309 5072 541 5155 possit
589 5073 861 5155 rmulia
905 5072 1189 5141 obviare
1222 5095 1291 5156 »;
1340 5076 1412 5141 et
1462 5070 1857 5159 Gregorius
1894 5071 2014 5156 IX,
2063 5072 2106 5140 l.
2145 5073 2205 5156 1,
2251 5071 2362 5142 tit.
2395 5073 2460 5156 2,
2508 5075 2611 5142 De
2647 5074 3318 5144 constitutionibus.-

319 5239 353 5274 ι
393 5211 773 5281 Ganottum
813 5218 1093 5284 statuta
1136 5220 1642 5288 custodiamur
1686 5218 1776 5285 ab
1822 5217 2172 5299 omnibus,
2218 5220 2282 5285 et
2338 5239 2543 5287 nemo
2602 5222 2687 5285 in
2748 5219 3152 5287 actionibus
3209 5221 3318 5287 vel

317 5356 618 5425 iudiciis
662 5357 1157 5426 ecclesiasticis
1198 5379 1331 5427 auo
1373 5380 1611 5441 sensu,
1656 5362 1782 5428 aed
1825 5382 2070 5429 eorum
2116 5363 2540 5430 auctoritate
2594 5362 2906 5430 ducamr
2938 5388 2999 5429 ».
3050 5360 3323 5430 Nostra

318 5495 539 5568 etiam
590 5502 833 5569 aetate
881 5497 1244 5571 eiusmodi
1290 5500 1537 5571 studia
1569 5501 1999 5590 Apostolica
2022 5471 2251 5574 Sedes
2282 5503 2800 5574 commendare
2827 5523 2984 5572 non
3017 5503 3319 5590 destitit,
