3753 5871
506 279 510 284 «
607 321 879 396 Cas-Cap

201 504 635 574 [Ca-oninatielz

338 587 575 639 tentiam
613 587 852 641 Romani
890 586 1193 647 Pontificis,
1224 586 1296 640 de
1332 587 1479 641 facto
1518 589 1663 654 posi·

339 665 491 717 tivae
532 667 919 732 permissionis
964 665 1184 728 cultus.
1227 667 1352 720 2137
1408 665 1475 733 §S
1517 666 1568 728 Β,
1599 669 1657 731 3;

336 746 620 811 quomodo
663 747 735 799 ad
783 747 1271 800 canonizationem
1321 747 1661 813 proceditur,

334 825 480 887 2139,
503 827 655 891 214ος
689 827 971 894 quomodo
1003 827 1086 888 iit,
1107 827 1259 888 2141ς
1295 827 1421 879 vide
1453 827 1662 885 Causae

335 907 812 972 beatificationis.

196 988 478 1043 Casuras
508 990 640 1044 vide
668 993 942 1045 nectores
972 991 1381 1044 ecclesiarum.

195 1072 436 1128 Cantus:
462 1075 695 1140 quinam
716 1075 791 1127 ab
811 1073 1066 1128 ecclesiis
1089 1074 1388 1137 arcendus,
1408 1074 1533 1126 im
1560 1073 1658 1139 52.

195 1155 586 1221 Cupit-laren
636 1157 1036 1224 obligationes,
1077 1157 1175 1209 405
1223 1157 1257 1223 5
1292 1158 1343 1218 2,
1391 1157 1504 1217 409,
1545 1156 1658 1218 413,

331 1234 445 1296 414,
478 1236 593 1297 416,
624 1237 740 1298 413,
771 1237 885 1297 419,
921 1237 1045 1290 1346
1087 1237 1120 1302 5
1152 1236 1211 1300 2;
1251 1238 1395 1298 iura,
1426 1235 1587 1303 4155
1612 1237 1658 1297 1,

331 1316 454 1379 418;
490 1317 689 1369 modus
717 1316 1054 1383 procedendi
1086 1317 1144 1369 et
1177 1329 1416 1383 poenae:
1451 1315 1512 1367 in
1545 1329 1661 1367 non

334 1396 667 1458 residentes,
699 1396 1001 1460 2168-2175,
1033 1394 1177 1460 2331,
1215 1395 1282 1448 in
1328 1395 1663 1448 subtrahen-

332 1476 441 1536 tes,
484 1477 614 1538 etc„
655 1475 996 1529 documenta
1047 1475 1255 1530 Curiae
1307 1473 1659 1541 episcopalis,

194 1638 546 1703 capitula-e
581 1638 655 1690 ad
690 1638 831 1705 quid
868 1639 1223 1701 institutum,
1253 1638 1347 1691 91
1384 1637 1418 1704 5
1447 1637 1501 1700 1;
1535 1637 1661 1703 qui-

329 1718 444 1769 bus
474 1719 714 1778 constet,
745 1720 844 1773 93
882 1717 951 1785 55
986 1719 1032 1779 1,
1058 1718 1118 1782 2;
1156 1716 1468 1778 institutio,
1500 1716 1660 1768 inno-

331 1798 510 1861 vatio,
542 1798 868 1864 suppressio
904 1798 1223 1850 resemtae
1266 1797 1322 1849 S.
1358 1795 1510 1858 Sodi,
1542 1795 1657 1857 92,

326 1891 483 1944 quae
523 1878 631 1931 hoc
673 1879 968 1945 negotium
1017 1879 1322 1945 pertractat
1364 1891 1465 1944 per
1503 1876 1559 1929 S.
1595 1877 1656 1930 C.

328 1958 811 2021 Consistorialem,
840 1959 939 2011 248
979 1959 1014 2025 5
1041 1959 1095 2019 2,
1128 1959 1185 2010 et
1219 1956 1545 2024 Capitulum
1577 1957 1659 2010 in·

326 2039 529 2091 stituit
568 2039 773 2092 litteris
811 2038 1134 2106 apostolicis
1164 2037 1529 2104 expediendis
1559 2051 1660 2104 per

328 2118 733 2171 Cancellariam
766 2120 984 2184 Apost„
1016 2118 1113 2170 m
1148 2118 1182 2183 5
1211 2119 1257 2177 1,
1287 2118 1359 2168 de
1391 2118 1659 2169 mandato

328 2199 390 2252 S.
425 2200 482 2253 C.
514 2200 783 2261 Consist..
816 2198 913 2250 m
952 2199 985 2265 5
1014 2198 1072 2261 2;
1116 2200 1259 2264 quot
1291 2196 1653 2263 praebendati

328 2279 394 2332 in
428 2280 705 2346 Capitulis
740 2279 1085 2338 numeratis,
1123 2280 1268 2344 quot
1311 2277 1370 2329 in
1403 2290 1519 2329 non
1552 2291 1659 2328 nu·

329 2360 591 2423 meratis,
633 2360 731 2413 394
781 2359 814 2426 5
860 2361 914 2421 1;
972 2358 1137 2410 debet
1182 2358 1391 2410 babere
1437 2357 1658 2409 statuta

328 2442 594 2509 religiose
625 2439 921 2500 servanda,
942 2439 1040 2491 410
1068 2437 1101 2504 5
1126 2440 1181 2501 1;
1214 2437 1498 2503 quomodo
1527 2450 1659 2489 con·

325 2521 517 2575 denda
558 2523 618 2573 et
652 2519 1033 2587 approbanda,
1066 2518 1163 2571 410
1202 2518 1270 2585 55
1295 2517 1353 2582 2,
1387 2519 1445 2577 3;
1489 2517 1656 2570 debet

328 2602 542 2655 habere
595 2600 768 2653 etiam
823 2601 973 2653 stato
1036 2600 1288 2665 tempore
1339 2599 1658 2651 conventus

325 2681 665 2741 ordinarios,
698 2682 884 2746 potest
926 2681 986 2732 et
1027 2678 1521 2741 extraordinarios,
1561 2677 1654 2730 411

326 2762 397 2829 55
431 2763 478 2824 1,
509 2762 570 2822 2;
620 2775 657 2813 a
702 2774 818 2826 quo
866 2762 925 2811 et
970 2758 1201 2825 quando
1244 2758 1653 2818 convocandos,

326 2841 673 2910 dirigendos,
714 2840 810 2893 397
861 2853 918 2891 ιι.
944 2838 1002 2901 4;
1048 2838 1281 2903 quinam
1324 2836 1385 2888 in
1429 2836 1522 2889 his
1563 2851 1657 2889 vo-

324 2938 449 2977 cem
483 2921 746 2977 babeant.
782 2918 876 2971 411
916 2918 949 2986 5
974 2919 1032 2982 3;
1071 2916 1220 2970 aliae
1258 2916 1653 2985 obligationes,

324 3004 440 3064 413,
473 3002 570 3057 395
620 3001 654 3067 5
690 3000 740 3063 4,
772 2999 1019 3062 416·418;
1067 2998 1462 3064 praecedentia
1507 2998 1657 3050 inter

323 3081 593 3149 Capitula
623 3083 683 3134 et
720 3080 779 3132 in
819 3079 1118 3144 Capitulis,
1152 3079 1274 3137 ⁴0&
1307 3078 1447 3144 quid
1478 3079 1527 3129 si
1559 3077 1658 3131 Ca·

325 3163 515 3229 pitulo
553 3162 715 3213 unita
746 3161 825 3211 sit
855 3173 995 3211 cura
1025 3159 1366 3220 animarum,
1388 3157 1479 3209 471
1514 3158 1582 3225 55
1608 3160 1653 3220 1,
1713 3220 1722 3226 ⁴

321 3245 383 3300 2;
420 3255 705 3309 quaenam
744 3240 807 3292 in
849 3253 988 3291 casu
1022 3239 1328 3290 relationes
1360 3239 1486 3289 eius
1518 3239 1655 3290 iuri-

320 3324 485 3375 dicae
515 3336 647 3374 cum
683 3319 926 3386 parocho
958 3333 1060 3371 seu
1095 3319 1325 3381 vicario,
1356 3317 1479 3377 415ς
1516 3332 1655 3383 quo-

323 3403 494 3455 modo
541 3401 723 3468 possit
769 3402 922 3453 stare
976 3400 1036 3451 in
1088 3398 1318 3460 iudicio,
1356 3397 1495 3460 1649,
1532 3399 1656 3452 1653

171 3599 244 3609 -
279 3567 602 3621 abbatiae:
630 3565 742 3619 324.

169 3684 240 3692 -
278 3650 634 3705 cathedrale
654 3664 674 3699 .·
726 3661 860 3714 prae
912 3647 1026 3698 flne
1078 3645 1334 3697 cuiusvis
1380 3642 1650 3710 Capituli,

317 3731 471 3784 illud
496 3743 728 3796 quoque
754 3727 928 3779 babet
961 3728 1029 3778 ut
1059 3725 1193 3779 sede
1221 3724 1390 3791 plena
1415 3724 1652 3777 consilio

314 3825 435 3865 suo
458 3810 696 3862 adiuvet
727 3808 1084 3874 Episcopum,
1106 3805 1239 3859 sede
1261 3805 1498 3873 vacante
1519 3819 1652 3857 eum

312 3891 610 3958 suppleat,
641 3890 735 3943 91
774 3889 807 3956 5
833 3889 885 3951 1;
926 3888 999 3940 ad
1035 3886 1177 3938 illud
1214 3886 1367 3938 enim
1401 3887 1537 3938 tunc
1568 3900 1653 3938 or·

312 3971 546 4025 dinarie
589 3967 914 4021 devolvitur
948 3967 1218 4019 dioecesis
1259 3966 1528 4032 regimen,
1558 3966 1650 4019 431

312 4054 350 4119 5
392 4054 441 4115 1,
472 4064 577 4103 seu
616 4050 823 4102 transit
853 4047 1144 4100 ordinaria
1175 4045 1498 4098 iurisdictio
1531 4045 1655 4110 Epi·

311 4132 478 4197 scopi
514 4132 574 4182 in
605 4128 896 4192 omnibus,
917 4141 1068 4194 quae
1089 4139 1353 4193 expresse
1374 4140 1488 4178 non
1513 4125 1652 4177 sunt

309 4214 580 4278 excepta,
627 4211 725 4265 435
775 4209 808 4277 5
844 4211 898 4273 1;
953 4209 1123 4261 debet
1174 4209 1369 4260 autem
1426 4206 1654 4258 iurisdi-

308 4294 567 4348 ctionem
594 4291 677 4344 sic
707 4292 992 4355 acceptam
1027 4288 1411 4341 transmittere
1437 4286 1652 4338 vicario

307 4375 478 4427 intra
517 4372 644 4423 octo
686 4370 811 4422 dies
849 4369 924 4420 ab
969 4370 1201 4434 accepta
1241 4367 1447 4419 notitia
1493 4380 1655 4418 vaca·

311 4455 500 4508 tionis
529 4452 604 4504 ab
645 4464 713 4503 eo
758 4448 1106 4516 deputando,
1139 4448 1235 4502 432
1275 4447 1307 4514 5
1345 4449 1390 4510 1,
1424 4449 1482 4500 et
1524 4447 1650 4513 qui·

306 4536 450 4588 dem
500 4534 709 4594 totam,
749 4530 845 4586 437
857 4548 872 4594 ;
919 4531 1143 4597 praeter
1185 4528 1471 4580 vicarium
1515 4527 1649 4593 Cap.

309 4615 478 4669 intra
508 4613 656 4664 idem
689 4613 935 4677 tempus,
968 4610 1017 4661 si
1049 4622 1195 4675 opus
1230 4610 1324 4672 sit,
1353 4607 1651 4674 designare

305 4694 493 4749 debet
523 4704 895 4746 oeconomum
922 4689 1011 4742 vel
1043 4702 1396 4752 oeconomos,
1414 4688 1512 4743 432
1542 4688 1575 4756 5
1596 4690 1648 4753 1;

307 4771 690 4828 invitandum
738 4772 826 4823 est
862 4770 934 4822 ad
979 4768 1146 4822 Cone.
1181 4767 1545 4833 provinciale,
1577 4768 1650 4819 ad

304 4854 474 4923 quod
505 4851 852 4903 intervenire
885 4850 1055 4902 debet
1088 4861 1185 4914 per
1217 4848 1363 4900 duos
1393 4862 1464 4900 ex
1502 4849 1651 4913 capi-

308 4933 611 4989 talaribus
641 4930 1013 4997 collegialiter
1043 4930 1392 4994 designatos,
1412 4929 1509 4981 288
1537 4928 1570 4994 5
1590 4930 1648 4991 3;

304 5012 679 5069 audiendum
712 5012 800 5064 est
830 5011 905 5062 ab
941 5010 1209 5076 Episcopo
1232 5009 1293 5060 in
1325 5009 1498 5061 rebus
1528 5023 1651 5074 gra*

305 5095 493 5147 vioris
542 5091 814 5143 momenti
856 5091 914 5142 et
952 5089 1262 5156 aliquando
1297 5089 1651 5165 expetendus

304 5174 476 5228 illius
508 5184 840 5233 consensus,
865 5171 933 5222 ut
955 5169 1017 5221 in
1047 5169 1338 5235 aliquibus
1358 5168 1650 5221 alienatio-

305 5254 515 5315 nibus,
540 5250 668 5305 1532
696 5249 729 5317 5
750 5251 800 5313 3,
833 5251 940 5302 aut
971 5249 1351 5302 locationibus
1372 5250 1647 5302 bonorum

298 5333 855 5393 ecclesiasticorum,
881 5330 1001 5381 1541
1034 5330 1066 5395 5
1087 5330 1145 5390 2;
1173 5329 1450 5381 rationem
1482 5329 1649 5380 debet

301 5414 551 5469 reddere
595 5425 756 5483 novo¹
785 5409 1057 5476 Episcopo
1099 5408 1169 5465 de
1209 5409 1370 5475 gesta
1409 5406 1650 5458 admini-

300 5551 516 5604 Godcae
550 5545 715 5598 tuo-u
749 5543 1048 5595 canonici.

1234 325 1421 373 limes
1454 325 2182 387 namuco-alphabeticus

2518 329 2779 404 cap-cn
3105 332 3210 393 721

1762 511 2139 580 [Capit-Iup

1886 594 2180 657 stratione,
2206 593 2344 647 sede
2375 596 2633 657 vacante,
2654 596 2775 660 4403
2810 597 2964 663 quod
2997 611 3212 651 munus

1888 673 2153 740 Capituli,
2174 673 2308 727 sede
2333 674 2628 740 impedita,
2658 674 2755 727 429
2786 676 2941 742 (vide
2962 680 3211 732 Vicarins

1889 754 2304 822 Commeat-ion
2338 755 2399 807 in
2433 753 2538 807 hoc
2570 753 2832 820 Capitulo
2865 757 3060 810 deesse
3093 773 3209 811 non

1885 835 2053 888 debet
2083 835 2392 887 canonicus
2429 833 2729 902 theologus
2766 837 2843 900 et,
2875 837 2924 889 si
2963 837 3082 891 fleri
3119 853 3215 905 po·

1886 917 2017 978 teet,
2054 915 2543 981 poenitentiarius,
2575 916 2672 969 398
2707 915 2740 982 5
2770 919 2816 970 1.

1758 1022 1822 1032 -
1851 995 2178 1060 collemalo:
2207 995 2322 1049 391.

1760 1075 2051 1141 cappati-s
2088 1076 2408 1130 inserar-he
2445 1076 2574 1129 vide
2604 1078 2900 1130 aediculae
2943 1083 3210 1133 coemete-

1884 1157 2077 1208 riales.

1760 1236 2101 1302 cappellani:
2136 1237 2604 1289 associationum
2631 1238 2910 1305 piarum:
2943 1240 3057 1292 098.

1759 1343 1823 1354 -—
1851 1317 2145 1368 militum:
2173 1316 2266 1369 451
2302 1315 2405 1382 53.

1759 1425 1822 1434 -
1851 1396 2301 1462 relioiosorum:
2331 1395 2427 1449 479
2462 1397 2495 1463 5
2515 1397 2566 1459 2,
2592 1397 2706 1450 529.

1761 1476 2146 1542 (lamella-he
2175 1478 2428 1529 laicalem
2468 1476 2591 1529 1412
2621 1491 2680 1529 ιι.
2702 1477 2752 1530 2.

1759 1556 1935 1622 caput
1963 1556 2102 1608 dum
2133 1557 2311 1608 sacris
2348 1556 2559 1608 ritibus
2595 1557 2876 1609 assistunt
2906 1558 3021 1634 viri
3050 1572 3209 1624 aper·

1883 1638 2028 1698 tum,
2061 1635 2322 1701 opertum
2354 1634 2597 1687 feminae
2630 1636 2836 1689 babere
2871 1636 3098 1701 debent,
3123 1639 3208 1690 ni-

1882 1716 1953 1777 si,
1989 1717 2118 1779 etc„
2152 1715 2277 1767 im
2322 1715 2354 1782 5
2386 1715 2445 1780 2;
2501 1716 2741 1781 reliquia
2783 1716 3046 1785 insignis,
3084 1719 3203 1772 1281

1758 1879 2078 1931 cardinales
2119 1878 2176 1931 S.
2207 1879 2278 1929 B.
2310 1878 2397 1929 B:
2445 1891 2675 1942 munus,
2712 1878 2834 1942 2³03
2874 1879 3207 1933 distributio

1882 1958 1941 2009 in
1981 1959 2097 2010 tres
2127 1957 2375 2021 ordines,
2395 1957 2518 2022 ”¹3
2553 1957 2769 2023 electio,
2800 1959 2897 2013 232
2926 1960 2959 2026 5
2986 1961 3039 2020 1;
3074 1975 3210 2026 qua-

1881 2038 2077 2091 litates
2106 2038 2514 2104 eligendorum,
2534 2038 2656 2102 232;
2689 2040 2903 2092 creatio
2933 2041 2992 2092 et
3023 2040 3210 2107 publi·

1882 2118 2051 2180 catio,
2082 2117 2205 2181 233;
2248 2117 2527 2169 amittunt
2567 2117 2689 2183 ipso
2726 2118 2876 2170 iacto
2907 2119 3207 2184 promotio-

1883 2197 1977 2249 nis
2006 2196 2335 2263 dignitates,
2369 2195 2651 2258 ecclesias,
2673 2198 2801 2260 etc„
2828 2196 2950 2261 w;
2986 2199 3205 2265 singuli

1880 2277 2139 2344 singulos
2182 2276 2382 2329 titulos
2412 2277 2517 2329 aut
2547 2277 2830 2329 diaconias
2868 2279 2974 2330 aut
3014 2279 3204 2330 sedem

1881 2357 2334 2409 suburbicariam
2371 2357 2650 2420 obtinent,
2681 2358 2802 2419 231;
2836 2359 2965 2410 iura
3001 2360 3059 2410 et
3096 2360 3206 2426 pri·

1881 2437 2118 2505 vilegia:
2158 2437 2348 2503 quoad
2390 2437 2638 2490 Concilia
2685 2436 3078 2501 Oecumenica,
3109 2439 3207 2493 m

1882 2519 1914 2584 5
1965 2520 1989 2569 1
2047 2531 2103 2569 n.
2151 2518 2215 2580 1;
2276 2517 2465 2583 quoad
2519 2516 2911 2581 Sacramenta,
2956 2517 3201 2585 2951

1884 2612 1982 2650 ιιιι.
2019 2598 2066 2661 1,
2107 2598 2158 2661 2,
2195 2597 2521 2661 ,23,732
2566 2598 2971 2665 53,87351;
3054 2600 3203 2651 uoad

1881 2677 2343 2740 sacramentalia,
2385 2677 2484 2732 29
2530 2677 2562 2744 5
2599 2678 2624 2729 1
2649 2713 2655 2718 -
2679 2693 2776 2745 nn,
2809 2678 2860 2742 5,
2906 2678 2959 2742 6,
3003 2681 3028 2738 1
3065 2719 3082 2742 ,
3122 2679 3204 2742 m,

1884 2757 2008 2809 1155
2038 2755 2071 2822 5
2097 2758 2150 2820 1;
2185 2757 2372 2822 quoad
2400 2757 2836 2815 celebrationem
2870 2752 3088 2822 Missae,
3110 2758 3206 2813 239

1880 2836 1914 2901 5
1949 2838 1973 2887 1
2025 2850 2122 2887 nn.
2154 2835 2206 2898 4,
2248 2835 2382 2897 7-10,
2427 2837 2504 2898 14,
2545 2837 2720 2903 311.5
2750 2837 2803 2899 2,
2842 2837 2963 2897 812;
3014 2838 3204 2904 quoad

1881 2915 2330 2984 praecedentiam
2364 2929 2536 2982 super
2569 2916 2729 2980 alios,
2760 2916 2859 2972 29
2898 2917 2980 2983 51
3030 2931 3087 2969 ιι.
3120 2916 3203 2981 21,

1881 2999 2032 3050 inter
2060 3013 2141 3061 se,
2164 2998 2278 3059 233,
2299 2997 2413 3060 236,
2433 2997 2548 3060 237,
2582 2998 2651 3049 de
2682 2998 2895 3063 quibus
2927 2999 2988 3050 in
3026 2999 3205 3051 dubio

1879 3079 2099 3131 iudicat
2151 3078 2209 3130 S.
2250 3078 2309 3131 C.
2349 3077 2803 3141 Caeremonialis,
2843 3079 2964 3143 254;
3015 3080 3205 3144 quoad

1881 3157 2016 3222 alia,
2056 3159 2153 3213 239
2204 3159 2236 3224 5
2271 3160 2294 3210 1
2346 3174 2442 3211 ιιιι.
2474 3161 2525 3222 3,
2561 3160 2640 3222 11,
2678 3159 2753 3222 13,
2792 3159 2953 3223 15-19,
2990 3160 3073 3222 24,
3110 3160 3207 3211 240

1880 3238 1912 3305 5
1944 3241 1995 3302 3,
2025 3241 2123 3293 600
2163 3255 2220 3292 ιι.
2254 3241 2303 3302 3,
2346 3239 2417 3292 ct.
2443 3239 2558 3302 004,
2593 3240 2733 3301 1189,
2772 3240 2914 3302 1298,
2950 3240 3095 3305 1401;
3141 3240 3203 3292 in

1879 3319 2120 3386 propriis
2156 3319 2528 3381 dioecesibus,
2561 3318 2748 3370 titulis
2785 3318 2876 3371 vel
2912 3319 3204 3381 diaconiis,

1876 3400 1992 3462 240,
2028 3399 2152 3451 1414
2197 3401 2229 3466 5
2262 3400 2314 3462 4,
2351 3400 2474 3453 1432
2520 3401 2553 3467 5
2590 3401 2643 3462 1;
2682 3399 2838 3465 quod
2884 3399 3093 3452 attinet
3129 3400 3204 3452 ad

1878 3479 2113 3542 iudicia,
2136 3479 2231 3531 im
2265 3480 2298 3545 5
2317 3479 2368 3543 2,
2396 3478 2468 3531 cf.
2491 3480 2637 3542 2341,
2662 3479 2784 3531 1557
2815 3480 2892 3547 51
2928 3495 2983 3533 ιι.
3006 3480 3058 3543 2,
3083 3480 3207 3531 1770

1878 3557 1911 3624 5
1932 3559 1966 3610 2
1997 3573 2055 3611 ιι.
2082 3560 2137 3619 1;
2160 3560 2231 3611 ad
2267 3574 2497 3626 poenas,
2519 3559 2646 3610 2227
2657 3576 2672 3624 ;
2707 3560 2881 3625 optio,
2906 3560 3028 3620 236;
3062 3559 3206 3612 obli·

1875 3639 2156 3704 gationes,
2176 3640 2291 3701 234,
2311 3640 2433 3701 238;
2464 3652 2679 3705 poenae
2702 3640 2759 3691 in
2792 3653 2888 3691 eos
2920 3638 3205 3691 offenden-

1878 3719 1984 3782 tes,
2016 3719 2145 3773 2343
2185 3720 2217 3785 5
2249 3720 2301 3781 2,
2333 3719 2487 3783 2344;
2521 3719 2718 3782 funus,
2761 3719 2885 3772 1205
2925 3719 2957 3785 5
2989 3720 3041 3783 2,
3078 3720 3202 3772 1219

1876 3799 1910 3867 5
1935 3800 1981 3862 1,
2017 3800 2142 3854 129
2171 3799 2281 3866 56;
2315 3800 2578 3865 spolium,
2604 3800 2744 3863 129,
2769 3800 2911 3863 1299,
2936 3800 3077 3854 1301.

1750 3907 1814 3916 —-
1835 3882 2222 3946 protectores:
2252 3880 2347 3932 499
2378 3880 2412 3946 5
2434 3880 2483 3932 2.

1751 3988 1814 3997 -
1843 3959 2145 4027 relioiosi:
2173 3959 2289 4023 627,
2318 3960 2433 4013 029.

1751 4039 2085 4091 cardinalis:
2120 4039 2416 4092 amanus:
2444 4040 2560 4103 m,
2591 4040 2690 4095 29
2721 4040 2824 4107 52.

1751 4147 1813 4157 -
1833 4119 2364 4185 proto-diaconus:
2393 4119 2490 4173 239
2520 4120 2554 4186 5
2575 4119 2625 4172 3.

1751 4199 2075 4261 carnificem
2110 4199 2456 4266 irregulares
2477 4213 2548 4251 ex
2571 4199 2816 4262 defectu,
2846 4200 2946 4252 984
2977 4214 3032 4251 ιι.
3055 4200 3105 4251 7.

1751 4280 1945 4335 casus:
1995 4280 2404 4337 conscientiae.
2458 4281 2587 4343 etc„
2636 4280 2767 4333 vide
2815 4279 3201 4333 maioma-e

1875 4374 1980 4412 seu
2014 4359 2364 4413 cellationes.

1750 4468 1812 4477 —
1843 4443 2146 4508 exceptus:
2179 4441 2240 4492 in
2273 4442 2463 4493 causis
2495 4441 2853 4505 Sanctorum,
2883 4440 3028 4493 meo.

1750 4550 1813 4559 —
1843 4522 2158 4587 fortuitus:
2188 4521 2317 4575 293
2346 4521 2379 4587 5
2400 4521 2451 4584 2,
2484 4523 2612 4574 2218
2642 4523 2674 4588 5
2695 4523 2746 4574 2.

1750 4602 2062 4655 Catecbcsis
2130 4601 2528 4667 gravissimum
2598 4601 2845 4655 officium
2910 4604 3201 4667 pastorum

1873 4682 2222 4744 animarum,
2269 4682 2419 4744 1329,
2466 4682 2613 4745 139,
2656 4684 2981 4748 parentum,
3026 4683 3203 4735 domi·

1875 4776 2098 4825 norum,
2123 4764 2493 4828 patrinorum,
2520 4764 2660 4826 1335,
2683 4763 3047 4831 Superiorum
3073 4765 3203 4817 reli·

1873 4844 2164 4910 giosorum
2213 4858 2313 4909 pro
2361 4843 2742 4897 familiaribus
2789 4847 2849 4897 et
2895 4847 3201 4908 conversis,

1873 4924 1970 4976 509
2031 4924 2064 4990 5
2106 4924 2139 4974 2
2193 4939 2249 4976 n.
2292 4924 2343 4987 2,
2388 4926 2717 4991 praesertim
2780 4927 3010 4979 novitiis
3072 4941 3201 4979 con·

1876 5004 2074 5066 versis,
2116 5005 2213 5055 565
2264 5006 2295 5071 5
2333 5005 2391 5063 2;
2441 5019 2477 5058 a
2523 5007 2770 5071 parocho
2815 5020 2933 5072 qua
2979 5007 3202 5060 ratione

1874 5084 2139 5137 habenda
2187 5100 2286 5151 pro
2326 5086 2536 5152 pueri9,
2576 5085 2671 5137 467
2720 5086 2751 5152 5
2787 5090 2834 5148 1,
2876 5086 3017 5149 139,
3058 5089 3200 5150 1331,

1874 5167 1934 5218 et
1967 5180 2064 5231 pro
2096 5166 2331 5228 adultis,
2366 5165 2513 5229 13:323
2546 5166 2617 5217 ad
2651 5179 2774 5218 eam
2806 5167 3078 5220 adhibere
3110 5170 3203 5221 de-

1879 5247 2001 5308 bet,
2045 5247 2149 5297 aut
2196 5245 2397 5297 saltem
2449 5247 2660 5311 potest,
2702 5261 2928 5312 operam
2977 5249 3200 5313 piorum

1874 5325 2147 5378 laicorum
2181 5328 2238 5379 et
2270 5326 2618 5389 clericorum,
2654 5328 2777 5381 1333
2811 5328 2915 5394 51,
2948 5331 3050 5395 qui
3084 5345 3200 5383 non

1849 5404 2134 5471 ‘impediti
2191 5406 2399 5459 debent
2449 5408 2506 5458 in
2562 5406 2669 5459 hoc
2720 5421 2850 5460 eum
2903 5409 3198 5471 adiuvare,

3035 5547 3091 5589 46
