3753 5871
379 0 488 56 739
873 0 1174 53 nen-Dies

382 186 812 252 ineuntium·

380 297 442 307 —
472 266 831 334 confessarii
867 265 1272 317 remeantis:
1304 264 1420 326 904,
1452 263 1583 318 m
1616 262 1649 330 5
1667 263 1727 326 9ς
1763 262 1835 314 de

504 362 590 408 eo,
623 346 728 413 qui
761 345 909 399 salso
945 345 1390 405 denuntiaverit,
1423 343 1537 410 mi,
1587 344 1656 396 ci·
1685 343 1831 397 m.

378 456 442 466 —
472 425 846 480 criminalis:
885 417 1187 487 1995-1988,
1228 424 1354 477 1919
1388 423 1421 491 5
1441 424 1498 487 9;
1541 423 1672 476 vide
1710 423 1835 489 spi-

506 508 684 560 stoiae
712 519 1072 571 anonymae.
1570 557 1575 560 ,

380 616 441 625 -
473 587 794 639 abranam.-
827 584 967 638 1397.

380 697 443 706 -
472 666 771 719 ”unimus
802 665 1210 716 matrimonii:
1245 664 1365 716 1971
1399 663 1432 731 5
1452 664 1503 715 9.

379 748 669 814 Depositis
714 746 803 798 est
849 758 1037 812 poena
1076 744 1448 803 vindicativa,
1481 743 1611 797 ms
1650 758 1707 795 n.
1744 743 1829 807 10;

503 826 646 894 quid
677 824 1030 883 secumferat.
1065 824 1195 878 m
1224 824 1258 891 5
1284 825 1330 885 1,
1363 824 1538 876 etiam
1570 823 1834 890 privatio-

504 920 635 960 nem
685 905 945 958 beneficii
993 906 1160 958 cuius
1222 904 1394 957 titulo
1424 904 1668 957 clericus
1720 903 1835 956 fuit

502 986 820 1045 ordinatus,
852 984 953 1037 sed
986 986 1124 1037 tunc
1155 983 1497 1036 ordinarius
1529 997 1659 1036 vere
1689 983 1835 1036 indi·

503 1067 662 1134 genti
710 1078 814 1131 pro
861 1064 1101 1117 caritate
1166 1064 1476 1130 provideat,
1528 1064 1658 1118 m
1700 1063 1737 1130 5
1772 1064 1830 1128 9ς

504 1145 732 1211 quando
765 1142 899 1196 ferri
920 1143 1121 1210 possit,
1138 1143 1268 1197 m
1298 1143 1331 1210 5
1355 1145 1405 1205 8,
1437 1143 1567 1197 asu
1596 1143 1630 1210 5
1649 1144 1674 1195 1
1697 1158 1757 1196 ιι.
1778 1143 1830 1205 9,

502 1223 808 1285 939),9399
851 1237 908 1274 n.
945 1222 1170 1285 1,9398,
1211 1222 1342 1276 9850
1397 1221 1832 1288 51,9ῶ459,

501 1304 630 1358 9859
660 1302 763 1370 59,
801 1302 947 1364 9879,
980 1303 1110 1357 9394
1141 1318 1196 1356 ιι.
1230 1302 1559 1365 9,9401;1ιι
1590 1301 1832 1365 delictis,

503 1397 655 1451 quae
676 1398 800 1436 eam
820 1383 1224 1444 secumrerunt,
1257 1381 1509 1434 excludit
1532 1382 1835 1448 correptio-

504 1477 634 1516 nem
687 1463 1031 1524 iudicialem,
1088 1463 1211 1515 1948
1250 1477 1307 1514 ιι.
1344 1464 1392 1522 1,
1444 1464 1503 1515 et
1554 1462 1836 1514 remissio-

508 1557 636 1596 nem
683 1543 758 1595 ab
806 1542 1126 1604 Ordinatio,
1174 1542 1302 1596 9987
1355 1542 1389 1609 5
1424 1543 1450 1594 1
1502 1556 1557 1594 ιι.
1592 1543 1652 1605 33
1698 1555 1836 1607 quo-

505 1623 671 1676 modo
701 1624 778 1676 eit
816 1622 1147 1689 infligenda,
1184 1622 1308 1674 1576
1339 1622 1372 1688 5
1397 1622 1424 1673 1
1458 1636 1513 1674 ιι.
1534 1621 1584 1672 9.

380 1703 700 1769 nepoeinm
732 1703 861 1755 vide
892 1703 1106 1764 cautio,
1140 1705 1351 1755 Testes.

379 1783 668 1847 nep-unz
718 1797 792 1834 an
834 1782 1006 1834 liceat
1051 1782 1272 1835 clericis
1320 1795 1529 1834 munus
1576 1781 1832 1848 deputati

506 1864 812 1929 suscipere,
849 1863 941 1916 139
971 1862 1069 1929 54.

380 1971 443 1980 -
474 1957 575 2009 pro
607 1941 945 2002 Seminario,
983 1943 1123 1996 1359.

381 2024 641 2076 Dete-fio
676 2022 805 2074 vide
846 2025 1002 2076 Actio
1042 2023 1435 2089 possessorio.
1474 2024 1708 2088 nupt-n.

379 2105 707 2157 Detinentes
752 2104 900 2155 bona
940 2106 1045 2155 aut
1087 2103 1213 2156 iura
1255 2102 1562 2156 Ecclesiae:
1600 2116 1831 2168 poenae,

380 2264 687 2316 Diaconum
725 2276 1004 2329 quaenam
1037 2263 1111 2315 ad
1149 2261 1517 2314 diaconatum
1562 2263 1834 2328 requisita

504 2345 691 2404 aetas,
729 2343 850 2406 975,
889 2343 1159 2404 scientia,
1201 2341 1299 2394 976
1350 2342 1383 2410 5
1413 2344 1473 2406 9;
1519 2343 1833 2395 interstitia

504 2423 781 2476 servanda
828 2424 979 2475 inter
1022 2422 1498 2475 subdiaconatum
1542 2425 1601 2476 et
1653 2423 1835 2476 diaco-

506 2506 725 2564 natum,
760 2503 1117 2555 diaconatum
1150 2505 1209 2555 et
1240 2501 1714 2569 presbyteratum,
1740 2502 1837 2555 978

504 2584 537 2651 5
568 2584 626 2648 9;
661 2584 961 2636 sitantum
985 2585 1043 2635 et
1074 2583 1351 2635 sacerdoti
1388 2583 1726 2649 regulariter
1756 2584 1836 2636 la-

504 2665 705 2716 cienda
737 2661 1109 2716 concionandi
1144 2663 1405 2724 facultas,
1442 2661 1567 2716 1549
1597 2662 1630 2730 5
1655 2664 1710 2724 1;
1744 2664 1833 2715 est

504 2743 764 2795 minister
793 2742 1285 2795 extraordinarius
1316 2743 1586 2809 baptismi
1618 2742 1834 2795 sollem-

506 2824 614 2885 nis,
648 2823 761 2886 741,
804 2825 862 2876 et
898 2838 943 2876 s.
978 2823 1416 2885 communionis,
1458 2823 1557 2875 845
1591 2824 1626 2890 5
1656 2824 1716 2884 9;
1750 2839 1835 2877 or-

503 2905 763 2958 dinarius
803 2904 1178 2970 expositionis
1209 2907 1268 2957 et
1299 2904 1659 2971 repositionis
1693 2906 1833 2959 semi

504 2986 871 3049 sacramenti,
889 2999 1005 3039 non
1029 2999 1161 3037 vero
1180 2986 1596 3039 benedictionis
1620 2986 1836 3039 Eucha-

506 3067 752 3127 risticae,
797 3064 923 3117 1974
950 3065 984 3132 5
1003 3065 1063 3128 9;
1098 3079 1198 3117 eas
1228 3067 1455 3119 tantum
1498 3067 1833 3120 benedictio-

505 3161 607 3198 nes
659 3147 946 3211 impertire
996 3147 1210 3211 potest,
1265 3159 1416 3211 quae
1462 3147 1572 3212 ipsi
1621 3161 1658 3199 a
1705 3147 1832 3200 iure

502 3240 767 3294 expresse
799 3227 1230 3291 permittuntur,
1268 3225 1390 3278 1147
1420 3227 1453 3293 5
1476 3226 1525 3278 4.

380 3310 572 3361 Diaria
602 3307 733 3360 vide
765 3307 1010 3360 Censura
1030 3308 1260 3373 praevia
1288 3308 1579 3360 librorum.

378 3389 535 3441 Dies:
571 3388 711 3454 quid
746 3389 1010 3453 importet
1042 3388 1103 3439 in
1137 3388 1282 3451 iure,
1315 3387 1381 3439 99
1411 3389 1444 3455 5
1467 3391 1513 3442 1.

378 3498 439 3507 -
470 3470 895 3522 abstinentias:
936 3468 1191 3534 quinam,
1232 3468 1357 3521 1959
1401 3468 1513 3535 51;
1557 3470 1693 3535 quis
1733 3484 1831 3523 eos

502 3551 812 3603 constituat
844 3563 943 3615 pro
967 3549 1238 3601 universa
1275 3548 1542 3610 Ecclesia,
1570 3549 1694 3603 1944
1721 3550 1755 3617 5
1774 3554 1828 3612 1;

501 3630 645 3695 quid
677 3630 829 3682 circa
858 3642 957 3681 eos
988 3626 1213 3694 possint
1245 3628 1494 3681 locorum
1523 3628 1830 3693 ordinarii,

505 3708 628 3759 1944
667 3708 699 3775 5
732 3708 781 3766 9.
816 3708 886 3761 cr.
925 3707 1073 3764 1945ς
1101 3706 1230 3759 vide
1262 3708 1378 3759 Lex
1411 3708 1827 3763 abstinentiae.

377 3815 440 3824 —
471 3787 788 3839 dominici:
821 3785 945 3838 1947
977 3786 1089 3853 51:
1129 3787 1252 3840 1ω6
1282 3786 1350 3855 55
1376 3788 1422 3850 1,
1443 3787 1493 3838 3.

379 3895 439 3904 -
471 3867 707 3931 terimi:
741 3868 882 3927 1639,
915 3866 985 3920 cr.
1016 3866 1154 3919 1635.

385 3974 429 3985 -
470 3947 634 4011 sesti:
655 3946 892 4011 quinam
916 3947 976 3998 in
999 3946 1271 3999 universa
1293 3946 1557 4011 Ecclesia,
1575 3946 1699 4001 1947
1721 3947 1827 4014 51;

501 4025 639 4091 quid
675 4026 725 4077 si
760 4025 990 4091 aliquod
1023 4026 1230 4078 festum
1271 4040 1344 4078 ex
1379 4026 1470 4079 his
1504 4026 1723 4080 alicubi
1754 4027 1832 4080 le-

502 4105 697 4170 gitime
730 4105 810 4157 sit
860 4105 1140 4158 abolitum
1180 4106 1269 4158 vel
1308 4105 1673 4172 translatum,
1708 4107 1831 4162 1947

501 4186 533 4252 5
565 4186 622 4249 3;
656 4186 788 4252 quis
830 4199 928 4238 eos
957 4186 1279 4239 constituat
1309 4200 1412 4253 pro
1445 4189 1717 4241 universa
1736 4188 1831 4242 Be·

502 4266 691 4329 clesia,
732 4266 859 4320 1944
909 4267 942 4333 5
981 4269 1037 4325 13
1086 4267 1227 4333 quid
1269 4268 1421 4320 circa
1466 4282 1565 4321 eos
1607 4270 1832 4335 possint

502 4346 749 4398 iocorum
782 4345 1089 4411 Ordinarli,
1125 4348 1249 4399 1944
1279 4348 1313 4415 5
1334 4348 1386 4410 9,
1420 4348 1492 4400 ci.
1523 4348 1672 4414 1945;
1707 4350 1833 4417 qui·

500 4440 631 4478 nam
665 4427 916 4491 veniant,
948 4427 1180 4492 quando
1210 4428 1279 4479 de
1302 4428 1698 4495 indulgentiis,
1720 4430 1831 4482 sub

500 4506 712 4558 verbis:
757 4521 860 4573 pro
892 4507 1056 4558 iestis
1088 4507 1335 4568 Domini,
1390 4506 1452 4562 B.
1494 4507 1564 4559 11.
1599 4508 1687 4571 V„
1734 4509 1827 4563 991

499 4586 532 4653 5
556 4590 602 4647 1,
640 4586 725 4639 vel
754 4587 1175 4653 Apostolorum,
1208 4588 1298 4639 991
1346 4588 1380 4655 5
1410 4588 1470 4649 9;
1515 4602 1659 4655 quas
1690 4589 1831 4642 obli-

500 4665 762 4730 gationes
791 4666 1197 4728 secumierunt,
1233 4665 1384 4727 12183
1420 4667 1634 4733 quibus
1655 4668 1830 4720 inter-

499 4745 717 4798 dictum
748 4745 950 4798 saltem
983 4759 1055 4798 ex
1088 4748 1247 4812 parte
1278 4747 1667 4813 suspenditur,
1689 4748 1740 4800 si
1763 4748 1829 4801 in

498 4824 620 4878 loco
653 4825 863 4891 vigeat,
906 4825 1035 4877 9970
1073 4826 1106 4892 5
1127 4827 1187 4891 9;
1232 4826 1364 4879 vide
1406 4829 1719 4880 Tra-datio
1750 4828 1830 4893 se-

501 4909 749 4959 storum.

375 5013 436 5022 —-
466 4985 718 5038 ieiunii:
748 4985 1006 5052 quinam,
1032 4985 1158 5037 im
1188 4985 1256 5054 55
1277 4983 1329 5048 8,
1351 4985 1411 5051 4;
1434 4987 1567 5052 quis
1587 5000 1829 5039 eoscon-

502 5066 712 5118 stituat
756 5079 856 5133 pro
898 5067 1173 5119 universa
1220 5066 1489 5129 Ecclesia,
1533 5066 1659 5118 1944
1702 5065 1737 5135 5
1770 5068 1826 5127 1;

1539 0 1736 41 UMGC
1764 0 1928 43 Im
1967 0 2249 41 Um

2059 258 2202 325 quid
2232 259 2383 312 cirea
2411 270 2510 310 eos
2540 257 2764 324 possint
2792 255 3049 310 locorum
3079 255 3402 316 ordinarii,

2062 339 2188 391 1944
2217 339 2322 406 59,
2354 338 2426 391 ci.
2453 337 2605 402 1945·;
2638 337 2911 390 videlaex
2941 337 3183 391 iem.

1934 420 2251 473 mla-atie
2282 418 2410 472 vide
2440 420 2598 471 Bona
2626 417 2792 478 iana,
2825 418 3060 470 Iniuria.

1933 500 2216 564 ma
2250 500 2314 552 in
2354 497 2557 551 ordine
2594 497 2670 551 ad
2701 497 2996 560 delictum,
3028 496 3157 549 m?
3188 507 3248 544 n.
3281 497 3332 545 1.

1932 581 2276 645 Dicat-ten
2311 580 2540 643 erectio,
2572 577 2811 644 &513
2848 577 3099 641 collatio,
3127 577 3232 630 m
3270 577 3309 644 5
3347 581 3396 639 1,

2062 660 2188 716 1485
2228 661 2342 728 51;
2380 660 2647 727 anoptio
2678 658 3105 726 permissuum
3139 657 3270 724 523
3315 673 3395 710 an

2057 739 2259 794 laurea
2278 739 2582 794 doctoralis
2603 739 2897 806 requisita,
2918 738 3016 792 Μ
3044 737 3079 804 5
3099 737 3157 802 ὃς
3183 751 3397 791 earnm

2058 822 2191 875 iura
2221 821 2282 873 et
2320 821 2524 882 officia,
2566 819 2682 882 m,
2722 819 2837 881 ⁴⁰5,
2867 819 2992 880 ioe;
3033 833 3110 871 an
3150 819 3274 871 sint
3318 820 3398 872 de

2058 902 2275 969 gremio
2304 899 2571 967 Capituli,
2591 899 2688 954 Μ
2714 898 2749 965 5
2779 900 2830 963 9,
2854 901 2913 952 et
2943 899 3183 965 proinde
3214 914 3291 952 an
3327 901 3394 952 in

2059 996 2126 1035 eo
2160 995 2353 1034 vocem
2383 981 2653 1045 habeant,
2683 980 2854 1047 4115
2884 981 2944 1039 33
2986 993 3024 1031 a
3062 980 3397 1032 ministerio

2057 1061 2282 1115 diaconi
2334 1062 2394 1114 et
2444 1060 2784 1114 subdiaconi
2838 1061 3203 1123 eximuntur,
3255 1059 3391 1122 416;

2056 1142 2453 1209 obligationes,
2496 1140 2623 1193 14oe
2662 1141 2697 1207 5
2731 1142 2758 1192 1
2805 1147 2878 1194 n.'
2900 1142 2935 1193 5
2979 1140 3013 1207 5
3044 1140 3095 1200 9,
3130 1140 3204 1192 cr.
3237 1140 3390 1198 Sim,

2056 1223 2155 1275 410
2204 1223 2238 1290 5
2282 1222 2343 1285 1;
2399 1221 2837 1274 distributiones
2888 1220 3258 1286 quotidianae
3312 1221 3394 1272 ab

2056 1302 2200 1367 ipsis
2219 1302 2466 1354 amissae
2490 1301 2707 1366 quibus
2734 1301 2958 1363 cedant,
2979 1300 3078 1353 ³95
3106 1300 3141 1366 5
3162 1302 3230 1364 ³3
3252 1301 3394 1353 vide

2058 1382 2341 1434 helcia
2370 1383 2766 1447 eccle-hetin,
2796 1381 3172 1433 Βοιοίᾱιτιί.

1930 1463 2239 1514 mistiones
2270 1460 2401 1514 vide
2432 1463 2693 1514 Ter-ini.

1931 1543 2260 1606 Dilige-tia:
2311 1542 2546 1594 omissio
2578 1541 2804 1594 debitae
2834 1540 3169 1607 diligentiae
3201 1542 3265 1593 in
3299 1555 3392 1593 or-

2056 1621 2189 1674 dine
2219 1622 2293 1674 ad
2325 1621 2829 1689 imputabilitatem
2868 1620 3081 1684 delicti,
3112 1620 3247 1672 m
3277 1621 3310 1687 5
3339 1623 3389 1683 1,

2056 1702 2208 1766 9199ς
2242 1703 2316 1755 ad
2348 1715 2582 1769 poenas,
2771 1700 2858 1769 53
2889 1716 2945 1754 ιι.
2969 1701 3018 1752 9.

1929 1784 2220 1836 1111111103
2243 1783 2628 1835 alumnorum
2649 1796 2681 1835 e
2709 1782 3071 1844 Sentium-io,
3095 1780 3238 1844 1871,
3266 1781 3393 1832 13ae

1930 1972 1993 1981 —
2024 1943 2323 2008 benefiat·
2348 1943 2686 1998 ordinarius
2718 1957 2791 1996 ne
2821 1942 3089 1995 sdmittat
3120 1956 3158 1994 a
3176 1942 3391 1995 clerico

2055 2024 2334 2076 maiorum
2364 2023 2634 2077 ordinum
2676 2022 3066 2075 dimissionem
3100 2022 3388 2084 beneficii,

2057 2103 2189 2167 nisi,
2221 2105 2350 2169 etc„
2384 2102 2534 2164 1484;
2565 2104 2682 2155 imo
2714 2102 2763 2155 si
2791 2104 2997 2169 agatur
3017 2103 3089 2154 de
3111 2102 3391 2155 beneflcio

2053 2183 2127 2235 ad
2157 2185 2323 2236 cuius
2355 2181 2593 2236 titulum
2621 2182 2935 2250 ‘ordinatus
2972 2184 3079 2245 est,
3124 2182 3390 2235 dimissio

2056 2264 2220 2316 irrita
2241 2265 2348 2325 est,
2383 2264 2516 2326 nisi,
2537 2265 2667 2326 etc„
2702 2263 2841 2326 1485;
2867 2277 3052 2328 neque
3081 2264 3390 2315 admittere

2056 2346 2246 2409 potest
2264 2344 2652 2396 dimissionem
2675 2344 2737 2402 in
2762 2343 3120 2396 commodum
3142 2343 3386 2396 aliorum

2054 2423 2146 2477 vei
2176 2425 2285 2477 sub
2315 2424 2662 2485 conditione,
2697 2425 2834 2487 nisi,
2866 2425 2998 2484 etc..
3034 2424 3178 2476 1⁴85.

1927 2533 1990 2542 —
2020 2504 2472 2570 relipiosorum:
2517 2504 2641 2570 ipso
2691 2504 2840 2556 racto
2887 2503 3125 2556 admissi
3166 2504 3387 2567 delicti,

2053 2584 2174 2644 646;
2212 2584 2577 2648 novitiorum,
2609 2585 2702 2637 571
2735 2583 2803 2652 55
2828 2585 2876 2644 1,
2904 2585 2963 2647 9;
2998 2584 3386 2650 professorum

2053 2679 2090 2717 a
2110 2666 2259 2718 votis
2291 2665 2669 2732 temporariis,
2701 2664 2799 2716 575
2829 2665 2862 2729 5
2887 2665 2932 2724 1,
2964 2663 3079 2726 647,
3102 2665 3227 2728 648;
3264 2680 3390 2731 pro-

2053 2744 2332 2798 fessorum
2363 2760 2399 2798 a
2423 2746 2572 2797 votis
2594 2745 2882 2812 perpetuis
2904 2745 2966 2796 in
2983 2745 3265 2811 religione
3280 2746 3389 2798 cle—

2053 2824 2213 2877 ricali
2248 2839 2360 2877 non
2393 2827 2657 2892 exempta
2688 2824 2776 2877 vel
2813 2825 2873 2876 in
2906 2823 3114 2885 laicali,
3140 2825 3385 2886 eie-65&

2054 2905 2434 2972 professorum
2466 2918 2504 2957 a
2532 2904 2683 2958 votis
2710 2905 3002 2972 perpetuis
3022 2905 3086 2957 in
3109 2904 3389 2972 religione

2053 2985 2301 3038 clericali
2345 2987 2626 3052 exempta,
2667 2984 2913 3047 654·668;
2956 2984 3026 3038 de
3063 2984 3273 3038 effectu
3306 2986 3389 3038 di-

2055 3066 2350 3118 missionis
2397 3065 2460 3117 in
2500 3065 2774 3132 professis
2809 3079 2847 3116 a
2883 3066 3032 3118 votis
3064 3068 3388 3131 perpetuis,

1927 3255 1988 3264 —
2022 3226 2360 3279 sodalium:
2392 3225 2452 3278 in
2485 3227 2769 3278 communi
2799 3225 3114 3277 viventium
3138 3225 3272 3277 sine
3297 3241 3391 3278 vo-

2052 3307 2150 3368 tis,
2164 3302 2396 3368 646-679,
2412 3306 2523 3369 881;
2542 3305 2986 3358 associationum
3005 3305 3256 3372 piarum,
3277 3308 3397 3358 696.

1926 3385 2235 3437 mesenus:
2259 3384 2401 3450 quid
2419 3384 2526 3436 hoc
2552 3385 2784 3437 nomine
2803 3385 2999 3436 veniat
3031 3385 3095 3436 in
3119 3385 3269 3445 iure,
3292 3385 3390 3436 915

2053 3464 2086 3531 5
2117 3465 2177 3526 9;
2220 3464 2349 3516 eius
2389 3466 2746 3525 constitutio,
2788 3466 3260 3531 circumscriptio,
3305 3466 3388 3516 di-

2052 3544 2218 3608 visio,
2256 3544 2417 3606 unio,
2449 3546 2795 3611 suppressio,
2831 3544 2929 3596 915
2972 3544 3007 3608 5
3043 3545 3087 3605 i,
3126 3544 3226 3595 948
3267 3545 3303 3611 5
3333 3546 3386 3606 9,

2050 3625 2165 3688 955,
2185 3625 2308 3689 mm
2341 3626 2472 3677 eius
2492 3625 2844 3678 territorium
2875 3626 2938 3678 in
2970 3625 3276 3691 parochias
3298 3630 3388 3678 eet

2051 3704 2445 3766 dividendum,
2485 3704 2599 3766 916,
2649 3708 2707 3757 et
2747 3705 2808 3756 in
2852 3706 3115 3772 regiones
3152 3719 3388 3772 quoque

2051 3797 2117 3836 ac
2147 3784 2468 3845 districtus,
2501 3785 2606 3851 qui
2640 3786 2918 3837 vocantur
2948 3785 3263 3837 vicariatus
3306 3785 3387 3837 io-

2052 3866 2229 3926 ranei,
2273 3865 2878 3931 archipresbyteratus,
2922 3866 3046 3927 etc„
3087 3864 3213 3927 917;
3255 3867 3387 3918 eins

2053 3946 2304 4010 regimen
2337 3946 2471 3997 sede
2504 3945 2692 4011 plena,
2725 3945 2837 4006 335,
2869 3944 2966 3996 3oe
3005 3946 3110 4011 51,
3144 3945 3240 3997 mi
3276 3946 3385 4013 51,

2051 4025 2168 4087 491,
2214 4025 2349 4078 sede
2396 4028 2635 4079 vacante
2670 4026 2760 4078 vel
2798 4026 3089 4092 impedita,
3123 4025 3218 4079 ³91
3271 4025 3309 4094 5
3336 4029 3382 4088 1,

2050 4105 2165 4168 497,
2212 4106 2326 4169 499,
2367 4105 2487 4170 431ς
2521 4107 2726 4169 iorum,
2769 4106 2889 4159 1557
2927 4106 3015 4173 59
3047 4121 3103 4160 ιι.
3140 4108 3202 4165 9;
3243 4122 3383 4175 quo-

2052 4185 2217 4239 modo
2267 4187 2402 4252 quis
2449 4186 2729 4254 propriam
2786 4187 3092 4240 dioecesim
3147 4189 3386 4241 amittat

2053 4265 2184 4319 vide
2215 4268 2623 4320 Ιιοιτίίιωο.

1926 4347 2270 4412 Disceptatio
2300 4348 2603 4399 indiffinite·
2642 4346 2928 4401 1640-1641.

1926 4427 2210 4479 me
2240 4440 2464 4480 ennae.
2504 4426 2791 4480 im-iffl'l.

1925 4507 2377 4559 marano·
2414 4507 2718 4572 beneficii:
2748 4506 2889 4570 1491,
2926 4506 3066 4569 im,
3107 4507 3237 4560 1⁴OE
3276 4507 3311 4572 5
3329 4508 3382 4559 9.

1923 4613 1990 4623 -
2009 4586 2357 4652 paroeciae:
2390 4586 2533 4651 1497,
2569 4586 2709 4640 im.

1923 4667 2241 4731 »ispanus
2270 4668 2450 4720 cultus
2470 4667 2651 4721 relate
2669 4666 2742 4721 ad
2763 4666 3209 4731 matrimonium,
3238 4667 3381 4730 1070,

2054 4746 2196 4810 wll,
2228 4746 2356 4799 iim
2385 4747 2491 4814 59,
2513 4747 2658 4803 im

1924 4827 2309 4892 nispe-utic.
2350 4842 2393 4880 o
2439 4828 2592 4894 leae.-
2631 4827 2869 4895 quinam
2903 4827 3216 4881 concedere
3257 4842 3386 4894 poe-

2050 4906 2143 4959 sin
2230 4907 2308 4970 15,
2339 4906 2507 4969 m,
2546 4906 3231 4975 94755,5153,1945,
3266 4922 3383 4962 non

2051 4987 2140 5039 est
2249 4986 2543 5045 ucedenda
2591 4988 2718 5041 sine
2757 4989 2913 5041 insta
2959 4988 3019 5040 et
3065 4989 3386 5055 proportio-

2052 5068 2190 5121 nata
2286 5081 2412 5132 usa,
2441 5067 2508 5120 84
2536 5068 2650 5134 513
2683 5068 2818 5134 quid
2849 5069 2912 5120 in
2938 5067 3117 5121 dubio
3149 5067 3224 5122 de
3255 5082 3387 5122 cau·
