3753 5871
485 162 598 223 590
1631 157 1828 208 σοαοο
1867 155 2028 206 lum
2076 152 2357 205 omues

1538 591 1863 689 naen
1951 589 2455 698 Qumws

1202 803 1366 918 DE
1444 800 2021 915 DELlchs
2099 800 2259 912 ΕΤ
2333 798 2799 913 POENIS

1832 1039 2155 1052 ἡ

1695 1270 1937 1370 PARS
1995 1268 2299 1368 PRIMA

1578 1482 1736 1566 DE
1806 1478 2388 1565 DELIGTIS

1867 1697 2136 1710 —

1727 1886 2150 1956 TITULUS
2194 1886 2259 1954 Ι.

1285 2032 1390 2101 De
1438 2035 1696 2101 natura
1739 2031 1984 2100 delicti
2030 2031 2317 2115 eiusque
2352 2031 2729 2119 dividente.

1775 2224 1951 2291 Gan,
1998 2222 2197 2290 2195.

693 2366 727 2448 ξ
775 2368 841 2432 1.
892 2365 1206 2434 Nomine
1238 2366 1519 2449 delicti,
1556 2364 1722 2433 iure
1754 2363 2276 2446 ecclesiastico,
2318 2363 2770 2446 intelligitur
2807 2367 3111 2461 externa
3161 2366 3245 2431 et
3279 2377 3474 2430 mora·

516 2474 692 2542 liter
739 2474 1201 2559 imputabilis
1253 2475 1437 2560 legis
1496 2473 1805 2541 violatio
1854 2474 1980 2540 cui
2027 2472 2287 2540 addita
2338 2472 2441 2540 sit
2487 2472 2779 2539 sanctio
2827 2471 3191 2539 canonica
3245 2470 3473 2537 saltem

515 2583 1091 2652 indeterminata
1123 2582 1172 2652 ¹.

696 2692 729 2774 ξ
775 2691 842 2757 2.
893 2691 1060 2759 Nisi
1097 2710 1186 2759 ex
1217 2689 1593 2757 adiunctis
1630 2689 1837 2757 aliud
1870 2694 2255 2775 appareat,
2290 2708 2478 2773 quae
2507 2689 2864 2758 dicuntur
2895 2690 2988 2759 de
3026 2691 3353 2775 delictis,
3382 2709 3477 2775 ap

518 2800 895 2886 plicantur
934 2799 1157 2867 etiam
1195 2798 1724 2866 violationibus
1757 2798 2133 2884 praecepti
2162 2798 2285 2866 cui
2327 2798 2660 2883 poenalis
2694 2799 2983 2867 sanctio
3012 2800 3310 2869 adnexa
3341 2802 3447 2867 sit.

1785 2992 1964 3060 CAN.
2013 2991 2210 3060 2196.

696 3131 1040 3211 Qualitas
1070 3132 1326 3200 delicti
1364 3131 1809 3199 desumenda
1846 3136 1961 3199 est
1990 3150 2079 3199 ex
2111 3130 2398 3200 obiecto
2426 3132 2632 3217 legis3
2668 3131 3051 3217 quantitas
3082 3152 3269 3202 vero
3296 3130 3484 3200 dime

521 3238 776 3323 tienda
811 3256 956 3307 non
994 3240 1231 3307 solum
1276 3258 1383 3307 ex·
1399 3239 1690 3307 diversa
1726 3240 2096 3326 gravitate
2140 3239 2326 3324 legis
2369 3239 2636 3322 laesae,
2676 3239 2802 3307 sed
2840 3240 3065 3307 etiam
3104 3259 3201 3308 ex
3239 3241 3489 3307 maiore

521 3345 891 3415 minoreve
921 3346 1503 3431 imputabilitate
1533 3352 1667 3415 aut
1700 3348 1972 3416 damno
2010 3346 2229 3414 illato
2262 3344 2314 3411 ⁸.

1783 3541 1959 3610 om.
2014 3540 2210 3608 2197.

699 3650 1070 3718 Delictum
1110 3653 1267 3718 est:

785 3759 883 3824 1.⁹
927 3755 1345 3841 Publicwm,
1387 3759 1452 3825 si
1491 3757 1639 3825 iam
1681 3757 2147 3843 divulgatum
2188 3760 2303 3826 est
2339 3762 2474 3826 aut
2512 3757 2790 3825 talibus
2826 3756 3145 3842 contigit
3191 3776 3328 3826 seu
3366 3774 3494 3823 ver·

528 3869 741 3934 satur
782 3865 860 3932 in
916 3866 1291 3934 adiunctis
1347 3871 1432 3934 ut
1475 3866 1882 3950 prudenter
1936 3864 2254 3933 iudicari
2300 3864 2538 3949 possit
2584 3870 2661 3933 et
2702 3865 2968 3933 debeat
3009 3864 3241 3933 facile
3286 3862 3495 3933 divul-

529 3976 784 4058 gatum
829 3971 948 4056 iri3

787 4079 886 4147 2.⁰
928 4076 1000 4144 N
1001 4077 1322 4146 otor-ium
1351 4081 1797 4148 notorietate
1822 4080 2042 4164 iuria,
2071 4087 2241 4165 post
2266 4080 2709 4149 sententiam
2736 4079 3008 4148 iudicis
3027 4076 3502 4165 competenti·

531 4205 717 4272 quae
752 4187 830 4254 in
869 4207 1019 4255 rem
1056 4187 1460 4256 iudica-tam
1499 4187 1903 4256 transierit
1926 4193 2061 4257 aut
2107 4192 2276 4273 post
2310 4187 2839 4257 consesffionem
2887 4186 3399 4273 delinquentis
3438 4186 3500 4252 in

540 4295 818 4364 iudicio
849 4297 1128 4364 factam
1165 4295 1260 4363 ad
1300 4311 1629 4362 normam
1673 4313 1839 4363 can.
1876 4295 2072 4362 1750:

789 4403 887 4470 3.⁰
930 4401 1324 4470 Notorium
1363 4401 1810 4469 notorictate
1862 4402 2073 4474 tacti.
2114 4404 2179 4470 si
2221 4403 2511 4488 publice
2551 4408 2805 4472 notum
2846 4403 2948 4471 sit
2985 4406 3064 4471 et
3108 4403 3199 4470 iu
3246 4403 3503 4472 talibus

527 4510 904 4579 adiunctis
941 4512 1432 4592 commissum,
1471 4515 1557 4579 nt
1592 4510 1802 4579 nulla
1838 4511 2449 4596 tergiversatione
2480 4511 2709 4579 celari
2749 4510 3097 4594 nulloque
3140 4510 3344 4578 iuris
3376 4508 3501 4576 suf·

529 4617 777 4704 fragio
816 4617 1152 4685 excusari
1194 4616 1450 4702 possitz

715 4851 736 4887 ¹
772 4850 837 4903 Ο.
872 4850 957 4910 11,
994 4848 1065 4899 D.
1100 4847 1328 4910 xxxm
1360 4859 1411 4898 c.
1443 4847 1527 4909 47,
1563 4847 1635 4898 D.
1668 4848 1734 4908 L:
1772 4859 1822 4898 c.
1855 4850 1907 4908 1,
1944 4847 2015 4899 D.
2051 4847 2294 4906 LXXXI:
2324 4859 2375 4899 c.
2407 4847 2491 4910 a),
2535 4848 2600 4900 O.
2635 4848 2718 4907 11,
2754 4860 2809 4909 q.
2840 4848 2891 4911 ῦς
2924 4858 2975 4897 c.
3020 4847 3104 4907 21,
3141 4845 3210 4898 0.
3251 4846 3357 4907 xl,
3389 4860 3440 4908 q.
3464 4844 3507 4903 ε

532 4955 583 4996 c.
615 4943 699 5003 14,
730 4942 812 5002 2⁰,
845 4940 917 4992 D.
953 4940 1002 5001 Ι,
1041 4941 1112 4990 dc
1145 4938 1382 4999 poenit..-
1406 4948 1457 4989 c.
1489 4938 1541 4999 4,
1572 4937 1655 4999 1ῗ,
1686 4938 1753 4998 x.
1794 4939 1866 4989 ae
1898 4938 2254 4997 temporibus
2283 4937 2721 4990 ordinationum
2753 4942 2812 4989 ct
2851 4934 3142 4997 Μίκκα
3171 4935 3503 4987 ordina-oo-

534 5044 684 5092 Νη,
716 5032 766 5093 Ι,
795 5033 877 5094 11;
901 5043 950 5082 c.
978 5030 1062 5091 38,
1093 5029 1176 5089 84,
1207 5029 1291 5089 46,
1321 5029 1387 5089 X.
1418 5029 1489 5081 dc
1522 5027 1794 5086 amenio,
1824 5032 1885 5079 ee
1910 5040 1984 5078 ne
2010 5027 2237 5088 mquid
2272 5040 2378 5089 pro
2404 5026 2817 5088 spiritualibus
2849 5026 3128 5087 monum
3158 5027 3257 5078 vel
3288 5023 3502 5087 mnis·

604 5124 720 5181 tur,
810 5159 824 5183 ,
902 5158 916 5171 .

538 5125 599 5173 ω
708 5219 733 5252 ¹
755 5123 838 5265 ἶ).
865 5121 958 5272 ῗ9,
1002 5211 1073 5262 D.
1109 5210 1158 5270 1,
1193 5211 1265 5262 de
1296 5208 1534 5269 poenit„-
1562 5220 1613 5261 c.
1645 5210 1696 5269 1.
1733 5209 1804 5260 D.
1838 5210 1908 5271 v,
1947 5210 2018 5260 de
2049 5210 2288 5269 poenit„-
2315 5221 2366 5262 c.
2399 5209 2450 5270 ο,
2480 5209 2548 5270 x,
2594 5211 2665 5260 ae
2698 5206 3012 5261 homiomo
3047 5206 3391 5258 commu-io
3426 5199 3503 5250 vd

537 5302 784 5361 vomu,
812 5303 884 5365 V,
913 5302 997 5364 123
1033 5302 1090 5354 S.
1127 5301 1191 5353 C.
1224 5292 1297 5352 de
1334 5299 1666 5361 Religiosu,
1696 5298 1951 5352 det-nlo
1979 5300 2124 5351 mail
2154 5301 2303 5362 1911,
2333 5312 2392 5351 n.
2424 5300 2474 5352 9.
2493 5297 2725 5351 —Vlde
2753 5298 2936 5351 etlam
2973 5309 3104 5351 can.
3139 5295 3293 5357 2218,
3325 5296 3359 5361 ς
3385 5297 3433 5346 1.
