3753 5871
1637 302 1946 364 Proetum
3117 314 3289 391 xxxv

298 494 449 574 aut,
495 487 558 559 si
605 490 905 579 quando
965 489 1072 560 rei
1126 488 1452 580 gravitas
1499 489 1976 577 postulasset,
2022 489 2245 560 etiam
2308 490 2538 561 ternis
2597 496 2672 560 et
2732 492 3136 582 quaterniS,
3182 493 3286 565 sic

298 640 570 720 tamen,
615 641 699 705 ut
759 634 943 704 alter
995 654 1266 705 nomen
1331 633 1636 705 alterius
1685 633 1805 705 vel
1850 632 2184 719 aliorum,
2232 632 2359 724 qui
2423 610 2678 705 eadem
2737 635 2829 705 de
2891 656 2968 706 re
3030 637 3288 708 scribe·

299 782 481 860 rent,
529 776 919 867 ignoraret.
969 775 1065 846 Hi
1125 775 1421 866 quidem
1470 777 1567 847 ad
1610 777 2042 847 alterutrum
2097 775 2402 847 Coetum
2452 798 2586 848 seu
2643 776 3285 868 commissionem,

299 918 419 990 cui
463 918 736 1009 scripta
782 940 923 991 sua
959 918 1398 990 excutienda
1437 917 1979 1006 deferebantur,
2026 918 2346 1010 legitime
2392 920 2890 1009 pertinebant;
2940 921 3284 995 omnibus

296 1067 569 1146 autem,
613 1061 992 1151 'pontificio
1039 1061 1407 1133 adstrictis
1453 1066 1761 1148 secret0,
1804 1061 1962 1134 dies
2010 1063 2556 1152 condicebatur,
2603 1086 2820 1155 quem
2873 1071 3044 1138 ante
3094 1068 3283 1139 diem

297 1206 585 1277 tradere
631 1205 816 1276 Emo
866 1204 1235 1276 Cardinali
1284 1204 1629 1293 Gasparri
1675 1210 1916 1276 votum
1960 1226 2175 1276 suum
2225 1207 2688 1280 tenebantur.

480 1344 681 1418 Haec
725 1368 921 1433 vero,
951 1347 1133 1438 lege,
1165 1368 1391 1437 quam
1438 1346 2034 1433 memoravimus,
2065 1350 2383 1449 propria,
2418 1349 2982 1423 consultoribus
3028 1360 3097 1425 et
3127 1354 3292 1426 Col-

298 1488 838 1560 laboratoribus
882 1489 1284 1579 generatim
1330 1490 1788 1580 praescripta
1833 1495 2074 1561 erant:

481 1661 518 1696 «
554 1632 606 1702 Ι.
654 1631 755 1702 Ut
801 1630 1053 1703 Codex
1099 1653 1226 1702 eas
1271 1634 1787 1704 tantummodo
1834 1633 2034 1724 leges
2080 1636 2702 1723 complecteretur,
2734 1658 2925 1727 quae
2971 1637 3292 1729 discipli-

299 1795 474 1845 nam
531 1779 884 1864 spectant.
932 1773 1132 1845 Nihil
1187 1781 1435 1845 tamen
1496 1774 1958 1864 prohibebat,
2005 1776 2405 1866 quominus
2465 1775 2540 1847 in
2605 1777 2872 1849 Codice
2928 1778 3290 1869 principia
3410 1791 3414 1794 ’

299 1918 666 2007 quaedam
697 1916 958 2007 attingi
1004 1921 1310 2007 possent
1354 1923 1485 1987 aut
1529 1917 1902 2003 deberent,
1934 1939 2126 2008 quae
2158 1919 2256 1989 ad
2289 1918 2406 1990 ius
2438 1926 2745 1991 naturae
2776 1923 2893 1993 vel
2925 1923 3020 1993 ad
3052 1922 3287 2013 ipsam

299 2061 558 2134 Fidem
603 2061 1066 2132 referrentur.

482 2233 518 2267 «
555 2203 647 2275 ΙΙ.
691 2203 792 2274 Ut
839 2201 1256 2288 Consultor,
1302 2202 1583 2276 aliusve
1613 2203 1861 2294 operis
1896 2188 2296 2291 ordinator,
2328 2205 2699 2279 Ecclesiae
2729 2207 2927 2298 leges
2961 2209 3054 2279 de
3084 2208 3293 2279 disci·

298 2347 527 2438 plina,
572 2346 871 2417 omissis
916 2345 1270 2417 obsoletis
1314 2352 1447 2417 aut
1490 2346 1889 2438 abrogatis,
1939 2346 2324 2437 diligenter
2369 2349 2784 2440 exquireret
2830 2371 2922 2421 ex
2970 2349 3292 2439 Corpore

297 2489 503 2575 iuris,
551 2512 642 2561 ex
687 2488 1120 2560 Tridentino
1183 2487 1534 2575 Concilio,
1581 2509 1674 2560 ex
1735 2490 1940 2560 Actis
1998 2491 2505 2563 Romanorum
2570 2492 3007 2564 Pontificum
3075 2498 3143 2564 et
3202 2514 3292 2564 ex

296 2633 613 2705 decretis
661 2633 1050 2704 Sacrarum
1100 2631 1769 2723 Congregationum
1806 2632 2312 2705 Romanarum
2345 2642 2476 2705 aut
2508 2635 3018 2707 Tribunalium
3056 2636 3296 2709 Eccle-

299 2774 802 2861 siasticorum;
848 2796 980 2847 eas
1026 2779 1276 2846 autem
1320 2774 1398 2845 in
1444 2797 1752 2846 canones
1796 2776 2178 2865 redigeret,
2226 2777 2353 2867 qui
2400 2778 2633 2850 solam
2699 2779 2944 2870 legum
3006 2784 3292 2869 partem

300 2916 817 3007 dispositivam
862 2917 1324 2989 continerent
1367 2916 1640 3008 quique
1688 2922 2017 3007 possent,
2050 2918 2113 2990 si
2161 2919 2504 3010 expedire
2549 2919 2940 3009 videretur,
2969 2923 3048 2994 in
3095 2945 3298 3013 para-

301 3060 629 3151 graphos
673 3061 1068 3133 subdividi.
1592 3151 1597 3156 .

487 3232 523 3266 «
559 3203 687 3276 111.
732 3203 833 3275 Ut
888 3203 964 3273 in
1025 3203 1436 3277 canonibus
1480 3205 1898 3296 redigendis
1934 3205 2353 3294 Consultor,
2400 3207 2683 3282 aliusve
2729 3209 2973 3298 operis
3003 3209 3300 3281 ordina-

300 3352 439 3431 tor,
484 3366 525 3417 e
573 3346 1039 3419 documentis
1084 3356 1429 3437 excerpta
1474 3349 1717 3433 verba,
1750 3354 2111 3439 quantum
2146 3355 2419 3439 posset,
2453 3350 2763 3423 fideliter
2793 3352 3114 3437 referret,
3147 3355 3299 3426 bre·

307 3489 514 3561 vitati
582 3489 805 3561 simul
866 3494 939 3561 et
999 3490 1505 3580 perspicuitati
1566 3492 1920 3578 studeret,
1967 3491 2154 3563 alias
2212 3494 2617 3565 eorundem
2681 3493 3291 3567 documentorum

303 3637 552 3721 partes
597 3632 821 3704 rebus
867 3631 1325 3704 declarandis
1358 3638 1570 3721 aptas
1602 3633 1927 3720 adderet,
1959 3633 2269 3724 paginis,
2301 3634 2701 3723 volumine,
2732 3636 3052 3710 editione
3085 3657 3299 3711 accu-

304 3778 461 3846 rate
506 3773 905 3846 adnotatis.

487 3944 525 3980 ‹
561 3915 678 3986 IV.
726 3916 825 3986 Ut
873 3916 1290 4003 Consultor,
1322 3916 1603 3991 aliusve
1644 3917 1893 4008 operis
1939 3919 2341 4008 ordinator,
2374 3919 2452 3991 in
2483 3943 2562 3992 re
2607 3921 2812 4013 gravi
2844 3927 2919 3995 et
2950 3923 3048 3994 ad
3077 3946 3299 3996 usum

307 4059 742 4149 pertinente,
774 4058 963 4130 inter
1008 4060 1252 4130 varias
1301 4060 1684 4133 doctorum
1734 4061 2144 4152 opiniones,
2184 4069 2455 4135 certam
2506 4071 2948 4156 proponeret
2994 4087 3081 4139 ac
3126 4067 3301 4139 defi-

308 4204 540 4274 nitam
587 4202 1051 4274 sententiam.

487 4375 527 4410 «ι
552 4345 634 4417 V.
669 4345 887 4432 Quod
921 4347 983 4416 si
1019 4345 1436 4434 Consultor,
1484 4349 1765 4421 aliusve
1812 4350 2059 4440 operis
2090 4350 2493 4439 ordinator,
2526 4357 3028 4441 opportunum
3061 4353 3302 4425 duxis-

307 4495 418 4563 set
462 4496 595 4562 aut
639 4488 1134 4562 necessarium
1167 4491 1245 4561 in
1289 4491 1447 4563 iure
1498 4492 1786 4583 vigente
1828 4492 2221 4565 immutare
2257 4495 2562 4585 aliquid,
2596 4516 2955 4568 canonem
3002 4498 3298 4589 quidem

307 4633 690 4724 redigeret,
735 4634 1145 4705 admonens
1192 4634 1305 4725 agi
1370 4635 1462 4706 de
1522 4634 2062 4722 immutatione,
2108 4634 2321 4707 cuius
2373 4637 2724 4709 rationes·
2748 4638 3065 4710 breviter
3110 4640 3305 4711 exhi-

309 4776 529 4848 beret.
583 4775 785 4848 Idem
831 4781 1258 4865 praestaret,
1307 4778 1371 4848 si
1416 4778 1597 4868 quid
1645 4776 1817 4849 novi
1870 4783 2207 4866 putasset
2251 4778 2776 4852 inducendum.

492 4946 530 4983 α
565 4919 681 4990 VI.
732 4919 932 4992 Idem
1004 4918 1235 4991 latino
1281 4941 1620 4992 sermone
1666 4926 2015 5007 uteretur,
2064 4943 2298 5012 eoque
2331 4924 2578 5014 dign0‚
2624 4930 2984 5014 quantum
3033 4925 3303 5010 liceret,

314 5082 689 5132 sacrarum
739 5062 1118 5133 maiestate
1162 5063 1431 5154 legum,
1478 5064 1553 5134 in
1601 5063 1760 5135 iure
1807 5086 2116 5136 romano
2164 5071 2315 5136 tam
2364 5088 2715 5156 expressa
2760 5067 3067 5139 feliciter
3101 5097 3161 5139 ».

490 5202 911 5275 Secundum
944 5202 1137 5275 hanc
1165 5204 1579 5275 studiorum
1612 5205 1999 5292 rationem,
2025 5207 2432 5296 peculiares
2454 5208 2727 5278 Coetus
2759 5229 2950 5296 opus
2981 5211 3303 5299 aggressi

317 5353 490 5416 sunt
519 5346 636 5417 die
672 5348 756 5417 13
798 5346 1075 5418 mensis
1127 5347 1550 5418 novembris
1596 5369 1715 5419 an.
1759 5350 1953 5422 1904.
1992 5350 2196 5421 Alter
2249 5350 2736 5422 conveniebat
2796 5352 2978 5422 feria
3022 5352 3303 5443 quinta,

318 5490 498 5559 alter
565 5488 685 5560 die
741 5489 1110 5563 dominico
1170 5490 1754 5582 uniuscuiusque
1802 5492 2311 5579 hebdomadis,
2375 5493 2521 5565 alia
2575 5516 2652 5567 re
2715 5494 2838 5567 alii
2903 5495 3162 5569 Coetui
3210 5498 3300 5568 ad
