3753 5871
1313 371 1488 422 Liber
1517 374 1753 424 Tertius
1788 398 1806 411 ·
1844 375 1933 425 Do
1971 376 2168 427 Rem
3152 382 3257 440 391

452 562 486 644 ξ
531 561 599 629 3.
650 561 907 629 Potest
930 561 1375 629 ordinarius
1397 564 1825 647 permittere
1851 572 1935 632 ut
1966 566 2557 635 sollemnioribus
2582 570 3018 654 quibusdam
3045 575 3262 643 testis

273 678 409 740 aut
436 674 686 755 etiam,
718 692 806 739 ex
835 674 1039 740 iusta
1069 691 1319 756 causa,
1359 674 1731 758 aliquibus
1760 676 2020 743 diebus
2047 676 2436 745 dominicis
2471 682 2729 747 concio
2765 683 3161 752 omittatur
3204 685 3252 752 ¹.

1534 851 1710 919 CAN.
1773 804 1967 918 1345.

440 992 866 1076 Optandum
914 1000 999 1063 ut
1042 996 1120 1062 in
1167 995 1418 1063 Missis
1454 1014 1664 1080 quae,
1706 998 2044 1064 fidelibus
2079 999 2575 1081 adstantibus,
2618 999 2878 1066 diebus
2915 1001 3132 1066 festis
3165 999 3258 1067 de

272 1108 667 1188 praecepto
704 1105 783 1171 in
831 1105 1169 1173 omnibus
1204 1106 1532 1174 ecclesiis
1567 1107 1683 1175 vel
1731 1107 2081 1175 oratoriis
2118 1109 2436 1192 publicis
2481 1109 2975 1192 celebrantur,
3017 1109 3259 1176 brevis

275 1212 660 1297 Evangelii
695 1219 831 1282 aut
864 1214 1182 1283 alicuius
1217 1216 1456 1300 partis
1491 1216 1873 1285 doctrinae
1909 1218 2360 1285 christianae
2405 1218 2832 1301 explanatio
2870 1218 3024 1302 fiat3
3064 1218 3257 1303 quod

274 1325 336 1390 si
379 1323 521 1391 loci
564 1324 1009 1393 ordinarius
1047 1327 1124 1393 id
1168 1328 1649 1410 praeceperit,
1694 1328 2134 1411 opportunis
2173 1329 2372 1395 datis
2422 1328 3065 1409 instructionibus,
3121 1328 3259 1394 hac

273 1434 430 1519 lege
462 1438 808 1503 tenentur
840 1453 986 1502 non
1025 1436 1262 1504 solum
1293 1437 1710 1505 sacerdotes
1749 1456 1789 1503 e
1818 1437 2020 1504 clero
2050 1437 2438 1520 saeculari,
2475 1437 2600 1508 sed
2636 1437 2859 1503 etiam
2903 1437 3256 1522 religiosi,

274 1546 589 1628 exempti
631 1563 939 1630 quoque,
974 1546 1052 1612 in
1084 1547 1241 1613 suis
1272 1546 1599 1630 ipsorum
1632 1546 1982 1614 ecclesiis.

1536 1722 1713 1790 CAN·
1764 1723 1959 1789 1346.

449 1861 484 1944 g
531 1864 596 1928 1.
646 1863 929 1932 Curent
960 1864 1286 1931 locorum
1327 1865 1710 1931 Ordinarii
1751 1869 1838 1933 ut
1867 1869 2195 1950 tempore
2225 1865 2871 1950 Quadragesimae,
2910 1866 3254 1950 itemque,

273 1973 338 2038 si
366 1973 443 2041 id
476 1972 817 2057 expedire
853 1975 1093 2040 visum
1129 1975 1385 2057 fuerit,
1423 1980 1751 2058 tempore
1780 1975 2190 2057 Adventus,
2234 1976 2314 2042 in
2345 1974 2673 2043 ecclesiis
2702 1975 3257 2042 cathedralibus

272 2090 346 2151 et
376 2082 914 2167 paroecialibus
947 2102 1200 2152 sacrae
1228 2085 1616 2153 conciones
1644 2087 2110 2169 frequentius
2149 2085 2245 2153 ad
2285 2084 2536 2153 fideles
2568 2084 2981 2153 habeantur
3017 2083 3067 2151 ².

450 2194 484 2277 ξ
529 2193 596 2260 2.
648 2195 1004 2262 canonici
1028 2194 1303 2279 aliique
1333 2195 1424 2263 de
1448 2195 1803 2279 Capitulo
1827 2195 2000 2262 huic
2025 2195 2386 2277 concioni,
2423 2195 2488 2262 si
2514 2195 2593 2261 in
2618 2194 2924 2279 propria-
2948 2194 3255 2262 ecclesia

271 2305 624 2373 continuo
669 2310 837 2388 post
891 2305 1194 2373 chorum
1252 2305 1636 2387 habeatur,
1686 2306 2042 2373 interesse
2088 2309 2460 2375 tenentur.
2516 2304 2660 2371 nisi
2705 2304 2908 2372 iusto
2953 2303 3251 2387 impedi-

276 2418 521 2482 mento
558 2415 1056 2495 detineantur3
1100 2420 1179 2483 et
1229 2416 1399 2483 illos
1446 2415 1918 2498 OrdinariuS,
1967 2415 2223 2498 poenis
2268 2432 2554 2500 quoque
2606 2414 2987 2495 adhibitis,
3034 2412 3131 2481 ad
3177 2413 3252 2479 id

276 2523 568 2609 adigere
607 2531 851 2610 potest
881 2525 933 2591 ³.

1538 2648 1714 2713 om.
1761 2646 1958 2713 1347.

450 2792 484 2874 ξ
531 2795 597 2858 1.
648 2792 738 2858 In
789 2793 1022 2859 sacris
1069 2792 1544 2859 concionibus
1593 2792 2026 2875 exponenda
2086 2791 2163 2856 in
2227 2790 2487 2874 primis
2536 2797 2712 2858 sunt
2766 2807 2952 2874 quae
3005 2788 3255 2856 fideles

272 2900 566 2971 credere
597 2907 673 2972 et
702 2902 947 2970 facere
985 2903 1080 2969 ad
1118 2901 1430 2970 salutem
1467 2904 1759 2986 oportet
1794 2901 1845 2968 ⁴.

449 3012 484 3095 ξ
531 3011 597 3079 2.
648 3013 904 3081 Divini
939 3014 1142 3081 verbi
1187 3030 1583 3097 praecones
1627 3011 2055 3079 abstineant
2091 3010 2428 3094 profanis
2466 3016 2599 3077 aut
2635 3007 3003 3076 abstrusis
3040 3024 3247 3091 argu·

272 3124 541 3191 mentis
580 3139 1035 3191 communem
1071 3123 1532 3191 audientium
1566 3126 1866 3206 captum
1901 3119 2440 3198 excedentibus3
2477 3126 2551 3187 et
2587 3116 3086 3202 evangelicum
3126 3118 3243 3181 mi·

272 3233 662 3301 nisterium
697 3253 842 3301 non
875 3234 954 3300 in
990 3233 1599 3319 persuasibilibus
1633 3234 1996 3300 humanae
2030 3230 2440 3315 sapientiae
2471 3228 2740 3311 verbis,
2789 3245 2933 3295 non
2979 3227 3058 3293 in
3092 3244 3253 3310 pro·

271 3346 452 3412 fano
518 3345 765 3412 inanis
829 3350 904 3413 et
965 3345 1399 3412 ambitiosae
1459 3343 1921 3428 eloquentiae
1991 3343 2362 3425 apparatu
2425 3345 2498 3406 et
2564 3336 2952 3418 lenocinio,
2997 3336 3122 3403 sed
3175 3336 3252 3402 in

272 3628 456 3679 const.
499 3641 531 3677 ι
561 3624 890 3676 Pastor-aus
920 3624 1094 3683 officii
1128 3640 1175 3686 ιι,
1211 3624 1275 3674 27
1313 3629 1488 3675 mart.
1522 3623 1668 3683 1726,
1704 3623 1731 3683 5
1764 3623 1814 3678 3:
1848 3621 1906 3673 S.
1940 3620 2004 3673 0.
2038 3620 2124 3680 C„
2161 3618 2568 3675 Barotnonen„
2606 3616 2670 3666 22
2701 3617 2874 3665 mart.
2911 3612 3060 3673 1591,
3096 3609 3173 3660 ad
3206 3612 3255 3665 1:

274 3720 596 3776 Avonam,
641 3716 707 3769 18
740 3716 888 3769 febr.
927 3716 1073 3768 1639.

451 3810 473 3847 ²
513 3810 572 3862 Β.
605 3809 670 3862 C.
702 3809 791 3869 G..
822 3807 1010 3870 Burni
1039 3808 1101 3861 S.
1144 3807 1441 3866 Donatus,
1475 3810 1510 3861 1
1539 3819 1665 3868 apr.
1700 3808 1847 3861 1876.

457 3906 484 3943 ²
514 3898 688 3955 Cone.
730 3903 1019 3963 Trident„
1058 3914 1200 3954 sess.
1240 3902 1440 3962 XXIV,
1480 3904 1552 3952 dc
1587 3903 1722 3961 ret„
1770 3913 1819 3952 c.
1852 3904 1902 3963 4;
1940 3902 2082 3954 Plus
2119 3903 2186 3963 X,
2230 3902 2344 3954 ntt.
2396 3904 2611 3962 encycl.
2656 3917 2686 3951 ι
2725 3902 2945 3952 Acer-bo
2984 3901 3161 3951 nimis
3206 3918 3253 3960 ι,

272 3998 339 4049 15
377 4007 503 4056 apr.
537 3995 684 4057 19ως
716 3996 775 4048 S.
808 3995 872 4048 C.
907 3995 1014 4056 Ep.
1050 3999 1114 4048 et
1146 3994 1310 4057 neg„
1344 3994 1724 4053 Macer-aton„
1758 3996 1792 4046 9
1832 3997 2008 4047 mart.
2041 3995 2188 4057 159&
2225 3993 2282 4047 S.
2315 3994 2380 4046 Ο.
2413 3994 2500 4053 C..
2538 3992 2750 4053 Belou,
2785 3995 2852 4045 19
2893 3994 3015 4045 dec.
3049 3993 3195 4045 1648.

451 4092 479 4127 ³
516 4088 570 4140 S.
606 4089 671 4140 C.
705 4090 793 4149 C..
828 4088 1196 4146 Mtlcvltana,
1231 4090 1265 4140 9
1297 4101 1422 4149 apr.
1458 4088 1603 4149 1707;
1643 4087 1700 4140 S.
1735 4087 1803 4137 R.
1836 4088 1925 4148 0.,
1973 4086 2240 4145 Comen„
2277 4087 2340 4138 22
2375 4090 2549 4139 mart.
2587 4085 2732 4148 165&
2778 4084 3256 4140 Castellanetcn„

273 4184 305 4238 1
331 4185 446 4238 oet.
476 4182 623 4243 10⁶1:
651 4180 913 4241 Pompeu
943 4180 1205 4239 Stabiae,
1234 4182 1298 4233 31
1326 4185 1500 4234 mart.
1541 4182 1686 4242 1703ς
1724 4179 2088 4239 Placentina,
2120 4180 2186 4232 10
2215 4179 2338 4232 dec.
2370 4179 2518 4241 1718,
2552 4178 2628 4230 ad
2667 4180 2714 4228 4.

448 4277 478 4315 ⁴
512 4274 577 4327 C.
610 4277 661 4334 1,
696 4276 766 4325 do
797 4273 1143 4335 privasque,
1176 4272 1243 4333 V,
1282 4275 1332 4336 7,
1376 4275 1438 4325 in
1470 4275 1788 4335 Extravag.
1825 4285 1991 4335 com.;
2022 4274 2195 4325 Gonc.
2238 4273 2525 4332 Trident„
2570 4286 2711 4325 sess.
2750 4274 2816 4332 V,
2853 4278 2922 4326 de
2957 4274 3093 4332 ref„
3127 4285 3177 4325 c.
3210 4275 3258 4333 2:

274 4379 416 4420 sess.
445 4368 659 4429 XXIII,
688 4369 759 4419 de
784 4367 921 4427 ret„
947 4379 999 4418 c.
1034 4368 1116 4429 14;
1141 4379 1284 4420 sess.
1314 4368 1514 4426 XXIV,
1545 4369 1615 4418 de
1649 4368 1784 4426 ret„
1820 4379 1869 4418 c.
1902 4370 1954 4426 4,
1981 4368 2031 4429 7;
2058 4379 2202 4419 sess.
2231 4367 2397 4426 XXV,
2430 4369 2499 4417 de
2535 4365 2898 4426 puroatouoe
2923 4366 2995 4415 de
3026 4365 3254 4415 invoca-

277 4462 454 4520 nono,
490 4461 866 4512 veneratione
904 4465 963 4513 et
996 4460 1263 4521 reliquiis
1298 4463 1655 4519 sanctorum,
1692 4466 1749 4511 ct
1786 4460 1973 4512 morte
2012 4459 2383 4520 tmatnibus:
2427 4462 2544 4512 Leo
2587 4462 2634 4511 X
2679 4461 2768 4519 (in
2802 4460 2976 4511 Cone.
3015 4459 3256 4511 Latera-

272 4565 405 4606 ncn.
438 4555 534 4616 V),
569 4557 754 4606 const.
792 4570 823 4604 ι
855 4554 1157 4614 supernae
1188 4551 1525 4605 Maiestam
1560 4570 1607 4614 n,
1652 4557 1717 4607 19
1757 4555 1879 4606 dec.
1917 4555 2067 4616 151&
2100 4554 2478 4605 Innocentius
2512 4553 2677 4612 XIII,
2722 4555 2907 4604 const.
2950 4568 2979 4601 α
3016 4552 3254 4610 Aposto-

273 4646 376 4698 uot
397 4647 716 4698 minister-u
742 4663 791 4710 n,
815 4646 881 4701 23
903 4648 1048 4699 maii
1074 4648 1221 4708 1723,
1257 4649 1284 4709 ς
1310 4648 1361 4708 5,
1393 4649 1474 4708 113
1503 4648 1857 4699 Benedictus
1884 4648 2049 4708 XIII,
2083 4650 2267 4699 const.
2304 4663 2336 4696 α
2362 4648 2431 4698 ln
2458 4660 2728 4706 supremo
2757 4663 2805 4707 ι»,
2836 4649 2898 4699 23
2929 4651 3076 4708 sept.
3105 4649 3254 4707 1724,

274 4740 301 4801 1
333 4740 383 4799 4,
415 4741 466 4800 9,
497 4740 579 4802 2&
601 4743 787 4792 const.
820 4755 851 4789 ι
878 4739 1206 4792 Pastor-aus
1233 4741 1409 4800 emoti
1434 4755 1484 4799 ιο,
1513 4741 1576 4791 27
1610 4745 1783 4792 mart.
1823 4740 1970 4799 1726,
2002 4740 2029 4800 ς
2060 4742 2108 4801 3;
2137 4740 2489 4791 Benedictus
2522 4740 2675 4799 XIV,
2710 4753 2798 4799 ep.
2831 4742 3050 4802 encycl.
3084 4756 3114 4789 ι
3146 4739 3259 4789 Um

274 4835 526 4892 primum
555 4848 605 4894 ιι,
636 4835 669 4886 3
695 4833 817 4886 dec.
850 4833 998 4893 1740,
1031 4834 1058 4895 fi
1090 4835 1141 4895 3;
1174 4846 1263 4894 ep.
1295 4836 1512 4895 encycl.
1548 4848 1578 4883 α
1609 4833 1742 4884 Etsi
1779 4832 2017 4884 minime
2057 4848 2104 4894 ιο,
2136 4833 2168 4884 7
2197 4833 2346 4886 febr.
2380 4834 2526 4892 1742,
2563 4834 2590 4894 ς
2624 4833 2673 4893 5;
2702 4838 2888 4894 conoe,
2923 4848 2953 4881 ι
2985 4833 3075 4883 Ad
3105 4832 3253 4882 miu-

270 4926 455 4977 tantle
488 4941 538 4987 ι,
570 4927 637 4979 30
675 4930 848 4979 mart.
887 4927 1034 4987 1742,
1070 4927 1097 4987 ς
1130 4927 1179 4989 8;
1214 4928 1329 4979 litt.
1364 4928 1582 4989 encycl.
1622 4942 1652 4977 α
1695 4926 1838 4976 Cum
1883 4926 2146 4986 reunion
2177 4941 2226 4988 ιι,
2262 4927 2329 4978 26
2361 4929 2483 4978 lun.
2520 4927 2667 4988 1754,
2709 4928 2736 4988 ς
2771 4930 2819 4988 4;
2851 4928 2993 4978 Plus
3024 4928 3120 4986 IX,
3156 4939 3250 4986 ep.

272 5020 490 5080 encycl.
520 5035 550 5070 α
577 5019 778 5071 Nostis
804 5023 864 5070 ct
891 5019 1204 5070 Nobiscum
1230 5036 1278 5080 ιο,
1306 5021 1339 5071 8
1370 5021 1492 5072 dec.
1529 5022 1675 5082 18493
1700 5033 1790 5080 ep.
1818 5021 2038 5083 encyel.
2071 5036 2101 5070 α
2127 5020 2429 5081 Sinoulari
2457 5019 2691 5080 quidem
2722 5035 2772 5079 ιο,
2808 5020 2873 5070 17
2900 5023 3074 5071 mart.
3107 5019 3256 5080 185&

271 5113 390 5164 Leo
420 5112 587 5173 XIII,
619 5125 709 5174 ep.
749 5115 968 5175 encycl.
1008 5128 1038 5162 ι
1074 5112 1380 5165 Humanas
1411 5125 1594 5173 oenus
1626 5131 1675 5173 ιι,
1711 5116 1776 5164 20
1806 5126 1917 5174 apr
1978 5114 2124 5175 1884;
2166 5115 2308 5165 Plus
2339 5115 2405 5173 X,
2442 5114 2557 5164 litt.
2592 5115 2810 5173 encycl.
2851 5129 2880 5162 α
2919 5112 3138 5162 Acerba
3171 5112 3255 5160 nt-

272 5207 386 5257 nus
407 5220 457 5268 ι,
483 5207 550 5259 15
572 5218 698 5267 apr.
752 5207 899 5268 19053
922 5207 1038 5259 utt.
1064 5209 1280 5268 encycl.
1317 5222 1347 5256 ι
1378 5207 1546 5257 Fient
1571 5208 1810 5259 l'animo
1835 5224 1884 5265 ιο,
1913 5208 2103 5260 281111.
2131 5209 2278 5268 1906;
2308 5209 2423 5260 ntt.
2457 5210 2675 5270 encycl.
2712 5225 2741 5259 «t
2768 5208 2982 5261 Editus
3009 5220 3185 5270 saepe
3205 5227 3253 5268 ι»,

271 5299 338 5351 m
358 5300 504 5352 mali
524 5294 672 5363 1910:
699 5303 860 5353 motu
888 5311 1080 5361 propr.
1108 5315 1138 5349 ι
1160 5300 1475 5351 Sacrorum
1497 5300 1837 5352 antistitum
1861 5316 1911 5361 n,
1937 5304 1969 5352 1
2001 5304 2146 5361 sept.
2180 5302 2328 5361 1910,
2351 5314 2411 5353 n.
2443 5302 2519 5362 2⁰,
2551 5303 2628 5363 4⁰,
2657 5303 2733 5363 5⁰2
2756 5302 3113 5355 Benedictus
3137 5303 3254 5362 XV,

273 5393 389 5445 utt.
421 5394 639 5454 encycl.
674 5408 706 5444 ι
732 5393 997 5443 Humani
1022 5393 1253 5453 ueneris
1284 5409 1330 5453 n,
1360 5395 1425 5446 15
1461 5395 1582 5446 iun.
1623 5396 1767 5455 1917:
1800 5394 1857 5445 S.
1893 5396 1956 5446 C.
1994 5394 2051 5446 S.
2085 5395 2224 5455 Off„
2258 5397 2426 5446 instr.
2463 5396 2526 5446 10
2554 5395 2700 5446 mal-1
2728 5395 2875 5455 1884,
2912 5409 2970 5446 n„
3012 5396 3061 5456 53
3094 5396 3151 5447 S.
3187 5395 3250 5448 G.

274 5485 378 5544 np,
409 5489 474 5538 et
501 5485 664 5548 Res„
704 5486 875 5538 instr.
909 5487 974 5538 31
1003 5487 1106 5537 lul.
1139 5486 1285 5544 1894,
1318 5499 1374 5537 n.
1409 5487 1458 5547 2,
1492 5490 1541 5546 4,
1580 5488 1629 5539 6.
