3753 5871
1326 319 1498 370 Liber
1525 316 1761 367 Tertius
1790 342 1809 353 -
1838 317 1928 368 Do
1955 315 2153 366 Rebus
3126 311 3236 371 363

431 507 465 590 ξ
511 506 578 572 2.
632 507 712 574 Si
738 507 883 575 loci
907 505 1351 575 ordinarius
1372 505 1569 588 leges
1596 522 1735 588 pro
1756 522 1893 571 suo
1914 503 2297 571 territorio
2321 502 2458 569 hac
2480 502 2561 568 in
2590 520 2668 569 re
2696 499 2985 585 tulerit,
3009 502 3234 568 etiam

252 614 580 699 religiosi
618 633 892 699 omnes,
932 614 1254 700 exempti
1301 631 1610 698 quoque,
1662 612 2109 695 obligatione
2147 615 2498 678 tenentur
2533 609 2824 677 easdem
2873 605 3236 688 servandi3

251 726 328 790 et
355 721 800 790 Ordinarius
823 727 1068 808 potest
1088 723 1484 790 eorundem
1508 720 1853 788 ecclesias
1873 720 1989 787 vel
2015 719 2311 804 publica
2335 718 2668 787 oratoria
2687 717 2768 783 in
2794 717 2990 783 hunc
3019 715 3234 783 finem

250 826 558 897 visitare
588 830 639 897 ¹.

1526 900 1704 968 om.
1753 899 1949 965 1262.
2971 978 2985 996 ⁶

434 1007 467 1089 ξ
515 1009 581 1073 1.
632 1008 1057 1093 Optandum
1116 1013 1224 1090 ut,
1284 1013 1776 1093 congruenter
1837 1008 2191 1091 antiquae
2246 1005 2710 1090 disciplinae,
2750 1002 3096 1071 mulieres
3161 1002 3242 1069 in

255 1115 561 1182 ecclesia.
602 1120 989 1199 sepa-ratae
1020 1116 1174 1183 sint
1203 1135 1251 1183 a
1283 1118 1468 1183 viris
1498 1116 1551 1183 ².

432 1222 465 1305 ξ
512 1221 579 1288 2.
629 1223 796 1290 Viri
820 1224 898 1290 in
923 1225 1229 1292 ecclesia
1259 1226 1375 1292 vel
1406 1228 1621 1293 extra·
1645 1224 2053 1306 ecclesiam,
2088 1223 2266 1290 dum
2291 1221 2526 1289 sacris
2555 1220 2825 1288 ritibus
2850 1219 3240 1294 assistunt,

257 1330 456 1397 nudo
491 1331 739 1414 capite
780 1332 959 1414 sint,
1002 1331 1148 1399 nisi
1190 1332 1399 1399 aliud
1438 1333 1688 1400 ferant
1728 1332 2024 1416 probati
2077 1329 2518 1415 populorum
2561 1345 2800 1394 mores
2851 1330 2985 1394 aut
3028 1344 3236 1411 pecu-

256 1436 479 1504 liaria.
516 1456 762 1505 rerum
795 1439 1170 1523 adiuncta;
1203 1440 1548 1508 mulieres
1582 1445 1857 1522 autem,
1898 1439 2144 1522 capite
2175 1441 2522 1521 cooperto
2554 1442 2628 1504 et
2669 1436 2994 1504 modeste
3026 1434 3239 1501 vesti·

257 1549 403 1627 tae‚
442 1546 755 1614 maxime
785 1565 952 1613 cum
984 1547 1079 1614 ad
1114 1565 1438 1615 mensam
1472 1548 1936 1616 Dominicam
1971 1546 2331 1615 accedunt
2356 1544 2410 1611 ³.

1526 1705 1704 1774 CAN.
1755 1706 1951 1775 1263.

435 1811 469 1894 ξ
516 1813 583 1879 1.
631 1812 890 1882 Potest
946 1813 1532 1897 magistratibus,
1582 1832 1720 1898 pro
1764 1832 2015 1881 eorum
2064 1815 2433 1899 dignitate
2477 1823 2553 1885 et
2600 1817 2864 1901 gradu,
2914 1817 3120 1885 locus
3165 1816 3244 1884 in

260 1920 568 1987 ecclesia
605 1939 762 1988 esse
791 1921 1219 2005 distinctae,
1256 1922 1351 1989 ad
1385 1941 1717 1989 normam
1758 1925 2001 2008 legum
2042 1923 2559 2008 liturgicarum
2601 1923 2656 1990 ⁴.

438 2025 472 2108 §
518 2026 585 2092 2.
638 2026 814 2095 Sine
839 2045 1184 2111 expresso
1212 2028 1596 2096 Ordinarii
1627 2030 1772 2097 loci
1797 2047 2158 2097 consensu
2192 2048 2403 2098 nemo
2431 2030 2671 2098 fidelis
2701 2032 2943 2099 locum
2982 2032 3248 2100 habeat

261 2133 340 2199 in
362 2132 671 2201 ecclesia
694 2133 837 2201 sibi
867 2135 1164 2219 suisque
1193 2140 1668 2219 reservatum3
1695 2137 2142 2205 ordinarius
2167 2142 2414 2205 autem
2446 2157 2882 2206 consensum
2917 2157 3009 2208 ne
3040 2157 3245 2223 prae·

263 2239 457 2325 beat,
495 2240 640 2308 nisi
670 2245 1080 2310 ceterorum
1116 2242 1442 2312 fidelium
1473 2245 1983 2312 commoditati
2018 2246 2120 2313 sit
2152 2244 2597 2313 sufficienter
2626 2246 3050 2313 consultum
3072 2244 3125 2312 ⁸.

438 2347 473 2430 ξ
519 2348 587 2415 3.
634 2349 749 2416 Ea
789 2368 1074 2436 semper
1108 2352 1336 2419 factis
1365 2352 1443 2418 in
1475 2353 2069 2421 concessionibus
2103 2353 2296 2422 inest
2335 2354 2570 2422 tacita
2600 2354 2956 2436 conditio,
2992 2357 3079 2422 ut
3118 2355 3246 2420 Or·

265 2454 607 2524 dina-rius
654 2458 917 2541 possit,
968 2478 1057 2526 ex
1110 2459 1313 2526 iusta
1360 2477 1611 2542 causa,
1666 2460 2207 2528 concessionem
2263 2480 2629 2543 revocare,
2687 2480 2834 2529 non
2900 2462 3242 2529 obstante

266 2563 590 2645 quolibet
621 2565 975 2647 temporis
1004 2566 1322 2634 decursu
1350 2567 1401 2634 ⁸.
2301 2566 2307 2572 ’

1595 2689 1710 2740 AN.
1761 2675 1957 2742 1264.

436 2780 469 2860 §
516 2782 581 2846 1.
634 2756 962 2850 Musicae
1013 2781 1093 2848 in
1137 2782 1404 2868 quibus
1446 2676 1598 2853 sig
1642 2802 1921 2867 organo
1962 2784 2223 2852 aliisve
2267 2783 2786 2852 instrumentis
2829 2783 2982 2853 sive
3024 2787 3254 2851 cantu

265 2886 621 2955 lascivum
655 2892 792 2958 aut
822 2889 1195 2973 impurum
1228 2890 1513 2976 aliquid
1548 2890 1975 2976 misceatur,
2011 2892 2105 2961 ab
2141 2891 2469 2960 ecclesiis
2504 2891 2802 2959 omnino
2836 2894 3255 2976 arceantur3

265 2998 343 3063 et
371 2994 568 3077 leges
603 2995 996 3078 liturgicae
1027 2998 1228 3066 circa
1260 3001 1612 3067 musicam
1647 3018 1935 3068 sacram
1975 3004 2363 3069 serventur
2384 3000 2435 3068 ⁷.

271 3147 306 3199 8
350 3150 498 3208 sept.
537 3147 685 3207 1869,
725 3160 783 3200 n.
822 3148 906 3211 34:
951 3148 1069 3202 ntt.
1117 3149 1221 3209 (ad
1261 3148 1557 3211 Superior.
1600 3151 1817 3203 semin.
1859 3154 2049 3205 Paris.
2094 3154 2359 3208 Mission.
2400 3157 2479 3208 ad
2523 3157 2772 3218 Exter.),
2822 3157 2855 3210 3
2896 3160 3070 3210 murt.
3111 3158 3259 3222 1873;

274 3238 335 3290 Β.
368 3236 439 3290 Β.
475 3237 563 3301 0.,
596 3237 1001 3298 Bar-bastron„
1034 3241 1101 3292 19
1140 3242 1260 3293 lan.
1299 3241 1445 3304 1619;
1477 3241 1811 3301 Deo-tmen..
1846 3243 1913 3296 12
1944 3247 2092 3304 sept.
2126 3245 2274 3307 1769;
2306 3242 2656 3307 Ναηηειοπ.,
2689 3249 2755 3299 14
2796 3248 2917 3298 iun.
2955 3247 3101 3309 18733
3135 3246 3260 3298 Tri-

273 3328 535 3388 υοπείσω,
568 3329 638 3382 23
682 3330 831 3383 febr.
870 3331 1019 3392 1894,
1059 3332 1138 3384 ad
1185 3332 1234 3394 1;
1270 3332 1613 3385 Pontificale
1651 3333 1840 3395 Rom..
1881 3335 1977 3387 tit.
2019 3333 2360 3387 Benedlcuo
2399 3335 2515 3386 olei
2553 3336 3118 3398 catechumenorum,-
3158 3341 3256 3391 tlt.

276 3419 433 3470 Ordo
479 3420 557 3469 aa
596 3420 930 3471 visitandae
967 3420 1297 3482 pau-comae,-
1336 3423 1578 3477 mtuale
1614 3424 1804 3485 Rom..
1850 3426 1946 3478 tit.
1988 3426 2071 3487 11,
2112 3438 2162 3478 c.
2204 3428 2255 3488 1,
2296 3428 2368 3477 de
2409 3431 2776 3479 sacramento
2819 3427 3097 3487 baptismi
3144 3428 3261 3477 rue

276 3509 765 3571 administrando,
792 3525 849 3564 n.
879 3513 962 3572 38:
992 3515 1086 3566 tlt.
1115 3514 1218 3573 VI,
1242 3526 1293 3566 c.
1322 3516 1372 3576 1,
1400 3516 1471 3566 ae
1496 3516 1812 3574 exsequiis,
1839 3529 1898 3567 n.
1929 3517 1979 3578 6,
2011 3517 2061 3578 7;
2087 3519 2183 3570 tlt.
2211 3518 2278 3578 X,
2312 3529 2363 3569 c.
2391 3520 2442 3578 1,
2470 3521 2542 3569 de
2577 3516 2982 3570 emoroizanais
3006 3517 3262 3572 obsessio

275 3613 314 3650 a
354 3600 678 3660 daemonio,
712 3615 770 3654 n.
803 3603 885 3654 13.
905 3603 1136 3656 -Vide
1168 3603 1349 3656 etiam
1381 3615 1510 3656 can.
1549 3605 1664 3666 336,
1701 3606 1729 3667 ς
1764 3606 1812 3656 2.

456 3692 479 3728 ¹
515 3691 689 3745 Cone.
722 3693 1010 3754 'Pl-idem..
1052 3706 1197 3746 sess.
1232 3695 1379 3754 XXI,
1423 3697 1494 3745 dc
1528 3697 1662 3756 ret„
1696 3709 1746 3748 c.
1778 3697 1828 3758 83
1860 3710 2004 3749 sess.
2039 3698 2220 3759 XXII,
2256 3701 2328 3750 ae
2361 3699 2742 3752 observandis
2775 3704 2835 3752 et
2872 3698 3168 3754 evitandi-u
3200 3700 3264 3750 ln

277 3781 667 3833 celebratione
698 3784 933 3842 missae:
961 3785 1317 3838 Benedictus
1344 3787 1497 3849 xlv,
1534 3791 1719 3840 coust.
1754 3801 1784 3838 ι
1817 3788 1908 3838 Ad
1936 3788 2255 3842 militantis
2288 3804 2336 3850 ι,
2366 3791 2431 3841 30
2460 3793 2635 3842 mart.
2669 3791 2816 3851 1742,
2853 3793 2878 3852 ς
2910 3791 2960 3843 6.

459 3880 486 3915 ²
515 3874 957 3928 caeremoniale
990 3876 1346 3936 Episcopor„
1391 3877 1429 3928 1.
1464 3877 1516 3938 I,
1558 3888 1608 3929 c.
1644 3878 1714 3939 V,
1749 3890 1806 3929 n.
1844 3878 1895 3929 7.

447 3968 473 4003 ³
515 3965 581 4017 0.
610 3965 661 4026 3,
696 3965 760 4018 Ο.
789 3967 937 4027 XXI,
974 3979 1029 4029 q.
1061 3969 1111 4029 43
1135 3978 1187 4018 c.
1219 3970 1303 4028 19,
1333 3967 1398 4020 0.
1428 3969 1690 4034 XXXIII,
1720 3981 1775 4031 (1.
1808 3970 1857 4031 53
1885 3981 1935 4021 c.
1967 3970 2050 4030 57,
2084 3971 2155 4021 D.
2191 3969 2241 4031 1,
2281 3973 2352 4023 ae
2381 3981 2560 4030 conss
2598 3971 2657 4023 Β.
2689 3971 2754 4024 G.
2787 3972 2862 4024 de
2891 3973 3062 4033 Prop.
3098 3973 3262 4035 Fide,

282 4054 451 4107 instr.
489 4054 592 4114 (ad
623 4056 747 4109 Vic.
776 4059 882 4117 Ap.
922 4056 1093 4119 Sim),
1120 4059 1187 4110 18
1210 4061 1322 4111 oct.
1354 4059 1504 4120 1883,
1532 4073 1591 4110 n.
1619 4060 1735 4122 XV3
1763 4059 1821 4112 S.
1855 4060 1926 4111 Β.
1960 4061 2047 4121 0.,
2079 4060 2386 4121 Caietam,
2416 4062 2482 4113 25
2508 4065 2655 4123 sept.
2687 4062 2836 4123 1688,
2872 4063 2938 4115 18
2963 4062 3084 4115 iun.
3120 4063 3266 4126 1689;

283 4147 589 4205 vomam,
621 4146 655 4197 2
689 4151 837 4208 sept.
871 4149 1020 4208 1690,
1062 4149 1140 4201 ad
1176 4150 1225 4210 1,
1256 4150 1308 4210 3,
1339 4151 1389 4213 4;
1420 4149 1847 4209 Ravennatem,
1884 4151 1918 4202 7
1953 4151 2055 4203 iul.
2091 4151 2240 4212 1876,
2276 4153 2355 4205 ad
2391 4154 2490 4204 IV.

456 4241 485 4277 ⁴
521 4238 586 4290 0.
617 4239 700 4299 30,
741 4240 813 4291 D.
846 4241 929 4300 ΙΙ,
970 4241 1041 4290 de
1072 4251 1250 4297 conss
1275 4252 1325 4292 c.
1358 4243 1409 4302 1,
1440 4242 1507 4301 X,
1539 4243 1610 4292 ae
1641 4242 1767 4292 vita
1801 4247 1859 4294 et
1893 4242 2199 4294 honestate
2233 4243 2596 4302 clericorum,
2638 4242 2754 4304 111,
2786 4245 2836 4305 13
2872 4243 2931 4297 S.
2964 4245 3030 4297 0.
3065 4245 3173 4306 Ep.
3203 4247 3271 4298 et

283 4329 447 4392 Reg„
476 4329 815 4390 spoletana,
841 4333 907 4383 19
927 4332 1049 4384 dec.
1079 4332 1226 4393 184&
1252 4331 1310 4384 8.
1334 4331 1405 4383 Β.
1432 4332 1520 4393 0.,
1545 4333 1902 4394 fluitantem,
1924 4335 1990 4385 16
2013 4335 2133 4385 iun.
2160 4334 2307 4394 1602,
2332 4334 2408 4386 ad
2432 4335 2480 4396 6;
2512 4335 3001 4395 compostellana,
3024 4335 3088 4387 21
3118 4336 3267 4388 tebr.

282 4420 429 4483 1604;
461 4419 804 4480 Gramion„
845 4422 910 4472 24
939 4425 1052 4475 oct.
1096 4423 1242 4484 1609:
1275 4422 1583 4483 savonen„
1618 4425 1683 4476 20
1715 4436 1841 4485 apr.
1878 4425 2025 4486 10303
2061 4422 2372 4484 erntina,
2407 4425 2472 4476 23
2506 4426 2652 4476 mail
2685 4426 2832 4486 1639:
2867 4423 3267 4482 Brundusium

283 4511 349 4564 15
376 4512 499 4565 dec.
524 4513 671 4576 164ος
697 4512 939 4572 meten„
966 4514 1000 4565 6
1025 4514 1128 4566 iul.
1156 4514 1302 4575 1641;
1329 4514 1633 4576 Biteuen„
1659 4516 1725 4568 31
1748 4516 1894 4567 maii
1918 4516 2063 4577 16423
2090 4516 2402 4575 Aquilam,
2430 4516 2496 4568 28
2522 4518 2643 4567 iun.
2678 4516 2825 4578 16423
2849 4514 3269 4574 Interamna..

285 4602 473 4655 191ι11.
493 4599 640 4663 1042,
663 4603 742 4655 ad
760 4603 810 4665 2;
836 4604 1248 4663 Μεαίοιαπεη.,
1272 4605 1305 4657 8
1325 4608 1388 4657 et
1411 4606 1476 4657 18
1496 4605 1598 4657 iul.
1621 4607 1767 4668 1654;
1787 4605 2199 4664 Μεαίοιαπεη.,
2223 4606 2288 4658 26
2309 4607 2427 4657 lan.
2447 4607 2593 4668 1658;
2623 4605 3009 4664 polinianen„
3034 4608 3099 4657 11
3123 4609 3269 4665 sept.

284 4693 430 4754 1660:
466 4692 879 4753 Mediolanum„
917 4696 983 4747 15
1015 4696 1131 4747 ian.
1166 4696 1312 4758 1661;
1342 4694 1645 4755 Boiam„
1676 4698 1741 4748 29
1772 4709 1903 4748 nov.
1938 4696 2085 4758 1670;
2117 4695 2461 4756 Rhemum„
2493 4698 2558 4748 29
2590 4709 2723 4748 nov.
2758 4696 2903 4757 167ος
2936 4695 3271 4753 Tortonen„

286 4783 352 4835 13
379 4784 500 4835 iun.
535 4783 683 4846 1671:
717 4783 1078 4843 cremonen„
1106 4785 1173 4837 16
1202 4785 1324 4837 iun.
1354 4786 1501 4847 1674;
1531 4785 1796 4846 Ιηιοιοπ.,
1828 4787 1895 4839 18
1921 4786 2066 4838 maii
2094 4787 2242 4847 1675,
2275 4785 2351 4839 ad
2381 4787 2431 4848 3;
2465 4785 2804 4845 vercellen..
2843 4787 2908 4838 13
2938 4786 3086 4838 febr.
3128 4785 3274 4847 1677;

286 4875 599 4934 Ruentem,
626 4876 691 4928 23
724 4879 872 4936 sept.
900 4876 1047 4938 1684;
1081 4875 1318 4936 Bar-en„
1346 4877 1413 4928 22
1439 4878 1586 4930 febr.
1618 4878 1764 4939 1687:
1789 4878 1946 4930 decr.
1979 4891 2106 4940 gen.
2140 4878 2204 4929 13
2230 4880 2405 4929 mart.
2438 4877 2585 4938 1688;
2617 4876 2969 4936 Ger-undem,
2999 4877 3065 4927 12
3094 4879 3269 4928 mart.

287 4967 435 5029 1689:
464 4967 621 5019 decr.
666 4980 793 5029 gen.
832 4967 899 5018 22
929 4979 1057 5029 apr.
1095 4968 1241 5029 169ος
1274 4966 1616 5026 Bononien„
1654 4969 1720 5020 10
1754 4968 1874 5020 iun.
1914 4968 2060 5029 1690,
2097 4967 2174 5021 ad
2210 4970 2259 5029 1:
2294 4966 2532 5024 Barea„
2568 4967 2633 5018 22
2675 4979 2824 5027 apr..
2860 4967 2894 5017 2
2936 4970 3083 5027 sept.
3123 4968 3322 5046 1690,qu

287 5058 368 5110 ad
397 5058 449 5120 3:
487 5057 844 5118 Fen-arten„
876 5059 910 5109 2
948 5071 1082 5120 aug.
1119 5058 1265 5122 169&
1300 5059 1595 5118 Amerina,
1631 5059 1696 5110 12
1728 5063 1876 5120 sept.
1913 5060 2059 5121 16993
2093 5058 2313 5110 Montio
2350 5059 2495 5117 Am,
2530 5058 2595 5110 23
2630 5057 2751 5110 iun.
2788 5057 2935 5119 1703;
2975 5056 3273 5116 catenen„

288 5150 321 5201 2
358 5161 487 5210 apr.
521 5149 668 5211 1718;
702 5149 1142 5202 caeremoniale
1176 5143 1534 5212 Eprscopor„
1571 5151 1609 5201 1.
1646 5151 1696 5211 1,
1733 5163 1783 5203 c.
1820 5150 1988 5211 XIII,
2021 5163 2081 5201 n.
2116 5151 2198 5202 13.

466 5247 493 5282 ⁵
534 5240 593 5292 Β.
639 5240 710 5292 Β.
745 5240 833 5301 0.,
878 5240 1277 5300 Εηεωηίῑίεπ.,
1312 5243 1377 5294 11
1411 5243 1532 5294 dec.
1571 5242 1719 5303 1604,
1757 5243 1835 5294 ad
1868 5242 1919 5295 3.

466 5336 493 5372 ⁸
533 5331 592 5384 S.
626 5332 691 5384 0.
731 5333 835 5393 Dp.
868 5335 931 5384 et
966 5333 1129 5394 neg„
1165 5333 1503 5393 spoletana,
1545 5335 1611 5385 19
1643 5333 1765 5384 dec.
1803 5333 1951 5394 1846:
1985 5331 2042 5385 S.
2076 5332 2146 5384 Β.
2179 5331 2267 5392 0.,
2301 5329 2654 5390 Mar-tanen„
2688 5331 2755 5382 22
2785 5344 2917 5384 nov.
2954 5332 3101 5384 1642.

464 5426 488 5464 ⁷
530 5421 596 5474 0.
629 5425 679 5484 1,
720 5425 791 5475 de
820 5423 1209 5475 celebratione
1247 5424 1563 5475 missarum
1594 5429 1652 5475 et
1683 5425 1822 5476 aliis
1855 5423 2074 5475 divinia
2103 5422 2329 5483 offic-iia,
2362 5423 2479 5480 III,
2512 5424 2596 5484 14,
2633 5424 2694 5474 ln
2733 5422 2935 5484 Glem.;
2963 5434 3013 5474 c.
3052 5435 3174 5482 un.,
3209 5423 3280 5472 de

291 5514 418 5563 vita
460 5517 520 5565 et
560 5513 868 5566 honestate
908 5515 1269 5572 clericorum,
1314 5516 1431 5576 111,
1471 5517 1521 5576 1,
1574 5516 1637 5566 in
1680 5515 1999 5576 Extravag.
2045 5527 2210 5577 com.;
2248 5515 2423 5567 conc.
2465 5515 2751 5574 Trident„
2795 5526 2938 5566 sess.
2982 5513 3163 5574 XXII,
3208 5513 3278 5562 ae
