3753 5871
1334 313 1512 364 Liber
1541 313 1778 364 Tertius
1812 339 1832 351 ·
1869 312 1958 362 De
1999 313 2194 363 Rebus
3175 309 3285 369 w?

1265 782 1660 881 Lusca
1745 781 2312 880 TERTlus

1387 1033 1390 1038 ’
1472 1010 1631 1124 DE
1707 1009 2119 1125 REBUS

1595 1439 1772 1506 CAN.
1819 1439 1970 1505 726.

468 1577 616 1647 Res
654 1579 752 1647 de
788 1579 1055 1665 quibus
1095 1579 1175 1646 in
1227 1580 1364 1647 hoc
1406 1579 1601 1647 libro
1650 1579 1905 1665 agitur
1948 1598 2277 1664 quaeque
2330 1579 2637 1648 totidem
2682 1581 2926 1649 media
2967 1585 3146 1651 sunt
3187 1585 3282 1649 ad

295 1685 671 1755 Ecclesiae
708 1685 925 1756 finem
965 1688 1583 1773 consequendum,
1623 1689 1817 1756 aliae
1865 1693 2046 1756 sunt
2082 1689 2537 1774 spirituales,
2579 1689 2772 1757 aliae
2815 1689 3285 1775 temporales,

294 1793 487 1863 aliae
529 1794 828 1863 mixtae.

1583 1905 1762 1972 CAN.
1813 1904 1968 1970 727.

475 2045 509 2127 ς
557 2047 623 2110 1.
676 2044 1030 2114 Studiosa·
1085 2044 1432 2112 voluntas
1491 2044 1777 2112 emendi
1822 2044 1940 2111 vel
1988 2044 2351 2112 vendendi
2404 2063 2542 2129 pro
2590 2046 2831 2130 pretio
2891 2045 3285 2130 temporali

297 2171 448 2221 rem
488 2153 887 2221 intrinsece
925 2152 1418 2237 spiritualem,
1468 2171 1582 2219 ex.
1627 2170 1769 2238 gr„
1824 2154 2330 2233 Sacramenta,
2375 2153 2947 2222 ecclesiasticam
2991 2153 3284 2222 iurisdi-

291 2260 638 2343 ctionem,
670 2259 1323 2342 consecrationem,
1357 2259 1887 2345 indulgentiae,
1931 2266 2100 2344 etc„
2136 2261 2253 2328 vel
2293 2280 2441 2328 rem
2477 2263 2956 2346 temporalem
2991 2263 3098 2329 rei
3139 2261 3281 2346 spi·

298 2368 558 2435 rituali
613 2368 974 2438 adnexam
1020 2369 1130 2436 ita
1179 2373 1264 2436 ut
1312 2387 1429 2435 res
1474 2369 1907 2452 temporalis
1952 2370 2111 2437 sine
2161 2369 2542 2453 spirituali
2601 2370 2811 2438 nullo
2868 2369 3082 2438 modo
3127 2387 3288 2436 esse

298 2476 557 2559 possit,
608 2495 722 2544 ex.
777 2494 919 2561 gr„
972 2476 1402 2544 beneficium
1463 2476 2067 2559 ecclesiasticum,
2118 2481 2287 2560 etc„
2340 2482 2478 2545 aut
2525 2496 2642 2546 res
2702 2478 3122 2562 spiritualis
3183 2477 3285 2545 sit

296 2583 686 2665 obiectum,
733 2583 877 2651 etsi
919 2583 1263 2668 partiale,
1308 2588 1765 2666 contractus,
1811 2603 1926 2652 ex.
1984 2603 2126 2667 gr„
2183 2584 2644 2653 consecratio
2696 2585 2776 2651 in
2821 2585 3080 2652 calicis
3120 2602 3280 2652 con·

301 2690 571 2757 secrati
604 2690 1052 2774 venditione,
1098 2696 1212 2759 est
1255 2690 1573 2758 simonia
1612 2691 1802 2758 iuris
1843 2692 2076 2759 divini
2109 2689 2158 2759 ².

466 2799 501 2882 ξ
547 2799 613 2865 2.
664 2800 864 2867 Dare
912 2818 1089 2867 vero
1129 2819 1244 2866 res
1286 2801 1730 2885 temporales
1770 2799 2147 2883 spirituali
2203 2799 2529 2866 adnexas
2572 2817 2708 2883 pro
2753 2799 3285 2883 temporalibus

296 2907 675 2995 spirituali
718 2908 1049 2990 adnexis,
1094 2908 1211 2976 vel
1266 2924 1383 2976 res
1435 2907 1865 2994 spirituales
1919 2926 2054 2992 pro
2097 2907 2640 2992 spiritualibus,
2683 2907 2798 2975 vel
2841 2907 3066 2975 etiam
3111 2909 3284 2975 tem-

296 3016 590 3101 porales
627 3035 766 3101 pro
807 3016 1365 3100 temporalibus,
1405 3018 1470 3083 si
1510 3017 1583 3084 id
1625 3017 1718 3084 ob
1756 3016 2164 3101 periculum
2206 3016 2731 3084 irreverentiae
2771 3034 2949 3100 erga
2989 3034 3105 3083 res
3143 3015 3286 3100 spi·

299 3123 610 3192 rituales
643 3125 739 3191 ab
775 3123 1108 3192 Ecclesia
1154 3124 1658 3209 prohibeatur,
1706 3129 1819 3192 est
1867 3124 2186 3191 simonia
2220 3124 2410 3191 iuris
2446 3122 2950 3192 ecclesiastici.

1594 3317 1771 3383 CAN.
1819 3316 1970 3383 728.

469 3462 656 3530 Cum
698 3462 791 3529 de
824 3461 1139 3530 simonia
1170 3462 1447 3547 agitur,
1485 3461 2145 3545 emptio-venditio,
2184 3459 2659 3544 permutatio,
2698 3466 2868 3541 etc„
2915 3459 3068 3526 late
3102 3459 3287 3526 acci-

300 3568 611 3655 piendae
653 3573 833 3638 sunt
872 3589 1009 3655 pro
1052 3570 1382 3655 qualibet
1421 3569 1930 3647 conventione,
1988 3569 2162 3636 licet
2216 3568 2311 3635 ad
2365 3567 2708 3636 effectum
2754 3586 2900 3635 non
2943 3566 3290 3649 deducta,

298 3678 523 3745 etiam
562 3678 820 3759 tacita,
868 3677 947 3744 in
985 3696 1133 3763 qua
1167 3677 1451 3745 scilicet
1488 3677 1782 3744 animus
1819 3677 2267 3744 simoniacus
2305 3695 2645 3761 expresse
2687 3694 2834 3743 non
2871 3675 3286 3743 manifeste·

304 3787 459 3867 tur,
504 3785 630 3853 sed
668 3804 756 3853 ex
800 3785 1386 3853 circumstantiis
1420 3785 1820 3868 colligatur
1846 3783 1901 3851 ².

481 4051 503 4086 ¹
538 4050 604 4103 Ο.
635 4052 685 4111 1,
717 4050 768 4110 3,
799 4049 906 4109 0-8,
936 4050 1021 4108 10,
1052 4050 1136 4108 11,
1167 4048 1250 4107 10,
1275 4047 1358 4105 22,
1388 4048 1507 4108 101,
1534 4047 1769 4106 113-117,
1797 4047 1914 4107 120,
1946 4046 2061 4107 124,
2095 4046 2160 4099 C.
2190 4047 2240 4105 I,
2274 4058 2328 4107 q.
2354 4048 2404 4106 1;
2430 4058 2479 4096 c.
2506 4046 2610 4106 25,
2637 4044 2689 4106 7,
2717 4044 2768 4105 8,
2795 4046 2880 4104 11,
2905 4046 2990 4104 14,
3016 4045 3100 4103 15,
3132 4043 3196 4096 C.
3233 4044 3283 4104 I,

299 4151 356 4201 q.
388 4140 439 4200 ες
469 4150 521 4190 c.
556 4138 663 4200 1·3,
700 4138 766 4189 C.
805 4138 857 4199 I,
891 4151 946 4199 q.
983 4137 1034 4198 ος
1065 4148 1115 4187 c.
1152 4136 1202 4197 2,
1237 4136 1288 4195 3,
1324 4137 1374 4195 5,
1417 4135 1487 4189 Ο.
1528 4136 1577 4195 1,
1623 4149 1678 4197 q.
1710 4136 1760 4197 7;
1791 4146 1841 4186 c.
1878 4135 1961 4195 33,
2002 4135 2068 4187 Ο.
2108 4135 2243 4195 VII,
2284 4147 2339 4195 q,
2377 4136 2427 4194 1;
2461 4146 2510 4185 c.
2546 4135 2598 4194 1,
2645 4132 2711 4185 O.
2751 4133 2920 4191 VIII,
2960 4145 3016 4193 q.
3052 4131 3103 4192 2:
3145 4143 3196 4183 c.
3233 4133 3288 4191 4,

301 4230 367 4281 0.
400 4229 520 4291 XV,
547 4241 604 4291 q.
641 4228 694 4289 8:
720 4240 770 4279 c.
801 4241 924 4289 un„
961 4228 1028 4288 X,
1066 4231 1140 4279 ut
1163 4226 1526 4279 ecclesistico
1565 4225 1841 4285 benefic-tc
1870 4227 1999 4276 stne
2032 4224 2419 4289 diminutione
2449 4223 2852 4283 conterantur,
2885 4222 3002 4281 111,
3035 4220 3121 4282 122
3149 4232 3199 4272 c.
3232 4221 3288 4280 5,

301 4318 368 4377 Χ,
401 4319 474 4368 do
501 4329 700 4366 rerum
731 4316 1182 4377 mutatione,
1217 4315 1333 4375 111,
1367 4317 1449 4376 193
1476 4326 1526 4366 c.
1562 4314 1646 4374 10,
1680 4315 1744 4374 Χ,
1788 4317 1859 4365 de
1891 4314 2021 4364 iure
2062 4315 2433 4373 patronatus,
2475 4312 2592 4372 111,
2627 4311 2709 4370 38:
2741 4322 2791 4362 c.
2823 4312 2875 4370 1,
2906 4310 3047 4369 8-10,
3077 4310 3162 4370 12,
3196 4311 3281 4369 14,

301 4406 385 4466 10.
417 4407 500 4467 20,
531 4406 615 4466 21,
646 4406 729 4466 23,
761 4407 843 4466 24,
875 4406 957 4466 20,
989 4406 1072 4467 34,
1103 4405 1187 4465 36,
1223 4405 1310 4465 38,
1338 4405 1424 4462 39,
1458 4405 1524 4464 Χ,
1558 4405 1628 4453 de
1659 4404 1932 4460 simonia,
1970 4406 2030 4453 et
2067 4414 2139 4452 ne
2170 4400 2397 4461 auqma
2435 4412 2539 4461 pro
2568 4400 2982 4460 spiritualibus
3015 4398 3294 4458 ominatur

305 4497 397 4545 vel
427 4495 830 4554 promittatur,
862 4495 932 4555 V,
965 4496 1016 4556 3;
1045 4507 1095 4546 c.
1128 4494 1234 4555 1-3,
1267 4494 1333 4554 X,
1367 4504 1442 4542 ne
1472 4491 1726 4553 praelati
1765 4491 1923 4542 vices
1955 4503 2097 4542 suas
2137 4490 2228 4540 vel
2269 4489 2545 4541 ecclesias
2579 4488 2688 4539 aab
2721 4499 2917 4538 annuo
2953 4497 3129 4537 censu
3163 4497 3292 4536 oon·

304 4587 536 4645 cedant,
566 4586 636 4647 V,
667 4587 716 4646 4;
739 4597 790 4637 c.
828 4585 879 4646 2,
917 4586 989 4635 ds
1017 4583 1289 4641 simonia,
1320 4584 1389 4643 V,
1420 4585 1472 4644 1,
1512 4584 1574 4634 ln
1606 4584 1927 4643 mxu-arag.
1963 4592 2130 4641 com.;
2158 4581 2331 4632 Cone.
2363 4578 2654 4637 Trident..
2687 4590 2830 4630 sess.
2863 4578 3011 4637 XXI,
3048 4577 3118 4626 ds
3152 4575 3289 4635 ret„

303 4686 353 4726 c.
384 4677 435 4737 l:
461 4688 604 4727 sess.
632 4675 832 4735 XXIV,
871 4677 943 4726 dc
967 4674 1104 4734 ret„
1134 4684 1184 4724 c.
1216 4674 1300 4733 14,
1330 4673 1412 4733 18:
1447 4684 1591 4724 sess.
1628 4671 1794 4734 XXV,
1827 4674 1900 4723 de
1934 4669 2069 4729 ret„
2096 4680 2147 4720 c.
2179 4670 2229 4730 93
2260 4668 2484 4721 Paulus
2510 4667 2612 4728 IV,
2642 4670 2805 4719 motu
2837 4664 3030 4728 propr.
3064 4681 3095 4716 ι
3125 4663 3297 4715 Inter

306 4767 572 4814 caeteras
599 4779 649 4823 ι,
685 4763 752 4814 27
776 4776 909 4815 nov.
938 4763 1086 4823 15573
1116 4763 1259 4813 Plus
1286 4762 1389 4821 IV,
1418 4764 1586 4813 const
1635 4776 1666 4811 ι
1698 4759 2025 4810 Romanum
2054 4757 2389 4817 Pontificem
2432 4772 2481 4818 t,
2512 4757 2579 4808 17
2612 4759 2726 4809 oct.
2766 4755 2914 4817 15⁰4:
2946 4756 3005 4807 S.
3040 4755 3185 4805 Plus
3218 4753 3290 4813 V,

305 4856 492 4906 const.
533 4869 563 4904 α
601 4852 835 4914 Quanta
869 4853 1169 4905 Ecclesiae
1211 4867 1260 4912 ι,
1304 4853 1337 4902 1
1371 4862 1498 4912 apr.
1542 4850 1691 4910 1588,
1728 4850 1754 4910 ς
1792 4851 1842 4912 4;
1873 4852 2059 4901 const.
2097 4863 2127 4898 α
2164 4845 2567 4897 &tolerabilis
2602 4861 2652 4905 ιι,
2689 4846 2722 4896 1
2756 4846 2876 4896 lun.
2920 4844 3070 4903 1569:
3103 4845 3289 4894 const.

305 4958 335 4993 α
366 4944 556 5004 Quam
593 4941 831 5004 plenum
862 4957 909 5002 ι,
942 4942 975 4993 2
1006 4943 1123 4993 lan.
1159 4941 1306 5001 1570,
1341 4941 1369 5002 ς
1399 4942 1449 5001 1;
1484 4939 1691 4992 Slxtus
1720 4940 1789 4999 V,
1830 4942 2017 4991 const.
2054 4953 2084 4988 α
2125 4936 2408 4986 Sanctum
2446 4940 2506 4988 et
2540 4933 2805 4985 salutare
2839 4948 2888 4994 ι,
2925 4933 2959 4984 5
2989 4934 3110 4984 ian.
3142 4931 3293 4992 1589:

305 5032 575 5085 Olemens
601 5033 753 5093 XIV,
778 5044 871 5094 ep.
898 5032 1117 5093 encycl.
1152 5046 1183 5081 ι
1216 5031 1395 5082 Decet
1423 5043 1598 5090 quam
1629 5029 1886 5079 maxime
1910 5043 1959 5088 ι,
1989 5027 2053 5079 21
2078 5029 2225 5088 sept.
2254 5025 2402 5085 1709,
2433 5024 2459 5084 ς
2488 5023 2656 5084 20-24ς
2684 5022 2743 5076 S.
2774 5022 2840 5074 Ο.
2876 5021 2933 5074 8.
2967 5021 3106 5082 off..
3134 5020 3289 5072 decr.

303 5121 368 5172 24
395 5125 543 5182 sept.
582 5121 731 5182 1005,
764 5133 925 5182 prop.
958 5120 1040 5182 22,
1078 5120 1297 5181 danim:
1325 5118 1480 5171 decr.
1512 5120 1543 5170 4
1577 5121 1752 5170 mart.
1787 5118 1936 5176 1070,
1972 5128 2133 5177 prop.
2167 5114 2249 5175 45,
2291 5113 2374 5172 40,
2407 5111 2625 5173 damn:
2663 5110 2726 5163 S.
2763 5111 2828 5164 Ο.
2865 5110 2953 5171 O..
2989 5108 3293 5165 Bellicam,

304 5221 504 5263 mense
537 5212 657 5263 lan.
691 5211 840 5272 1588,
878 5209 955 5262 ad
996 5211 1045 5271 1;
1085 5208 1398 5268 Amana,
1432 5208 1498 5260 12
1538 5211 1685 5268 sept.
1721 5208 1867 5268 10⁰9:
1907 5206 2125 5263 vicen„
2158 5203 2224 5256 28
2255 5206 2404 5263 sept.
2440 5201 2588 5262 108ος
2624 5200 2683 5254 S.
2716 5201 2780 5253 Ο.
2813 5199 2889 5252 de
2919 5200 3089 5259 Prop.
3125 5197 3291 5260 Fide,

305 5301 460 5350 decr.
491 5300 556 5353 13
581 5311 708 5361 apr.
737 5299 886 5358 1807,
917 5312 982 5351 n.
1013 5299 1182 5350 VIII.

480 5392 506 5425 ²
540 5391 606 5442 Ο.
641 5390 877 5449 113-117,
912 5389 1029 5449 Im,
1063 5387 1128 5440 O.
1168 5388 1216 5448 1,
1262 5400 1316 5448 o.
1359 5389 1412 5448 1;
1450 5398 1502 5438 c.
1536 5387 1588 5447 5,
1624 5387 1676 5446 8,
1711 5387 1794 5446 11,
1833 5384 1899 5437 O.
1937 5384 1987 5444 1.
2025 5396 2080 5445 q.
2116 5383 2167 5443 3;
2201 5394 2251 5434 c.
2284 5384 2335 5440 1,
2367 5381 2417 5441 2,
2457 5381 2524 5433 0.
2558 5379 2608 5440 1,
2640 5392 2696 5441 q.
2729 5379 2780 5440 ὃς
2806 5389 2857 5429 c.
2890 5379 2940 5437 3,
2972 5377 3037 5429 0.
3073 5377 3123 5436 1.
3155 5388 3211 5436 q.
3244 5376 3294 5432 7:

304 5489 354 5530 c.
384 5480 468 5537 33,
499 5478 566 5531 Ο.
598 5478 736 5539 VII,
765 5491 821 5541 q.
857 5479 908 5539 1„-
940 5488 993 5528 ε.
1027 5478 1078 5538 1,
1109 5476 1175 5528 C.
1210 5475 1379 5538 VIII,
1418 5488 1474 5538 q.
1511 5475 1562 5535 2:
1586 5485 1638 5526 c.
1673 5475 1725 5535 8,
1760 5475 1844 5535 12,
1881 5475 1965 5533 14,
1999 5473 2084 5532 84,
2118 5472 2202 5532 39,
2237 5472 2320 5531 45,
2355 5471 2422 5530 Χ,
2456 5471 2528 5520 de
2559 5468 2830 5527 alumnia,
2872 5471 2931 5518 et
2962 5477 3036 5517 ne
3068 5464 3314 5523 aliquota·
