3753 5871
535 37 643 98 710
1666 37 1864 89 006oe
1909 35 2073 88 ltu-u
2110 34 2392 87 Gamo!

539 230 687 289 tate
718 230 954 289 tenore
983 223 1448 304 praesentium
1479 222 1946 302 approbamus
1973 226 2047 286 et
2073 221 2582 299 confirmamus,
2616 219 2893 299 illisque
2931 221 3252 285 omnibus
3281 225 3357 286 et
3396 224 3530 285 sin·

534 334 721 414 gulis
764 332 1189 396 inviolabilis
1242 331 1682 411 Apostolicae
1726 330 2087 393 firmitatis
2131 330 2342 393 robur
2383 329 2770 406 adiicimus3
2825 333 3034 408 atque
3078 330 3318 409 etiam,
3367 347 3528 407 qua-

535 446 740 504 tenus
788 458 960 521 opus
1000 440 1119 518 sit,
1169 440 1395 504 denuo
1433 439 1929 503 committimus
1966 442 2040 502 et
2076 438 2481 500 mandamus
2522 437 2838 500 omnibus
2876 437 3263 501 haereticae
3306 438 3528 516 pravi·

536 548 712 612 tatis
746 548 1309 627 Inquisitoribus,
1342 552 1417 612 et
1456 546 1758 610 locorum
1792 546 2188 611 ordinariis
2221 545 2523 609 omnium
2557 562 2946 625 regnorum,
2993 546 3530 623 provinciarum,

534 656 922 735 civitatum,
963 656 1447 735 dominiorum,
1494 660 1568 719 et
1603 656 1908 718 locorum
1955 654 2258 718 universi
2305 653 2511 717 Orbis
2545 652 2957 732 Christiani,
2996 655 3073 716 in
3110 653 3261 716 suis
3309 670 3530 732 respa

535 764 714 828 ctive
753 763 1200 841 dioecesibus,
1242 768 1327 827 ut
1361 761 1753 843 diligenter,
1797 762 2116 841 omnique
2153 762 2451 824 humano
2491 765 2806 840 respectu
2850 762 3262 840 postposito,
3309 762 3529 841 inqui·

537 877 723 950 rant,
761 876 834 936 et
859 872 1236 951 procedant
1261 874 1506 934 contra
1534 887 1789 950 omnes,
1827 874 1900 935 et
1937 868 2245 949 singulos
2274 870 2662 934 sacerdotes
2698 873 2843 932 tam
2877 868 3293 948 saeculares,
3331 887 3532 949 quam

536 979 888 1061 regulares
930 979 1437 1058 quomodolibet
1477 981 1850 1058 exemptos,
1898 995 1981 1041 ac
2030 977 2191 1042 Sedi
2235 976 2675 1058 Apostolicae
2718 978 3112 1042 immediate
3159 978 3530 1054 subiectos,

538 1104 1112 1167 quorumcumque
1155 1087 1518 1163 Ordinum,
1575 1086 2099 1165 Institutorum,
2148 1086 2595 1164 societatum,
2641 1091 2713 1150 et
2761 1084 3422 1165 Gongregationum,
3469 1096 3533 1148 et

535 1197 1020 1274 cuiuscumque
1061 1195 1454 1275 dignitatis,
1494 1198 1567 1258 et
1614 1193 2219 1274 praeeminentiae,
2258 1197 2385 1257 aut
2431 1193 2671 1271 quovis
2720 1193 3101 1272 privilegio,
3144 1198 3219 1256 et
3258 1193 3534 1256 indulto

538 1304 866 1382 munitos,
914 1303 1033 1382 qui
1070 1304 1365 1382 aliquem
1414 1302 1900 1382 poenitentem,
1940 1317 2400 1380 quaecumque
2439 1316 2734 1380 persona
2779 1300 2906 1363 illa
2942 1300 3061 1379 sit,
3102 1302 3211 1363 vel
3251 1302 3337 1362 in
3376 1304 3530 1364 actu

538 1410 1059 1475 sacramentalis
1098 1410 1549 1474 confessionis
1619 1411 1723 1473 vel
1796 1413 1984 1488 ante,
2026 1410 2131 1473 vel
2181 1407 2575 1472 immediate
2637 1413 2797 1489 post
2858 1409 3394 1487 contessionem,
3438 1409 3532 1472 vel

537 1519 914 1597 occasione,
947 1522 1076 1581 aut
1102 1522 1465 1598 praetextu
1497 1516 1975 1598 confessionis,
2008 1517 2111 1581 vel
2144 1515 2354 1580 etiam
2386 1520 2585 1580 extra
2618 1516 3038 1580 occasionem
3078 1517 3535 1580 confessionis

538 1629 611 1689 in
652 1625 1162 1704 confessionali,
1210 1626 1351 1688 sive
1394 1627 1469 1687 in
1512 1625 1653 1689 alio
1705 1625 1856 1688 loco
1897 1626 1988 1688 ad
2038 1624 2503 1688 confessiones
2553 1625 2935 1688 audiendas
2974 1623 3363 1702 destinato,
3420 1631 3532 1687 aut

538 1734 777 1813 electo,
806 1751 960 1796 cum
992 1734 1430 1797 simulatione
1458 1732 1785 1796 audiendi
1813 1732 2064 1796 ibidem
2095 1732 2612 1808 confessionem,
2645 1733 2735 1795 ad
2766 1732 3152 1810 inhonesta,
3194 1737 3273 1795 et
3302 1732 3532 1812 turpis

540 1840 941 1920 sollicitare,
975 1842 1076 1904 vel
1108 1856 1498 1919 provocare,
1532 1840 1674 1903 sive
1703 1839 1950 1918 verbis,
1983 1840 2125 1904 sive
2157 1839 2398 1919 signis,
2439 1840 2580 1904 sive
2613 1840 2922 1916 nutibus,
2956 1839 3099 1903 sive
3131 1844 3373 1917 tactu,
3404 1840 3531 1902 sive

544 1955 667 2016 1³01·
702 1948 1142 2027 scripturam,
1187 1951 1313 2011 aut
1356 1951 1523 2011 tunc
1566 1950 1695 2010 aut
1744 1951 1904 2028 post
1943 1948 2322 2027 legendam,
2377 1948 2822 2026 tentaverint,
2877 1952 3003 2011 aut
3041 1964 3202 2010 cum
3255 1947 3371 2012 eis
3408 1946 3528 2009 illi-

545 2045 745 2123 citos,
798 2060 869 2110 et
918 2055 1317 2119 inhonestos
1368 2071 1737 2134 sermones,
1792 2055 1898 2119 vel
1950 2059 2302 2119 tractatus
2349 2056 2717 2119 temerario
2768 2072 2942 2117 ausu
3005 2055 3416 2129 habuerint3
3464 2061 3526 2118 et

543 2137 713 2229 4⁰0⁸
748 2152 819 2215 in
855 2154 1091 2231 aliquo
1121 2181 1205 2227 ex
1240 2163 1631 2225 huiusmodi
1667 2163 1957 2226 nefariis
1999 2162 2389 2226 excessibus
2421 2160 2801 2241 culpabiles
2846 2162 3255 2240 repererint,
3310 2164 3388 2224 in
3429 2180 3530 2225 eos

543 2276 668 2338 9¹⁸0
715 2261 1080 2324 crim-imni!
1130 2269 1468 2340 qualitate
1505 2275 1578 2335 et
1624 2270 2193 2348 circumstantiis,
2241 2286 2469 2335 severe
2512 2270 3091 2345 animadvertant,
3138 2287 3270 2349 per
3310 2269 3529 2333 condi-

540 2383 714 2446 gnas
761 2386 1038 2447 poenas,
1099 2369 1297 2433 iuxta
1344 2382 1788 2441 memoratam
1836 2378 2153 2458 Gregorii
2201 2378 2756 2442 Praedecessoris
2803 2377 3043 2441 Nostri
3090 2374 3529 2441 constimtio·

542 2492 717 2554 nem,
750 2493 953 2554 quam
982 2477 1093 2539 hic
1120 2478 1203 2540 de
1233 2478 1435 2541 verbo
1464 2478 1554 2542 ad
1585 2480 1862 2543 verbum
1902 2496 2030 2558 pro
2053 2479 2320 2544 inserta
2354 2485 2589 2549 haberi
2626 2485 2977 2548 volumus:
3014 2486 3269 2549 dantes
3301 2487 3527 2558 etiam,

545 2581 604 2643 si
633 2599 807 2661 opus
844 2583 961 2663 sit,
993 2588 1066 2648 et
1096 2602 1336 2648 rursus
1368 2586 1813 2650 concedentes
1843 2587 2273 2665 facultatem,
2309 2605 2396 2651 ne
2428 2586 2751 2650 delictum
2792 2592 2936 2651 tam
2970 2605 3270 2663 enorme,
3310 2595 3389 2655 et
3418 2591 3528 2651 Ec·

542 2690 788 2754 clesiae
821 2691 949 2755 Dei
987 2691 1422 2771 iniuriosum,
1464 2697 1837 2773 remaneat,
1870 2696 1956 2758 ob
1989 2695 2471 2773 probationum
2505 2696 2869 2774 defectum,
2910 2696 3367 2774 impunitum,
3401 2701 3525 2759 iam

541 2800 717 2861 alias
752 2798 826 2859 in
864 2799 1183 2878 praefata
1217 2801 1712 2867 constitutione
1756 2802 2118 2881 tributam,
2158 2804 2563 2882 procedendi
2603 2821 2755 2866 cum
2792 2803 3090 2867 testibus
3131 2803 3358 2867 etiam
3406 2806 3528 2867 sin·

538 2904 920 2984 gumi-ibus,
973 2907 1338 2971 dummodo
1378 2910 1990 2989 praesumptiones,
2031 2910 2296 2976 indicia
2332 2917 2401 2977 et
2442 2911 2582 2975 alia
2623 2910 3046 2975 adminicula
3083 2916 3526 2976 concurrant.

725 3014 756 3090 fi
802 3015 863 3075 2.
913 3014 1350 3079 Meminerint
1395 3021 1749 3094 praeterea
1794 3035 2028 3082 omnes
2078 3025 2150 3084 et
2204 3020 2458 3099 singuli
2503 3020 2890 3084 sacerdotes
2933 3020 3021 3083 ad
3065 3020 3533 3083 confessiones

539 3121 918 3185 audiendas
970 3123 1362 3201 constituti,
1408 3126 1627 3189 teneri
1671 3144 1743 3190 se
1786 3143 1866 3189 ac
1912 3125 2228 3206 obligari,
2278 3145 2437 3201 suos
2486 3129 2936 3207 poenitentes,
2985 3145 3157 3206 quos
3212 3130 3531 3192 noverint

542 3227 757 3293 fuisse
794 3230 881 3292 ab
916 3230 1102 3295 aliis.
1140 3236 1220 3295 ut
1266 3248 1500 3310 supra,
1540 3232 1977 3311 sollicitatos,
2018 3233 2258 3297 sedulo
2293 3252 2587 3312 mouere,
2627 3236 2823 3297 iuxta
2872 3235 3388 3298 occurrentium
3427 3253 3528 3298 ω·

539 3353 736 3398 suum
771 3338 1356 3417 circumstantias,
1393 3338 1477 3402 de
1514 3339 1933 3420 obligatione
1987 3340 2446 3404 denunciandi
2516 3343 3079 3420 Inquisitoribus,
3150 3344 3298 3407 sive
3361 3342 3529 3406 loco-

539 3461 688 3505 rum
717 3442 1110 3507 Ordinariis
1138 3445 1535 3523 praedictis,
1570 3463 1953 3526 personam,
1988 3464 2159 3526 quae
2195 3447 2752 3512 sollicitationem
2779 3450 3223 3528 commiserit,
3252 3451 3528 3514 etiamsi

538 3552 856 3614 sacerdos
895 3552 1013 3630 sit,
1058 3553 1173 3631 qui
1224 3553 1701 3618 iurisdictione
1742 3555 1830 3618 ad
1883 3555 2381 3620 absolutionem
2433 3557 2658 3620 valide
2697 3557 3220 3636 impertiendam
3264 3566 3526 3623 calcat,

537 3663 662 3721 aut
697 3660 1100 3723 sollicitatio
1136 3661 1322 3724 inter
1356 3662 1874 3742 confessarium,
1921 3668 1995 3728 et
2030 3665 2487 3742 poenitentem
2524 3670 2765 3729 mutua
2802 3666 3038 3742 fuerit,
3088 3667 3233 3729 sive
3276 3665 3528 3729 sollici·

536 3766 788 3827 tationi
822 3767 1176 3844 poenitens
1205 3770 1651 3847 consenserit,
1694 3771 1833 3834 sive
1869 3788 2272 3834 consensum
2306 3772 2584 3835 minime
2622 3773 3075 3850 praestiterit,
3111 3773 3217 3835 vel
3250 3772 3526 3852 longum

532 3877 807 3951 tempus
836 3878 992 3951 post
1025 3876 1246 3953 ipsam
1279 3876 1834 3956 sollicitationem
1865 3878 2006 3940 iam
2035 3878 2388 3955 effluxerit,
2420 3885 2545 3942 aut
2574 3880 2976 3943 sollicitatio
3003 3898 3048 3942 a
3074 3880 3525 3944 confesmrio.

535 3996 669 4041 non
708 3997 831 4058 pro
872 3998 943 4044 se
974 3983 1148 4059 ipso,
1186 3985 1300 4046 sed
1331 4001 1455 4061 pro
1502 3983 1645 4046 alia
1686 3997 1981 4063 persona
1998 3991 2280 4065 peracta
2310 3986 2544 4083 tuerit.
2581 3985 2883 4049 caveant
2924 3987 3213 4063 insuper
3243 3987 3521 4065 diligen·

534 4091 643 4151 ter
680 4088 1110 4168 confessarii,
1153 4109 1238 4153 ne
1287 4091 1820 4170 poenitentibus,
1866 4110 2035 4171 quos
2084 4093 2403 4158 noverint
2450 4094 2587 4156 iam
2629 4094 2715 4156 ab
2755 4094 2896 4156 alio
2937 4092 3385 4173 sollicitatos,
3427 4112 3522 4156 sa·

532 4196 1016 4260 oramentalem
1051 4196 1547 4261 absolutionem
1576 4199 2006 4279 impertiant,
2037 4202 2173 4263 nisi
2208 4202 2402 4280 prius
2481 4201 3072 4264 denunciationem
3105 4202 3528 4278 praedicam

532 4304 619 4365 ad
651 4303 964 4367 effectum
998 4305 1468 4384 perducentes,
1502 4305 2005 4385 delinquentem
2040 4308 2499 4372 indicaverint
2529 4311 2942 4389 competenti
2980 4309 3226 4383 iudici,
3261 4310 3371 4372 vel
3401 4307 3526 4370 ω·

532 4414 668 4473 tem
704 4428 797 4485 se,
834 4431 986 4475 cum
1022 4413 1317 4492 primum
1360 4417 1709 4494 poterunt,
1754 4415 2108 4479 delaturos
2144 4417 2527 4495 spondeant
2568 4433 2647 4478 ac
2684 4416 3121 4494 promittant.

721 4519 750 4594 ξ
789 4520 851 4581 3.
903 4523 996 4583 Et
1032 4521 1352 4598 quoniam
1388 4522 1681 4597 imurobi
1720 4523 1991 4601 quidem
2028 4523 2336 4587 homines
2372 4522 2836 4601 reperiuntur,
2878 4522 2994 4600 qui
3045 4521 3151 4585 vel
3195 4524 3382 4591 odio.
3423 4524 3522 4585 vel

533 4626 663 4703 ira,
708 4627 810 4688 vel
846 4627 985 4690 alia
1028 4628 1313 4707 indigna
1346 4644 1556 4691 causa
1589 4630 1934 4708 commoti,
1972 4629 2075 4694 vel
2118 4631 2409 4693 aliorum
2445 4631 2678 4709 impiis
2712 4629 3177 4707 suasionibus,
3215 4635 3347 4693 aut
3377 4646 3521 4708 pro

532 4732 793 4811 missis,
819 4738 945 4797 aut
975 4734 1358 4801 blanditiis.
1401 4738 1525 4798 aut
1557 4735 1787 4814 minis,
1822 4742 1949 4802 aut
1979 4738 2120 4801 alio
2152 4738 2388 4815 quovis
2422 4739 2622 4801 modo
2661 4737 2965 4813 incitati,
3002 4736 3367 4800 tremendo
3396 4733 3522 4795 Dei

530 4839 789 4903 iudicio
837 4842 1256 4919 posthabito,
1310 4846 1381 4906 et
1428 4843 1779 4908 Ecclesiae
1827 4847 2248 4910 auctoritate
2294 4847 2710 4923 contempta,
2765 4844 3088 4907 innoxios
3134 4841 3526 4905 sacerdotes

530 4949 715 5023 apud
757 4948 1255 5013 ecclesiasticos
1296 4950 1558 5014 iudices
1599 4951 1782 5017 falso
1812 4952 2330 5018 sollicitationis
2359 4951 2806 5015 insimulant:
2852 4955 2936 5014 ut
2976 4951 3203 5029 igitur
3237 4953 3381 5012 tam
3413 4965 3522 5011 ne·

531 5054 714 5117 faria
748 5055 1066 5132 audacia,
1101 5060 1173 5120 et
1208 5060 1352 5119 tam
1387 5059 1794 5123 detestabile
1835 5059 2113 5123 facinus
2147 5063 2332 5123 metu
2377 5058 2878 5137 magnitudinis
2922 5072 3186 5135 poenae
3224 5072 3519 5120 coerces·

533 5165 672 5239 tur,
708 5178 1165 5241 quaecumque
1199 5178 1514 5241 persona,
1547 5183 1720 5245 quae
1749 5165 2153 5230 exsecrabili
2189 5165 2577 5230 huiusmodi
2618 5165 2886 5247 flagitio
2917 5183 2991 5229 se
3027 5161 3520 5243 inquinaverit,

1495 5601 3621 5692 ὴ-
