3753 5871
495 243 640 286 Lxrv
1629 231 1825 281 Oodeoe
1871 230 1903 280 1
1906 230 2033 282 urie
2074 231 2354 281 canonici

789 413 908 490 II.
957 412 1263 491 Sacrae
1315 415 1752 492 Romanae
1797 362 2511 517 Congregationes
2552 435 2780 492 nova
2823 416 3179 494 Decreta
3220 415 3484 492 Gene-

500 554 715 630 ralia
761 556 1170 635 iamnunc
1206 580 1309 634 ne
1357 555 1659 647 ferant,
1724 556 1897 635 m‘si·
1954 579 2127 658 qua
2186 558 2475 660 gravis
2549 559 2969 637 Ecclesiae
3038 560 3487 639 universae

501 698 960 776 nenessitas
986 699 1224 776 aliud
1254 699 1637 777 suadeat.
1673 699 2227 777 ordinarium
2253 699 2518 801 igitur
2543 722 2838 778 earum
2864 723 3181 780 munus
3206 700 3299 778 in
3329 701 3492 780 hoc

500 861 800 940 genere
827 842 990 919 erit
1013 844 1199 919 tum
1234 863 1528 919 curare
1555 844 1651 920 ut
1688 839 2023 920 Codicis
2050 842 2576 943 praescripta
2603 841 2986 943 religiose
3021 845 3488 932 serventur,

502 982 687 1058 'tum
731 984 778 1058 I
781 981 1374 1075 nstv-actiones,
1417 985 1490 1061 si
1525 1004 1655 1061 res
1692 982 1931 1072 ferat,
1973 982 2237 1072 edere,
2277 1004 2500 1083 quae
2531 982 2838 1061 iisdem
2883 982 3217 1063 Codicis
3254 1005 3491 1085 prae-

501 1123 768 1225 ceptis
818 1125 1230 1202 maiorem
1270 1128 1356 1203 et
1394 1124 1672 1203 lucem
1725 1125 2091 1203 afferant
2128 1128 2212 1203 et
2263 1124 2795 1203 efficientiam
2840 1124 3204 1225 pariant.
3250 1124 3489 1202 Eius·

506 1266 738 1343 modi
794 1289 993 1344 vero
1051 1266 1567 1345 documenta
1609 1267 1730 1344 sic
1775 1265 2363 1356 conficiantur,
2417 1270 2516 1346 ut
2561 1288 2734 1344 non
2784 1265 3036 1344 modo
3084 1265 3283 1356 sint,
3341 1266 3491 1345 sed

504 1413 976 1512 appareant
1009 1411 1271 1488 etiam
1308 1412 1556 1510 quasi
1600 1411 2025 1510 quaedam
2059 1411 2705 1514 explanationes
2751 1415 2837 1490 et
2874 1412 3498 1511 complementa

503 1574 951 1643 canonum,
993 1554 1141 1653 qui
1185 1552 1503 1631 idcirco
1551 1554 1641 1630 in
1683 1553 2387 1632 documentorum
2428 1554 2830 1631 contextu
2869 1555 3497 1654 peropportune

504 1695 987 1773 afferentur.

815 1838 980 1914 ΙΙΙ.
1040 1836 1130 1916 Si
1173 1825 1545 1940 quando,
1596 1837 1957 1915 decursu
2003 1841 2511 1936 temporum,
2566 1835 3014 1915 Ecclesiae¹
3046 1837 3500 1915 universae

512 1981 833 2060 bonum
866 1981 1359 2084 postulabit,
1396 1985 1494 2070 ut
1521 2003 1844 2060 novum
1872 1983 2262 2083 generale
2301 1983 2734 2061 decretum
2772 1982 2881 2061 ab
2912 1982 3210 2083 aliqua
3235 1981 3503 2060 Sacra

514 2126 1182 2228 congregatione
1224 2126 1667 2218 condatur,
1718 2151 1817 2207 ea
1867 2127 2058 2229 ipsa
2102 2129 2535 2208 decretum
2578 2127 2998 2219 conficiat,
3057 2129 3287 2228 quod
3330 2127 3401 2207 si
3445 2151 3504 2206 a

514 2271 849 2351 Codicis
901 2272 1450 2374 praescriptis
1513 2273 1992 2364 dissentiat,
2053 2273 2509 2352 Summum
2562 2273 3063 2352 Pontificem
3120 2274 3224 2351 de
3278 2272 3499 2352 eius-

515 2418 747 2496 modi
780 2417 1356 2517 discrepantia
1387 2420 1755 2497 moneat.
1806 2420 2259 2498 Decretum
2294 2420 2610 2509 autem,
2653 2442 2705 2498 a
2749 2418 3158 2497 Pontifice
3197 2419 3501 2519 adpro-

515 2563 840 2652 batum,
897 2563 1196 2641 eadem
1252 2561 1510 2641 Sacra
1557 2562 2116 2665 Congregatio
2164 2564 2273 2642 ad
2322 2562 2794 2642 Consilium
2846 2562 3196 2653 deferat,
3250 2560 3503 2641 cuius

510 2707 699 2798 erit,
751 2708 863 2785 ad
921 2707 1237 2785 decreti
1285 2706 1824 2797 sententiam,
1881 2731 2293 2787 canonem
2343 2709 2478 2784 vel
2530 2730 2896 2786 canones
2948 2707 3350 2809 redigere.
3407 2706 3504 2784 Si

510 2853 944 2930 decretum
976 2875 1030 2930 a
1057 2850 1576 2955 praescripto
1610 2852 1945 2959 Codicis
1980 2852 2422 2954 discrepet,
2467 2850 2938 2929 Consilium
2973 2849 3292 2929 indice-t
3325 2849 3505 2927 cui-

510 3021 711 3076 nam
742 2999 1076 3077 Codicis
1103 2998 1270 3099 legi
1296 3019 1517 3078 nova
1546 2997 1685 3075 lex
1711 2996 2203 3077 sufficienda
2224 2996 2354 3086 sit;
2386 2997 2577 3074 siin
2606 2997 2946 3108 decreto
2966 3020 3096 3075 res
3122 2994 3511 3073 vertetur

511 3141 614 3219 de
651 3162 822 3242 qua
855 3141 1140 3219 Codex
1170 3140 1438 3232 sileat,
1481 3138 1955 3218 Consilium
1995 3139 2463 3231 constituat
2499 3161 2669 3241 quo
2706 3138 2887 3217 loco
2920 3158 3194 3215 novus
3227 3158 3508 3215 canon

508 3285 644 3361 vel
678 3285 879 3361 novi
914 3306 1278 3362 canones
1307 3285 1604 3363 sintin
1641 3283 2038 3362 Codicem
2067 3281 2522 3380 inserendi,
2556 3302 2909 3360 numero
2939 3280 3312 3368 canonis,
3352 3280 3507 3379 qui

513 3424 896 3522 proxime
945 3425 1391 3516 antecedit,
1430 3421 1584 3518 bis,
1638 3433 1766 3501 ter
1800 3429 1953 3503 etc.
2003 3425 2383 3525 repetit0,
2435 3447 2539 3501 ne
2581 3444 2854 3501 canon
2898 3421 3098 3499 sede
3131 3444 3291 3499 sua
3329 3441 3505 3497 mo·

513 3569 819 3645 veatur
869 3567 1098 3645 ullus
1144 3573 1297 3647 aut
1340 3590 1890 3646 numerorum
1947 3567 2202 3645 series
2245 3587 2587 3666 quoquo
2632 3568 2879 3666 pacto
2935 3563 3502 3665 perturbetur.

518 3714 753 3807 Quae
800 3713 1110 3805 omnia,
1167 3712 1459 3792 statim
1521 3717 1714 3814 post
1768 3713 2073 3791 Sacrae
2127 3709 2826 3812 Con-gregationis
2879 3710 3353 3796 Decretum,
3405 3705 3506 3783 in

515 3859 735 3932 Acta
771 3856 1309 3955 Apostolicae
1345 3856 1586 3933 Sedis
1624 3856 2123 3933 referantur.

719 4000 953 4095 Quae
992 4000 1251 4080 Nobis
1315 4002 1713 4080 videmur
1771 4001 2100 4079 utiliter
2161 4003 2251 4078 in
2315 4001 2477 4078 hac
2546 4022 2803 4079 causa
2861 3999 3353 4089 decrevisse,
3405 4020 3512 4074 ea

516 4144 806 4221 omnia
840 4148 927 4222 et
963 4143 1322 4244 singula,
1369 4144 1499 4221 uti
1535 4143 1873 4220 decreta
1910 4146 2133 4232 sunt,
2180 4141 2305 4219 ita
2342 4143 2529 4219 rata
2574 4144 2660 4219 et
2695 4140 2941 4218 firma
2978 4161 3158 4217 esse
3204 4142 3290 4217 et
3325 4157 3504 4215 ma-

516 4308 715 4365 nere
757 4285 1161 4368 volumus
1204 4307 1306 4364 ac
1346 4283 1781 4363 iubemus:
1849 4282 2299 4363 contrariis
2346 4305 2517 4361 non
2576 4280 3114 4359 obstantibus
3159 4277 3506 4379 quihus-

514 4427 742 4506 libet.

721 4572 1039 4648 Datum
1065 4570 1385 4648 Romae
1417 4570 1646 4669 apud
1674 4569 2082 4647 Sanctum
2107 4570 2462 4647 Petrum
2485 4568 2622 4645 die
2649 4589 2755 4643 xv
2789 4566 3112 4644 mensis
3131 4565 3502 4664 Septem-

521 4714 693 4790 bris
727 4734 951 4790 anno
987 4733 1519 4802 Moccccxvn,
1564 4714 2125 4793 Pontificatus
2160 4715 2443 4793 Nostri
2476 4717 2807 4815 quarto,

1417 5067 1640 5151 BEN
1653 5068 2148 5156 EDICTUS
2226 5069 2394 5153 ΡΡ.
2446 5068 2609 5152 XV
