3753 5871
1388 282 1562 334 Uber
1589 280 1826 333 reo-uu
1854 309 1874 321 ·
1904 284 1993 335 Do
2020 282 2218 336 Rebus
3199 290 3310 348 366

494 472 530 555 ξ
575 471 642 539 3.
692 471 990 540 Nemini
1030 471 1207 541 licet
1255 473 1800 540 sanctissimam
1840 466 2395 543 Eucharistiam
2448 476 2646 561 apud
2693 496 2770 545 se
2813 476 3131 547 retinere
3173 485 3308 546 aut

308 597 554 648 secum
591 580 674 653 in
701 579 970 648 itinere
999 580 1288 649 deferre
1333 581 1385 650 ².

1584 722 1763 790 cm.
1812 722 2011 791 1266.

484 862 861 931 Ecclesiae
899 863 980 932 in
1028 863 1295 949 quibus
1331 865 1800 933 sanctissima
1850 865 2332 935 Eucharistia
2370 871 2823 953 asservatur,
2869 868 3307 954 praesertim

313 973 788 1057 paroeciales,
830 973 1161 1060 quotidie
1194 992 1325 1059 per
1367 974 1656 1061 aliquot
1692 975 1957 1043 saltem
1993 975 2216 1044 horas
2252 975 2594 1045 fidelibus
2628 981 2952 1061 pateant·
2976 977 3029 1046 ².

1583 1187 1761 1256 cm.
1811 1189 2008 1257 1267.

488 1327 860 1399 Revocato
888 1328 1215 1414 quolibet
1244 1330 1626 1398 contrario
1651 1331 2067 1415 privilegio,
2102 1332 2181 1398 in
2212 1331 2379 1415 ipsa
2409 1332 2757 1416 religiosa
2791 1332 2907 1400 vei
2937 1333 3066 1417 pia
3094 1332 3311 1400 domo

315 1436 787 1506 sanctissima
817 1438 1295 1508 Eucharistia
1326 1440 1691 1508 custodiri
1725 1440 2009 1526 nequit,
2047 1441 2195 1509 nisi
2225 1442 2341 1509 vel
2374 1442 2456 1509 in
2497 1441 2805 1509 ecclesia
2837 1442 2954 1510 vel
2994 1443 3075 1508 in
3108 1442 3304 1527 prin·

311 1547 541 1633 cipali
577 1550 925 1634 oratori03
963 1567 1094 1617 uec
1131 1550 1326 1634 apud
1369 1550 1726 1618 moniales
1765 1552 1969 1619 intra
2004 1552 2309 1619 chorum
2356 1552 2471 1620 vel
2510 1556 2723 1636 septa
2759 1553 3191 1620 monasterii
3214 1551 3267 1618 ³.

1584 1764 1761 1831 cm.
1811 1716 2008 1831 1268.

495 1902 530 1985 5
577 1907 644 1971 1.
696 1904 1185 1976 sanctissima
1217 1905 1695 1974 Eucharistia
1724 1907 2083 1975 continuo
2120 1925 2248 1975 seu
2282 1907 2768 1975 habitualiter
2798 1905 3163 1974 custodiri
3195 1925 3310 1974 ne-

317 2013 506 2098 quit,
546 2015 694 2082 nisi
726 2015 806 2081 in
842 2034 991 2083 uno
1032 2020 1327 2084 tantum
1362 2016 1688 2084 eiusdem
1732 2016 2083 2084 ecclesiae
2121 2016 2350 2084 altari
2385 2017 2440 2084 ⁴.

494 2122 528 2205 §
574 2122 643 2189 2.
694 2124 1184 2193 custodiatur
1230 2126 1310 2192 in
1355 2126 2063 2211 praecellentissimo
2120 2144 2208 2193 ac
2254 2126 2715 2193 nobilissimo
2759 2125 3109 2193 ecclesiae
3155 2126 3318 2193 loco

318 2252 407 2300 ac
443 2235 753 2318 proinde
799 2235 1244 2318 regulariter
1278 2237 1357 2303 in
1406 2237 1635 2304 altari
1670 2237 1973 2313 maiore,
2015 2236 2163 2304 nisi
2208 2235 2417 2305 aliud
2454 2236 2918 2305 venerationi
2961 2240 3039 2304 et
3074 2235 3315 2303 cultui

318 2345 516 2411 tanti
559 2346 1007 2413 sacramenti
1055 2346 1510 2414 commodius
1548 2350 1626 2416 et
1666 2347 2050 2415 decentius
2092 2345 2459 2429 videatur,
2516 2350 2812 2414 servato
2854 2344 3316 2429 praescripto

322 2454 564 2539 legum
634 2455 1154 2540 liturgicarum
1228 2456 1421 2540 quod
1480 2456 1575 2523 ad
1644 2457 1949 2524 ultimos
2028 2455 2188 2523 dies
2260 2456 2758 2524 hebdomadae
2826 2456 3131 2522 maioris
3207 2460 3312 2521 at·

326 2564 518 2633 tinet
561 2563 614 2631 ⁸.
1828 2614 1834 2619 -

498 2672 532 2755 §
577 2646 646 2739 3.
699 2672 844 2740 Sed
874 2673 954 2740 in
986 2672 1314 2741 ecclesiis
1350 2673 1930 2757 cathedralibus,
1966 2674 2382 2756 collegiatis
2421 2678 2556 2742 aut
2585 2672 3198 2741 conventualibus
3238 2672 3316 2738 in

322 2780 589 2866 quibus
625 2783 721 2850 ad
759 2783 999 2851 altare
1036 2784 1277 2850 maius
1320 2784 1657 2851 chorales
1690 2784 2116 2852 functiones
2156 2784 2681 2868 persolvendae
2719 2788 2922 2866 sunt,
2966 2801 3057 2850 ne
3095 2783 3313 2850 eccle-

321 2892 646 2961 siasticis
680 2892 937 2962 officiis
968 2894 1574 2979 impedimentum
1614 2894 2002 2978 afferatur,
2039 2898 2540 2980 opportunum
2580 2898 2695 2963 est
2729 2900 2815 2963 ut
2846 2891 3320 2962 sanctissima

323 3002 800 3071 Eucharistia
845 3005 1289 3089 regulariter
1322 3023 1468 3072 non
1512 3005 1984 3073 custodiatur
2018 3006 2098 3072 iu
2132 3005 2362 3073 altari
2398 3005 2700 3087 maiore,
2741 3003 2868 3071 sed
2903 3004 2982 3070 in
3020 3003 3173 3071 alio
3206 3021 3314 3070 sa·

318 3111 508 3182 cello
547 3132 677 3182 seu
717 3115 948 3182 altari
980 3115 1032 3182 ⁸.

498 3221 532 3304 ξ
578 3223 646 3289 4.
696 3223 981 3291 cnrent
1015 3225 1489 3292 ecclesiarum
1537 3228 1858 3292 rectores
1895 3229 1980 3292 ut
2023 3224 2264 3292 altare
2301 3225 2379 3290 in
2420 3242 2567 3309 quo
2599 3223 3148 3291 sanctissimum
3191 3222 3314 3290 Sa·

320 3335 782 3400 cramentum
821 3339 1250 3401 asservatur
1293 3335 1394 3402 sit
1437 3352 1618 3418 prae
1657 3334 1997 3402 omnibus
2040 3333 2213 3401 aliis
2265 3336 2638 3416 ornatum,
2684 3333 2794 3399 ita
2850 3337 2934 3399 ut
2978 3351 3113 3399 suo
3154 3332 3328 3417 ipso.

319 3446 693 3526 apparatu
726 3443 963 3526 magis
995 3450 1283 3512 moveat
1316 3444 1645 3512 fidelium
1677 3444 2030 3529 pietatem
2073 3462 2160 3510 ac
2192 3443 2651 3510 devotionem
2678 3442 2730 3510 ⁷.

324 3751 473 3815 1646:
500 3751 676 3803 Urbis
701 3756 761 3804 et
791 3751 983 3811 oruc,
1011 3752 1078 3804 12
1103 3752 1222 3804 ian.
1253 3753 1402 3815 1⁷04,
1438 3753 1519 3805 ad
1549 3752 1631 3815 263
1659 3751 1999 3812 Hivernen„
2029 3752 2063 3805 8
2088 3755 2264 3804 mart.
2294 3750 2445 3813 1879,
2475 3751 2555 3804 ad
2593 3751 2708 3813 111;
2737 3750 3042 3810 Batonem„
3080 3752 3145 3802 14
3175 3749 3320 3801 maii

324 3844 473 3906 1889,
513 3846 592 3898 ad
641 3846 692 3907 Ι,
733 3846 815 3908 113
864 3846 1022 3899 Ordo
1062 3845 1389 3898 servandus
1429 3847 1491 3897 in
1531 3844 1590 3898 8.
1634 3845 2219 3907 congregationibus,
2263 3845 2707 3905 Tribunalibus,
2753 3843 2971 3896 Officiis
3021 3844 3322 3894 Romanae

325 3938 561 3998 curiae,
590 3939 657 3992 29
681 3941 829 3999 sept.
858 3939 1008 3999 1908,
1037 3939 1188 3991 Pars
1218 3936 1300 3999 11,
1328 3937 1582 3991 Normae
1608 3937 1956 3999 peculiares,
1991 3949 2120 3999 cap.
2156 3938 2292 3999 VII,
2325 3940 2441 3990 art.
2475 3937 2591 3997 111,
2621 3950 2679 3989 n.
2710 3938 2819 3998 10⁰,
2850 3948 2907 3997 a,
2944 3949 3004 3987 n.
3036 3937 3145 3995 11⁰,
3177 3937 3230 3987 b.

506 4032 528 4067 ¹
567 4031 924 4084 Benedictus
968 4032 1121 4093 xlv,
1155 4035 1342 4084 const.
1384 4047 1417 4083 ι
1459 4031 1594 4083 Elei
1631 4029 1954 4091 pastoralia
1989 4045 2039 4091 ι,
2078 4030 2144 4081 26
2179 4031 2325 4082 mall
2363 4030 2512 4090 1742,
2558 4031 2586 4092 ς
2634 4031 2737 4091 VI,
2776 4043 2836 4081 n.
2870 4030 3004 4091 V113
3043 4028 3102 4081 S.
3142 4028 3207 4080 c.
3249 4027 3322 4078 de

327 4125 498 4185 Pron.
539 4125 703 4188 Fide,
745 4127 864 4182 litt.
902 4127 1121 4187 encycl.
1159 4125 1226 4177 25
1261 4125 1411 4177 tebr.
1444 4125 1592 4186 185ae
1627 4125 1799 4176 lustr.
1857 4123 1962 4183 (ad
2003 4124 2127 4176 vic.
2169 4125 2278 4184 Ap.
2320 4123 2546 4176 Indiar.
2586 4123 2860 4183 orient.),
2899 4121 2933 4173 8
2971 4125 3118 4182 sept.
3169 4120 3318 4181 1869,

280 4230 382 4294 ἰι.
420 4219 503 4281 60;
536 4217 708 4271 instr.
755 4219 821 4271 31
868 4219 971 4271 iul.
1010 4218 1159 4280 1902,
1197 4230 1256 4270 ιι.
1293 4218 1344 4270 6.

504 4315 532 4351 ²
568 4311 627 4364 Β.
660 4310 730 4363 Β.
764 4311 851 4373 0.,
885 4311 1191 4371 Batonem,
1222 4311 1288 4363 14
1317 4312 1462 4363 maii
1491 4312 1642 4373 1889,
1676 4311 1755 4364 ad
1786 4312 1903 4373 111;
1944 4310 2435 4370 Οοηιροειοιῑαπα,
2472 4310 2538 4362 15
2570 4322 2702 4361 nov.
2737 4308 2885 4368 1890,
2920 4307 2998 4359 ad
3030 4308 3079 4358 1.

502 4408 530 4444 ³
564 4404 737 4457 conc.
788 4405 1075 4463 Trident..
1125 4417 1269 4456 sess.
1310 4404 1477 4465 XXV,
1518 4406 1589 4455 aa
1628 4405 2021 4465 moulan-ibus,
2058 4416 2109 4456 e.
2150 4405 2232 4465 103
2273 4402 2331 4456 S.
2375 4403 2441 4457 c.
2488 4404 2594 4463 Dp.
2645 4406 2709 4455 et
2746 4403 2910 4462 Reg„
2956 4398 3318 4457 Gracovten„

323 4497 388 4551 23
415 4510 542 4560 apr.
573 4498 722 4560 1616:
751 4498 809 4550 S.
841 4498 907 4550 0.
940 4497 1028 4558 0.,
1063 4496 1407 4557 Gmmlen„
1445 4498 1479 4550 6
1511 4497 1657 4549 mail
1689 4498 1835 4549 1775.

503 4595 533 4631 ⁴
564 4592 622 4644 S.
658 4593 728 4644 R.
773 4592 861 4652 c.,
907 4592 1209 4652 Auamma
1242 4588 1605 4649 Praetoriae,
1640 4591 1705 4642 21
1741 4592 1843 4643 lul.
1880 4591 2028 4651 1696,
2066 4591 2144 4642 ad
2179 4591 2230 4651 33
2266 4590 2472 4642 Sancti
2515 4589 2718 4640 Iacobt
2752 4590 2822 4638 de
2861 4587 3006 4646 (lile,
3041 4589 3107 4639 14
3139 4593 3314 4640 mart.

324 4686 474 4749 1861,
512 4687 591 4738 ad
629 4686 795 4748 X1113
832 4686 1197 4744 (landavam,
1236 4684 1302 4737 18
1340 4686 1483 4737 maii
1523 4684 1671 4745 1878,
1721 4684 1800 4736 ad
1845 4685 1959 4745 1113
1998 4684 2264 4743 Panion„
2305 4683 2370 4735 m
2408 4695 2537 4734 nov.
2580 4682 2729 4742 1880,
2772 4682 2849 4734 ad
2894 4682 2992 4742 1v;
3043 4680 3319 4739 θῆκαι,

322 4780 357 4830 2
395 4779 516 4831 iun.
551 4779 699 4841 1883,
743 4780 822 4832 ad
854 4779 956 4831 vl.
3301 4847 3318 4852 ,

510 4877 536 4910 ⁶
566 4872 625 4925 S.
658 4874 723 4925 0.
759 4874 863 4935 Ep.
896 4876 958 4924 et
985 4873 1149 4934 neg„
1183 4871 1531 4931 ommam,
1560 4873 1594 4925 6
1630 4872 1751 4923 dec.
1789 4872 1937 4933 1594;
1972 4870 2031 4923 S.
2065 4871 2137 4921 R.
2168 4871 2257 4932 0.,
2291 4869 2654 4926 conclavem,
2689 4869 2754 4921 18
2783 4869 2929 4920 mali
2967 4868 3116 4929 1878,
3148 4868 3227 4920 ad
3268 4869 3317 4929 1.

325 4966 406 5029 11;
436 4966 692 5025 Comen..
729 4968 763 5019 9
790 4966 913 5019 dec.
945 4967 1094 5026 1899,
1126 4966 1205 5018 ad
1236 4967 1337 5028 1v;
1369 4964 1878 5026 Anaelopolitana,
1910 4965 1976 5016 26
2004 4977 2131 5026 apr.
2165 4966 2314 5025 1901,
2345 4963 2425 5015 ad
2465 4964 2579 5024 111;
2612 4963 3055 5016 caeremoniale
3088 4961 3322 5021 Episco-

324 5072 469 5122 por„
513 5061 554 5112 1.
602 5061 651 5120 Ι,
696 5071 747 5111 e.
791 5060 894 5121 vl,
940 5072 997 5110 n.
1030 5058 1079 5120 2;
1121 5059 1363 5111 RItuale
1417 5059 1605 5119 Rom„
1655 5060 1750 5111 tlt.
1801 5059 1904 5119 IV.
1950 5069 2000 5110 c.
2033 5060 2084 5119 1,
2130 5059 2203 5109 de
2245 5057 2620 5108 sanctissimo
2668 5053 3082 5106 Eucharistiae
3128 5064 3322 5104 caora-

321 5156 537 5212 mento,
584 5165 642 5204 n.
681 5152 731 5204 6.

501 5248 528 5284 ⁸
568 5246 626 5298 S.
670 5246 735 5297 0.
786 5248 892 5306 lup.
931 5250 992 5298 et
1028 5246 1194 5308 Reg..
1233 5245 1492 5304 Lucana,
1532 5248 1598 5299 10
1636 5246 1784 5298 febr.
1826 5246 1974 5307 1579:
2015 5244 2363 5302 casm-tana,
2402 5244 2436 5296 6
2472 5243 2594 5296 dee.
2636 5244 2783 5303 1594:
2824 5241 2883 5295 S.
2918 5242 2988 5299 Β.
3022 5242 3110 5302 0.,
3152 5239 3321 5290 Sebe-

322 5339 536 5400 καὶαι,
576 5340 610 5392 6
641 5341 789 5391 febr.
833 5339 980 5399 1875:
1013 5339 1454 5393 caeremoniale
1490 5340 1849 5400 Episcopor„
1889 5341 1925 5390 l.
1965 5339 2013 5399 Ι,
2050 5350 2098 5391 c.
2139 5338 2271 5398 XII,
2309 5350 2365 5389 n.
2404 5337 2453 5389 8.

496 5438 523 5474 ’ἱ
564 5434 1006 5487 caeremoniale
1042 5433 1400 5494 Episcopor„
1440 5434 1479 5484 l.
1520 5433 1569 5494 1,
1614 5444 1665 5484 c.
1709 5433 1841 5493 XII,
1882 5446 1939 5485 n.
1972 5432 2024 5493 8,
2064 5432 2146 5484 16.
