3753 5871
549 323 661 382 570
919 384 924 391 ,
1689 327 1887 380 0⁰60·
1932 327 2094 379 lum
2132 327 2414 381 oemio!

733 511 768 595 5
813 511 880 579 3.
934 511 1247 597 Signata
1281 511 1791 581 commissione
1827 519 1903 582 et
1943 513 2266 582 nondum
2313 513 2514 582 edito
2546 514 2843 583 decreto
2875 514 2968 583 de
3006 533 3153 582 non
3196 514 3436 597 cultu,
3469 516 3523 579 si

553 618 965 703 periculum
1015 620 1117 687 sit
1163 638 1253 688 ne
1301 619 1599 704 quidam
1658 621 1937 689 oculati
1985 625 2213 690 testes
2272 622 2569 689 interim
2616 620 2988 704 deficiant,
3036 621 3525 689 concedantur

552 727 811 793 statim
852 726 1151 795 litterae
1186 727 1717 796 remissoriales
1749 729 1845 796 ad
1880 728 2397 797 instruendum
2441 747 2860 814 processum
2897 729 3392 814 apostolicum
3425 747 3523 795 su·

551 849 687 918 per
707 834 1114 903 virtutibus
1135 841 1211 905 et
1232 834 1614 903 miraculis
1645 836 1724 903 in
1748 836 1990 921 specie
2020 837 2135 905 vel
2162 855 2384 921 super
2408 838 2767 923 martyrio
2792 836 3265 921 eiusdemque
3287 854 3524 916 cause,

553 958 645 1008 ne
677 946 986 1027 pereant
1024 943 1519 1027 probationes.

1811 1067 1990 1135 om.
2048 1066 2245 1135 2088.

730 1207 765 1291 5
812 1210 877 1275 1.
928 1209 1257 1278 Litterae
1293 1209 1823 1278 remissoriales
1856 1211 2131 1278 dentur
2164 1211 2259 1279 ad
2306 1211 2627 1298 quinque
2664 1210 2924 1279 saltem
2962 1210 3272 1291 iudices,
3313 1209 3395 1275 in
3437 1227 3529 1276 ec·

549 1314 967 1383 clesiastica
1001 1316 1287 1403 dignita
1302 1321 1396 1399 te,
1432 1319 1497 1386 si
1539 1317 1699 1386 fieri
1734 1322 2005 1402 potest,
2050 1319 2522 1387 constitutos.

729 1422 764 1506 5
810 1422 877 1490 2.
930 1423 1013 1491 Si
1074 1425 1272 1494 inter
1320 1425 1601 1493 iudices
1648 1430 2043 1510 cooptatus
2094 1426 2329 1494 fuerit
2390 1426 2861 1507 ordinarius,
2914 1426 3074 1510 ipse
3126 1425 3529 1509 praesidem

554 1534 752 1616 agat;
803 1548 1012 1599 secus
1066 1550 1361 1615 praeses
1410 1534 1505 1600 ab
1556 1534 1723 1617 ipsa
1787 1533 2018 1601 Sacra
2069 1533 2659 1618 congregatione
2719 1533 3178 1618 designatur;
3229 1531 3527 1617 expedit

549 1642 799 1707 autem
848 1642 933 1707 ut
975 1639 1236 1706 saltem
1282 1658 1577 1725 praeses
1631 1659 1776 1708 non
1823 1642 1924 1709 sit
1967 1641 2158 1712 idem
2202 1642 2331 1710 ille
2385 1642 2510 1726 qui
2554 1641 2885 1727 praefuit
2937 1641 3015 1708 in
3059 1640 3535 1708 informativo

552 1761 900 1829 processu
942 1746 993 1815 ¹.

729 1853 764 1936 ᾗ
810 1853 878 1922 3.
930 1854 1014 1923 Si
1062 1860 1334 1940 agatur
1391 1857 1483 1924 de
1534 1875 1879 1940 processu
1931 1877 2154 1942 super
2205 1858 2612 1940 miraculis,
2679 1858 3102 1926 nominetur
3153 1862 3535 1942 praeterea

550 1978 747 2028 unus
787 1961 1050 2030 saltem
1091 1963 1402 2046 peritus,
1446 1963 1572 2048 qui
1613 1965 2062 2033 sessionibus
2104 1966 2506 2033 tribunalis
2555 1966 2756 2035 adsit
2805 1969 2881 2034 et
2920 1955 3236 2034 iudicem
3286 1983 3536 2051 rogare

549 2067 787 2152 possit
816 2075 902 2138 ut
940 2070 1392 2138 necessarias
1422 2072 2044 2157 interrogationes
2076 2074 2391 2142 testibus
2424 2078 2791 2159 proponat
2829 2073 2925 2143 ad
2957 2073 3316 2140 maiorem
3359 2090 3531 2140 asse

551 2175 914 2258 quendam
952 2177 1340 2245 verborum
1380 2196 1767 2262 rerumque
1806 2180 2251 2248 claritatem.

1818 2352 1997 2420 OAN.
2055 2352 2250 2421 2089.

723 2489 1032 2558 Litteris
1074 2491 1695 2559 remissorialibus
1728 2492 2107 2560 addantur
2144 2494 2554 2579 peculiares
2598 2494 2895 2562 litterae
2931 2493 3403 2561 Promotoris
3435 2510 3534 2579 ge·

544 2596 1069 2772 ggssmuliisaffit
1103 2598 1371 2684 quibus
1408 2599 1594 2667 duos
1636 2600 2261 2684 sub-promotores
2298 2599 2634 2687 designet
2673 2602 2802 2686 qui
2838 2601 2997 2670 eius
3038 2600 3345 2669 nomine
3385 2617 3532 2685 pro

1813 2830 1992 2897 CAN.
2042 2830 2238 2897 2090.

717 2971 1310 3056 Interrogatoria
1353 2970 1848 3041 conficiantur
1892 2991 1938 3040 a
1988 2971 2421 3041 Promotore
2465 2973 2796 3059 generali
2839 2972 3011 3042 fidei
3067 2989 3298 3058 super
3358 2973 3532 3041 obie-

542 3078 916 3146 ctionibus
954 3079 1037 3145 in
1085 3096 1353 3147 causae
1404 3079 1957 3149 introductione
1999 3080 2309 3164 agitatis
2348 3086 2423 3149 et
2465 3098 2689 3167 super
2730 3080 3178 3150 testimoniis
3221 3080 3537 3167 receptis

545 3184 626 3251 in
666 3203 1011 3269 processu
1054 3185 1538 3255 informativo
1574 3187 1664 3255 ad
1704 3205 2037 3255 normam
2069 3206 2236 3256 can.
2275 3186 2474 3271 2050,
2512 3188 2833 3273 itemque
2867 3205 3092 3274 super
3131 3187 3532 3256 extraiudi·

542 3291 859 3360 cialibus
902 3293 1581 3376 informationibus,
1630 3312 1815 3380 quas
1856 3295 2017 3379 ipse
2057 3296 2549 3381 exquirendas
2591 3297 3150 3378 existimaverit,
3199 3296 3535 3365 adhibita

545 3415 831 3485 quoque
867 3417 1093 3484 opera
1135 3400 1387 3485 periti,
1428 3403 1493 3470 si
1527 3402 1619 3472 de
1657 3403 2041 3472 miraculis
2076 3409 2370 3489 agatur.

1816 3580 1995 3647 CAN.
2045 3579 2241 3648 2091.

720 3720 755 3801 ξ
804 3722 869 3786 1.
920 3720 1248 3790 Litterae
1286 3720 1816 3789 remissoriales
1862 3725 2265 3789 tradantur
2299 3739 2568 3789 causae
2608 3720 3055 3807 postulatori
3102 3721 3230 3804 qui
3269 3738 3407 3788 eas
3451 3719 3532 3786 ad

540 3826 960 3913 delegatum
996 3828 1406 3912 praesidem
1447 3828 1848 3896 tribunalis
1886 3829 2502 3897 transmittendas
2537 3832 2772 3897 curet.

717 3935 752 4019 ξ
799 3934 865 4001 2.
916 3936 1087 4005 Una
1125 3937 1349 4005 simul
1398 3936 1801 4005 mittantur
1849 3938 1944 4005 ad
1988 3938 2308 4022 aliquem
2351 3956 2438 4005 ex
2485 3936 3223 4022 sub-promotoribus,
3280 3937 3531 4004 claun

539 4048 617 4112 et
646 4061 792 4110 non
831 4043 1231 4127 aperienda
1266 4044 1411 4111 nisi
1447 4044 1525 4111 in
1564 4047 1739 4112 actu
1771 4045 2158 4127 examinis,
2204 4043 2803 4128 interrogatoria,
2839 4062 3062 4128 super
3102 4043 3381 4128 quibus
3418 4041 3532 4128 qui

539 4150 989 4219 inducentur
1024 4155 1276 4233 testes,
1316 4151 1471 4220 sint
1506 4152 2041 4237 interrogandi.

1814 4310 1993 4379 om.
2040 4310 2236 4378 2092.

712 4449 1006 4519 Iudices
1056 4451 1402 4537 delegati.
1445 4456 1840 4538 antequam
1889 4454 2216 4521 muneris
2256 4450 2574 4522 obeundi
2616 4453 2914 4520 initium
2957 4451 3269 4534 faciant,
3323 4449 3528 4520 Ordi-

539 4558 756 4626 nario
777 4559 1174 4627 ostendant
1198 4560 1493 4628 litteras
1516 4560 2028 4646 delegationis,
2063 4563 2188 4647 qui
2218 4562 2433 4630 debet
2458 4561 2726 4629 eisdem
2764 4564 3142 4645 praestare
3165 4560 3527 4627 auxilium

536 4664 1015 4733 auctoritatis
1059 4683 1257 4734 suae.

1808 4794 1983 4876 ΟΑῌ.
2043 4792 2238 4861 2093.

714 4929 748 5012 ξ
796 4934 862 4997 1.
913 4929 1258 5014 Receptis
1294 4931 1568 5001 litteris
1612 4933 2256 5016 remissorialibus,
2294 4951 2589 5017 praeses
2625 4932 3026 5001 tribunalis
3056 4937 3269 4999 curet
3307 4949 3521 5017 quan-

535 5038 778 5105 tocius
806 5039 1141 5108 tribunal
1172 5057 1573 5110 convocare
1606 5046 1683 5110 et
1724 5060 2099 5126 nunquam
2134 5041 2324 5109 hanc
2358 5041 2951 5111 convocationem
2988 5039 3294 5108 differat
3330 5040 3524 5108 ultra

534 5144 934 5228 trimestre,
971 5147 1117 5213 nisi
1139 5148 1418 5215 iustum
1443 5149 1857 5217 intercedat
1883 5150 2512 5234 impedimentum,
2540 5149 2631 5218 de
2657 5167 2801 5234 quo
2832 5152 3078 5217 tamen
3105 5148 3315 5215 intra
3336 5146 3520 5216 idem

534 5253 828 5335 tempus
875 5255 1177 5322 Sacram
1219 5257 1881 5344 congregationem
1918 5275 2211 5325 monere
2250 5276 2341 5325 ne
2386 5258 2708 5326 omittat.

718 5479 738 5514 ¹
779 5477 835 5532 8.
869 5477 940 5530 Β.
974 5479 1060 5541 O..
1092 5479 1248 5534 decr.
1282 5490 1410 5543 gen.
1442 5478 1508 5532 22
1537 5479 1659 5534 dec.
1693 5478 1842 5540 1870.
1883 5492 1941 5533 n.
1978 5480 2059 5532 11.
