3753 5871
1300 337 1476 388 uber
1505 337 1809 389 sccundus
1851 365 1869 375 ·
1905 339 1992 388 De
2023 338 2296 388 personis
3182 343 3286 401 187

482 529 517 609 ξ
562 527 630 594 2.
680 528 962 595 Vicarii
996 534 1510 613 cooperatores
1541 530 1902 597 constitui
1946 535 2255 613 possunt
2290 530 2442 598 sive
2484 549 2622 615 pro
2655 531 2997 598 universa
3033 550 3281 616 paroe-

298 633 444 717 cia,
492 635 646 703 sive
683 654 821 720 pro
852 637 1345 704 determinata
1382 638 1764 722 paroeciae
1810 642 2048 722 parte.

481 744 515 826 ξ
559 744 628 812 3.
678 745 846 813 Non
868 746 963 813 ad
994 747 1421 830 parochum‚
1449 745 1575 814 sed
1607 747 1703 814 ad
1728 745 1870 814 loci
1901 745 2404 829 ordinarium,
2432 746 2696 814 audito
2720 747 3064 830 parocho,
3093 766 3279 814 com·

296 852 490 934 petit
519 851 638 918 ius
674 852 1106 921 nominandi
1133 854 1450 922 vicarios
1476 857 1991 938 cooperatores
2022 875 2063 922 e
2098 856 2296 922 clero
2327 855 2690 921 saeculari
2728 853 2777 920 ¹.

481 962 515 1044 ξ
561 963 628 1028 4.
677 963 1018 1031 vicarios
1049 968 1562 1048 cooperatores
1608 964 1989 1048 religiosos
2026 964 2380 1048 Superior
2420 964 2542 1030 cui
2577 964 2655 1031 id
2692 983 2779 1030 ex
2816 963 3277 1030 constitutio·

296 1069 519 1136 nibus
553 1071 930 1154 competit,
969 1071 1229 1139 audito
1273 1073 1617 1156 paroch0‚
1660 1075 2090 1156 praesentat
2123 1071 2546 1152 ordinario,
2582 1071 2797 1138 cuius
2843 1075 2956 1137 est
2994 1070 3280 1137 eosdem

289 1179 709 1262 approbare
750 1177 805 1246 ².
3068 1185 3069 1188 ’

475 1287 510 1370 ξ
555 1288 623 1354 5.
672 1288 1020 1356 Vicarius
1063 1293 1498 1372 cooperator
1552 1289 2002 1374 obligatione
2046 1292 2342 1356 tenetur
2385 1288 2464 1353 in
2514 1287 2855 1371 paroecia
2914 1284 3282 1353 residendi

293 1395 700 1463 secundum
741 1400 1029 1483 statuta
1067 1396 1496 1464 dioecesana
1533 1397 1650 1464 vel
1697 1396 2107 1464 laudabiles
2142 1395 2713 1463 consuetudines
2758 1398 2894 1460 a-ut
2931 1393 3283 1477 Episcopi

294 1504 862 1588 praescriptum3
898 1504 1048 1572 imo
1083 1502 1487 1589 prudenter
1528 1508 1739 1572 curet
1778 1503 2247 1584 Ordinarius‚
2287 1503 2382 1570 ad
2420 1520 2750 1570 normam
2795 1519 2960 1568 can.
3004 1501 3156 1583 134,
3197 1508 3283 1566 ut

292 1610 378 1676 iu
411 1610 662 1678 eadem
692 1611 1091 1694 paroeciali
1125 1611 1340 1680 domo
1367 1614 1859 1679 commoretur
1899 1610 1953 1677 ³.

476 1718 508 1800 ξ
555 1718 621 1785 6.
673 1719 858 1786 Eius
888 1719 1057 1785 iura
1092 1725 1167 1787 et
1207 1719 1695 1805 obligationes
1727 1738 1815 1786 ex
1851 1719 2161 1787 statutis
2191 1717 2668 1798 dioecesanis,
2715 1735 2802 1783 ex
2838 1714 3116 1782 litteris
3149 1716 3279 1780 Or·

291 1825 574 1892 dinarii
609 1829 685 1894 et
717 1846 805 1895 ex
840 1827 1077 1911 ipsius
1119 1828 1422 1911 parochi
1452 1827 1963 1895 commissione
2003 1826 2507 1909 desumantur3
2542 1823 2693 1906 sed,
2735 1823 2878 1889 nisi
2922 1822 3128 1889 aliud
3164 1840 3277 1889 ex·

291 1952 546 2018 presse
575 1938 950 2017 caveatur,
984 1934 1143 2019 ipse
1181 1935 1394 2004 debet
1430 1936 1716 2002 ratione
1747 1935 1963 2001 officii
1997 1933 2299 2018 parochi
2334 1932 2562 1999 vicem
2599 1931 2941 2034 supplere
2974 1947 3283 2013 eumque

282 2039 645 2108 adiuvare
683 2040 759 2107 in
805 2040 1146 2108 universo
1188 2040 1586 2126 paroeciali
1627 2041 2066 2124 ministerio,
2110 2044 2416 2124 excepta
2465 2038 2963 2123 applicatione
3010 2036 3280 2101 Missae
3338 2052 3343 2059 ·

285 2163 428 2229 pro
461 2149 738 2230 populo
770 2149 826 2217 ⁴.
2888 2193 2894 2200 -

476 2255 508 2338 ξ
555 2255 622 2321 7.
675 2256 943 2324 Subest
975 2257 1319 2340 parocho,
1350 2257 1475 2341 qui
1501 2274 1664 2324 eum
1696 2261 2003 2340 paterne
2033 2257 2364 2323 instruat
2391 2273 2476 2321 ac
2503 2253 2783 2337 dirigat
2809 2251 2887 2317 in
2913 2268 3096 2317 cura
3123 2249 3273 2315 ani-

292 2382 611 2446 marum,
653 2365 720 2432 ei
768 2365 1106 2448 invigilet
1144 2369 1220 2431 et
1259 2365 1548 2432 saltem'
1589 2363 1990 2448 quotannis
2058 2363 2154 2432 ad
2215 2363 2694 2431 Ordinarium
2741 2362 2834 2430 de
2871 2361 3119 2430 eodem
3172 2380 3278 2428 re-

292 2470 497 2538 ferat
532 2469 585 2536 ⁸.

478 2578 510 2661 ξ
557 2580 623 2646 8.
676 2579 756 2646 Si
795 2598 927 2648 nec
957 2598 1091 2663 per
1115 2580 1431 2648 vicarios
1456 2585 1970 2665 cooperatores
2007 2580 2384 2663 spirituali
2417 2578 2741 2646 fidelium
2773 2578 2964 2644 bono
2991 2575 3276 2643 consuli

295 2685 445 2754 rite
477 2691 720 2769 queat,
757 2687 1172 2771 Episcopus
1213 2689 1598 2772 provideat
1629 2689 1722 2755 ad
1769 2706 2098 2756 normam
2132 2705 2296 2753 can.
2339 2685 2531 2752 1427.

1588 2863 1766 2930 om.
1804 2862 1957 2928 477.

476 2988 508 3070 §
556 2989 621 3053 1.
672 2988 955 3055 Vicarii
999 2987 1448 3072 paroeciales
1483 2987 1574 3054 de
1625 2988 1891 3071 quibus
1930 2988 2006 3053 in
2055 3005 2219 3053 ca-n.
2263 2987 2574 3071 472-476,
2621 2989 2685 3055 si
2730 2989 3053 3073 religiosi
3098 2990 3274 3072 sint,

291 3096 616 3162 amoveri
664 3100 975 3178 possunt
1008 3095 1102 3162 ad
1141 3114 1469 3162 normam
1505 3113 1670 3162 can.
1710 3096 1863 3177 454,
1910 3096 1943 3178 ξ
1985 3096 2046 3179 5;
2084 3114 2292 3163 secus
2335 3096 2431 3163 ad
2480 3101 2740 3164 nutum
2779 3096 3126 3180 Episcopi
3165 3098 3274 3164 vel

291 3201 580 3269 Vicarii
617 3202 1102 3286 Capitularis‚
1149 3222 1295 3270 non
1330 3208 1578 3271 autem
1612 3204 1897 3270 vicarii
1933 3203 2317 3298 Generalis
2360 3205 2518 3272 sine
2562 3205 2912 3272 mandato
2948 3205 3274 3289 speciali.

476 3309 508 3391 ξ
555 3310 623 3375 2.
672 3309 882 3388 Quod
918 3312 982 3377 si
1013 3309 1292 3377 vicaria
1352 3310 1454 3379 sit
1516 3310 1988 3393 beneficialis,
2048 3311 2371 3377 vicarius
2433 3318 2866 3395 cooperator
2927 3314 3279 3380 removeri

292 3423 541 3502 potest
574 3437 916 3502 processu
953 3418 1046 3485 ad
1083 3434 1411 3484 normam
1456 3419 1666 3500 iuris,
1704 3438 1848 3487 non
1886 3420 2121 3487 solum
2156 3420 2245 3487 ob
2285 3438 2548 3487 causas
2583 3423 2886 3504 propter
2930 3439 3112 3505 quas
3145 3421 3274 3487 alii

290 3525 598 3609 parochi
641 3526 994 3592 removeri
1031 3530 1366 3610 possunt,
1402 3526 1528 3594 sed
1562 3527 1784 3593 etiam
1821 3527 1887 3592 si
1928 3528 2254 3611 graviter
2288 3527 2725 3594 subiectioni
2767 3527 3122 3595 defecerit
3155 3547 3273 3611 pa-

293 3634 519 3700 rocho
546 3634 836 3700 debitae
867 3633 941 3699 in
981 3630 1331 3700 exercitio
1362 3652 1661 3700 suarum
1696 3634 2189 3701 functionum.

1605 3843 1782 3910 CAN.
1818 3844 1972 3911 478.

469 3963 502 4043 ξ
551 3965 615 4029 1.
669 3964 881 4033 Sicut
910 3967 1275 4049 parochus
1307 3968 1654 4035 ecclesiae
1677 3970 2153 4051 cathedralis,
2191 3972 2298 4039 ita
2328 3974 2649 4040 vicarius
2677 3980 3115 4059 paroecialis
3142 3981 3275 4048 Ca·

287 4068 518 4152 pituli
548 4072 1000 4140 cathedralis
1032 4076 1406 4157 praecedit
1438 4076 1776 4143 omnibus
1808 4078 1981 4146 aliis
2012 4079 2364 4147 dioecesis
2405 4084 2747 4165 parochis
2781 4093 2914 4155 aut
2957 4087 3278 4171 vicariis;

286 4179 665 4246 oeconomi
699 4198 871 4247 vero
901 4181 1019 4248 ius
1051 4183 1606 4265 praecedentiae
1648 4186 1934 4267 regitur
1976 4187 2252 4254 normis
2287 4188 2362 4254 in
2404 4208 2567 4256 can.
2616 4192 2743 4258 106
2780 4196 3108 4262 statutis.

289 4422 541 4481 Amnon„
571 4422 638 4474 13
667 4424 771 4475 iul.
809 4423 957 4482 1⁷20.
1000 4425 1066 4476 31
1096 4423 1259 4486 mall,
1292 4424 1328 4476 2
1353 4438 1487 4489 aug.
1524 4427 1671 4488 1721,
1712 4428 1790 4479 ad
1830 4430 1881 4490 ξ
1914 4429 2131 4488 vicen„
2166 4432 2232 4483 12
2264 4432 2405 4494 ian„
2438 4434 2504 4486 12
2537 4436 2638 4487 iul.
2677 4436 2826 4497 1760,
2861 4436 2927 4489 30
2956 4450 3089 4499 aug.
3124 4438 3273 4498 1766,

290 4510 374 4561 ad
401 4513 452 4571 1;
481 4509 943 4571 Balaam-colen„
974 4512 1041 4563 24
1071 4517 1268 4569 mart..
1300 4516 1365 4566 14
1392 4527 1519 4575 apr.
1551 4516 1697 4577 1821;
1734 4519 1800 4569 14
1831 4531 1966 4579 aug.
2000 4519 2149 4579 1863,
2182 4522 2261 4573 ad
2291 4524 2340 4572 1.

472 4599 495 4635 ²
532 4600 706 4651 conc.
751 4599 1037 4662 irrident..
1074 4616 1216 4655 sess.
1252 4604 1402 4664 XXI,
1447 4607 1518 4655 ae
1554 4606 1688 4665 res„
1723 4619 1772 4658 c.
1806 4609 1855 4669 43
1891 4608 2268 4663 Innocentius
2302 4612 2468 4670 XIII,
2514 4617 2697 4666 const.
2748 4629 2779 4664 α
2813 4614 3135 4673 apostonci
3172 4616 3275 4665 mi·

287 4687 530 4738 mter-u
559 4703 609 4749 n,
640 4689 705 4742 23
733 4690 878 4742 mail
912 4691 1059 4753 1723,
1096 4694 1123 4751 ς
1157 4694 1240 4754 13;
1270 4692 1624 4748 Benedictus
1662 4697 1827 4757 XIII,
1869 4701 2055 4750 const.
2093 4714 2124 4749 α
2154 4699 2227 4749 In
2259 4711 2529 4757 supremo
2564 4717 2612 4762 n,
2656 4702 2721 4754 23
2753 4706 2900 4763 sept.
2935 4704 3083 4762 1724,
3128 4704 3158 4765 fl
3188 4706 3271 4766 10,

288 4777 376 4838 m:
403 4782 591 4831 const.
620 4793 651 4828 ι
675 4778 1003 4831 Pastorum
1034 4781 1211 4840 officii
1235 4797 1284 4842 n,
1312 4782 1373 4834 27
1399 4787 1574 4837 mart.
1603 4784 1750 4845 1726,
1788 4787 1815 4848 5
1848 4786 1900 4848 ὃς
1926 4787 2279 4840 Benedictus
2306 4789 2456 4849 xlv,
2486 4794 2670 4842 const.
2706 4806 2737 4841 α
2763 4792 2852 4841 Aa
2878 4792 3195 4844 militantis
3223 4808 3272 4854 ιο,

286 4865 359 4917 30
385 4868 561 4917 mart.
591 4867 739 4929 1742,
773 4869 800 4930 5
831 4869 914 4929 11;
945 4868 1003 4921 S.
1036 4869 1099 4921 0.
1132 4870 1222 4930 0.,
1255 4870 1649 4931 Tmaoinen„
1678 4874 1712 4924 2
1745 4874 1910 4935 mali,
1947 4876 1983 4927 6
2014 4876 2133 4927 iun.
2164 4876 2311 4929 1739.

462 4955 492 4992 ¹
534 4954 706 5007 Cone.
751 4956 1037 5017 irrident..
1071 4971 1213 5011 sess.
1249 4960 1394 5020 XXI,
1439 4963 1511 5012 de
1541 4963 1677 5022 ret..
1710 4974 1759 5014 c.
1792 4965 1842 5026 4ς
1873 4964 2228 5018 Benedictus
2260 4966 2410 5026 xlv,
2454 4970 2638 5019 const.
2684 4982 2715 5017 ι
2747 4968 2836 5017 Aa
2873 4968 3189 5023 militantis
3224 4986 3275 5030 ι»,

282 5042 355 5094 30
382 5045 559 5093 mart.
586 5044 734 5104 1742,
764 5045 791 5106 5
819 5047 901 5106 11:
926 5047 1195 5099 Clemens
1221 5049 1388 5107 XIII,
1415 5054 1602 5102 const.
1639 5067 1670 5102 α
1703 5053 1873 5104 Inter
1899 5053 2253 5114 multiplices
2283 5070 2330 5115 n,
2361 5057 2426 5107 11
2452 5056 2575 5107 dec.
2613 5056 2761 5117 1758,
2796 5057 2822 5117 ξ
2850 5058 2953 5120 5-7;
2988 5057 3049 5110 S.
3083 5058 3147 5110 0.
3180 5059 3269 5119 0.,

287 5130 647 5188 olomucen„
684 5130 723 5183 7
751 5133 896 5193 lun..
929 5134 964 5184 2
1000 5146 1133 5196 aug.
1169 5134 1317 5196 1755,
1351 5139 1429 5189 ad
1460 5140 1509 5189 4.

464 5222 491 5259 ³
536 5220 594 5271 S.
625 5220 692 5273 0.
723 5221 812 5282 0.,
849 5222 1180 5281 sabucea„
1208 5224 1282 5277 ,13
1317 5226 1418 5277 iul.
1456 5228 1603 5289 1743,
1643 5229 1723 5282 ad
1758 5231 1807 5282 1.

469 5312 497 5348 ⁴
539 5308 597 5361 S.
630 5310 694 5362 0.
728 5310 817 5371 0.,
855 5311 1268 5371 Μεαωισηοπ.,
1308 5315 1374 5365 24
1413 5322 1583 5379 sept..
1632 5318 1666 5372 3
1703 5318 1826 5371 dec.
1868 5320 2014 5383 173&
2057 5319 2473 5382 mediolanen„
2515 5323 2581 5375 16
2630 5323 2779 5375 febr.
2832 5323 2979 5385 1867,
3020 5325 3097 5376 ad
3140 5326 3190 5385 1,
3227 5326 3280 5386 2;

287 5398 576 5458 Baetes„
609 5398 676 5451 24
704 5401 808 5452 lul.
837 5401 985 5454 1875.
1027 5459 1038 5473 .

467 5492 495 5529 ὅ
532 5488 593 5540 8.
624 5488 690 5541 0.
722 5490 809 5551 0.,
850 5486 1136 5550 Brixiam,
1168 5491 1233 5543 24
1263 5492 1367 5545 lul.
1399 5494 1546 5547 1875.
