3753 5871
1300 384 1476 434 Liber
1504 382 1741 436 Tertius
1775 407 1795 419 -
1834 379 1922 431 De
1960 379 2157 432 Rebus
3134 374 3249 433 439

520 576 618 642 3.·’
656 576 839 642 Iura
874 573 1328 658 spiritualia,
1372 590 1681 656 quorum
1720 570 1897 637 laici
1946 586 2094 636 non
2132 570 2309 634 sunt
2345 582 2677 649 capaces,
2731 564 2794 630 si
2844 567 3114 647 agatur
3153 561 3244 627 de

263 683 846 767 praescriptione
883 682 962 748 in
1008 680 1467 749 commodum
1509 681 1889 762 laicorum;

521 798 620 865 4.*
664 798 888 866 Fines
930 799 1113 866 certi
1161 803 1236 866 et
1279 796 1570 863 indubii
1625 794 2173 879 provinciarum
2229 789 2920 869 ecclesiasticarum,
2970 786 3242 852 dioece-

260 905 479 987 sium,
529 906 1062 989 paroeciarum,
1103 904 1597 972 vicariatuum
1639 902 2239 986 apostolicorum,
2281 896 2916 982 praefecturarum
2957 894 3243 976 aposto·

262 1012 600 1096 licarum,
637 1013 1105 1080 abbatiarum
1142 1012 1259 1080 vel
1297 1011 1634 1096 praelatu
1644 1028 1894 1077 rarum
1942 1006 2248 1084 nullius:

525 1127 624 1193 5.·
665 1127 1190 1213 Eleemosynae
1233 1131 1308 1196 et
1343 1143 1565 1195 onera
1602 1125 2024 1205 Missarum3

523 1243 622 1310 6:
667 1242 1113 1335 Beneficium
1151 1241 1728 1310 ecclesiasticum
1775 1240 1935 1307 sine
1980 1237 2227 1319 titulo;

528 1358 626 1424 7.⁰
670 1360 801 1426 Ius
836 1358 1292 1427 visita-tionis
1336 1361 1412 1425 et
1447 1356 1930 1435 obedientiae,
1970 1354 2082 1421 ita
2120 1357 2205 1419 ut
2251 1349 2531 1418 subditi
2577 1366 2628 1414 a
2660 1346 2866 1414 nullo
2903 1343 3251 1411 Praelato

260 1465 555 1533 visitari
604 1467 891 1551 possint
936 1470 1014 1534 et
1051 1466 1241 1533 nulli
1281 1464 1633 1532 Praelato
1667 1465 1816 1529 iam
1858 1461 2172 1541 subsint3

521 1582 620 1648 8.·
666 1581 956 1650 Solutio
988 1581 1479 1649 cathedratici
1519 1579 1571 1649 ¹.

1524 1755 1700 1822 CAN.
1759 1755 1955 1820 1510.

439 1878 473 1960 ξ
522 1880 587 1945 1.
638 1878 784 1947 Res
843 1897 1097 1947 sacrae
1159 1897 1345 1964 quae
1394 1881 1474 1945 in
1523 1880 1850 1947 dominio
1901 1880 2359 1964 privatorum
2414 1885 2614 1962 sunt,
2669 1880 3250 1964 praescriptione

261 1987 551 2071 acquiri
589 2005 637 2053 a
679 1986 994 2071 privatis
1044 1987 1378 2072 personis
1422 1990 1759 2071 possunt,
1807 2004 1994 2072 quae
2033 1991 2281 2055 tamen
2325 2005 2448 2054 eas
2489 1986 2837 2054 adhibere
2878 1988 3253 2070 nequeunt

263 2095 361 2162 ad
403 2094 756 2178 profanos
802 2111 1003 2177 usus;
1045 2095 1111 2161 si
1152 2112 1325 2162 vero
1367 2095 1993 2163 consecra-tionem
2047 2096 2162 2162 vel
2217 2095 2794 2163 benedictionem
2838 2093 3249 2175 amiserint,

265 2200 494 2268 libere
528 2201 817 2286 acquiri
855 2206 1168 2285 possunt
1202 2202 1427 2269 etiam
1461 2202 1558 2270 ad
1604 2220 1785 2269 usus
1819 2203 2199 2286 profanos,
2249 2221 2394 2270 non
2432 2206 2680 2269 tamen
2717 2199 3077 2269 sordidos.

443 2315 479 2397 ξ
524 2313 591 2381 2.
640 2315 788 2384 Res
835 2333 1114 2397 sacrae,
1167 2334 1356 2400 quae
1393 2316 1474 2382 in
1514 2316 1841 2384 dominio
1879 2317 2341 2401 privatorum
2385 2335 2531 2383 non
2571 2320 2774 2397 sunt,
2819 2334 2965 2383 non
3005 2334 3054 2382 a
3094 2333 3249 2399 per·

265 2440 450 2489 sona
487 2423 806 2506 privata,
849 2423 975 2491 sed
1021 2442 1066 2491 a
1113 2441 1429 2507 persona
1465 2424 1729 2491 morali
1766 2424 2265 2492 ecclesiastica
2301 2428 2563 2491 contra
2600 2423 2826 2490 aliam
2865 2440 3253 2507 personam

268 2529 618 2597 moralem
653 2529 1226 2598 ecclesiasticam
1268 2530 1672 2614 praescribi
1707 2534 2044 2616 possunt.

1524 2706 1703 2773 CAN.
1752 2706 1950 2773 1511.

445 2828 481 2910 ξ
527 2830 594 2895 1.
644 2827 790 2896 Res
831 2828 1265 2911 immobiles,
1311 2828 1616 2897 mobiles
1668 2830 2060 2913 pretiosae,
2115 2831 2284 2899 iura
2326 2835 2404 2901 et
2443 2833 2773 2903 actiones
2815 2835 2967 2904 sive
3014 2853 3252 2919 perso·

266 2935 473 3005 nales
507 2937 661 3006 sive
708 2937 969 3020 reales,
1020 2955 1207 3023 quae
1245 2937 1623 3022 pertinent
1659 2939 1754 3007 ad
1798 2938 2057 3008 Sedem
2097 2941 2628 3026 Apostolicam,
2670 2943 2915 3026 spatio
2956 2947 3253 3013 centum

264 3060 628 3111 annorum
662 3044 1274 3128 praescribuntur
1312 3043 1366 3113 ¹.

446 3158 481 3241 ξ
526 3157 594 3226 2.
642 3158 848 3239 Quae
899 3160 996 3227 ad
1042 3160 1270 3227 aliam
1319 3177 1708 3244 personam
1758 3160 2111 3230 moralem
2159 3161 2757 3245 ecclesiasticam,
2811 3165 3059 3248 spatio
3122 3166 3250 3233 tri·

263 3266 480 3351 ginta
518 3284 882 3333 annorum
922 3265 975 3335 ⁸.

1544 3373 1724 3442 CAN·
1773 3374 1970 3441 1512.

441 3498 673 3566 Nulla
716 3500 919 3567 valet
967 3493 1482 3583 praescriptio,
1537 3499 1683 3565 nisi
1731 3499 1926 3566 bona
1987 3497 2129 3566 fide
2181 3500 2495 3579 nitatur,
2552 3519 2698 3568 non
2745 3500 2986 3567 solum
3036 3501 3256 3569 initio

263 3611 772 3695 possessionis,
800 3609 926 3677 sed
952 3613 1116 3677 toto
1136 3608 1620 3694 possessionis
1651 3612 1980 3693 tempore
2003 3608 2100 3676 ad
2126 3610 2781 3694 praescriptionem
2810 3611 3170 3695 requisito
3194 3608 3248 3677 ⁴.

1538 3786 1715 3854 CAN.
1763 3784 1960 3852 1513.

450 3910 485 3993 ξ
531 3911 598 3977 1.
647 3908 795 3989 Qui
834 3928 925 3977 ex
966 3910 1130 3977 iure
1174 3912 1489 3977 naturae
1528 3911 1605 3977 et
1655 3909 2156 3977 ecclesiastico
2196 3909 2424 3977 libere
2464 3909 2662 3977 valet
2714 3910 2805 3977 de
2848 3909 3004 3976 suis
3045 3909 3259 3976 bonis

267 4020 622 4101 statuere,
662 4022 909 4103 potest
935 4017 1031 4084 ad
1056 4034 1323 4085 causas
1352 4017 1540 4100 pias,
1572 4016 1724 4085 sive
1762 4036 1894 4102 per
1927 4022 2177 4085 actum
2204 4017 2405 4086 inter
2431 4019 2636 4086 vivos
2666 4018 2819 4085 sive
2848 4035 2979 4101 per
3008 4022 3258 4085 actum

268 4126 532 4193 mortis
559 4142 813 4207 causa,
849 4125 1043 4192 bona
1076 4123 1491 4207 relinquere
1525 4126 1582 4196 ⁸.

458 4363 481 4399 ¹
515 4362 582 4415 O.
614 4363 665 4424 5,
696 4362 748 4424 6,
779 4362 845 4415 0.
883 4363 1037 4424 XVI,
1075 4374 1130 4424 q.
1161 4362 1211 4425 3;
1243 4374 1293 4414 c.
1326 4363 1376 4423 4,
1409 4362 1475 4423 X,
1508 4363 1579 4413 ae
1610 4362 2050 4420 consuetudine,
2091 4362 2141 4421 1,
2173 4362 2222 4423 4:
2251 4373 2300 4413 c.
2332 4362 2383 4422 7,
2415 4362 2498 4421 12,
2531 4361 2615 4423 16,
2647 4363 2712 4422 Χ,
2747 4363 2818 4413 ae
2852 4361 3263 4422 praecor-cptio-

276 4452 470 4512 πωπω,
497 4454 581 4514 ΙΙ,
606 4453 688 4515 m:
710 4464 761 4504 c.
794 4454 844 4513 4,
875 4454 942 4514 X,
969 4454 1040 4504 de
1065 4452 1361 4513 parochus
1388 4454 1447 4504 et
1474 4450 1687 4503 olienis
1711 4450 2108 4512 parochianis,
2138 4452 2253 4512 111,
2289 4451 2371 4513 29;
2395 4451 2752 4505 Benedictus
2776 4452 2928 4512 xlv,
2960 4463 3052 4513 ep.
3090 4466 3120 4502 ι
3155 4450 3265 4501 De-

275 4543 525 4593 clamn
549 4558 599 4604 ι,
634 4543 702 4595 16
726 4546 903 4595 mart.
931 4542 1079 4605 1746;
1106 4543 1165 4596 S.
1198 4542 1262 4597 O.
1296 4543 1383 4602 C..
1413 4542 1756 4603 Bononien„
1783 4543 1817 4595 3
1848 4545 1914 4595 et
1939 4542 2004 4594 17
2030 4542 2153 4594 dec.
2186 4541 2334 4604 1718;
2362 4539 2713 4600 Gemanica..
2741 4543 2805 4594 11
2836 4542 2939 4593 iul.
2972 4540 3119 4603 1818:
3156 4540 3264 4590 Lu-

272 4642 444 4691 cana,
474 4634 507 4685 9
534 4633 652 4684 ian.
689 4632 838 4695 18253
865 4632 1182 4691 rheam„
1212 4633 1277 4684 17
1305 4633 1425 4684 iun.
1456 4633 1604 4693 1899,
1633 4633 1699 4684 27
1726 4644 1853 4694 apr.
1894 4633 2040 4687 1901.
2084 4664 2091 4670 -
3003 4691 3010 4701 ‚

453 4728 480 4763 ²
513 4722 579 4775 0.
609 4723 692 4784 16,
725 4723 809 4784 17,
841 4722 906 4775 0.
946 4723 1097 4780 xvl.
1134 4734 1189 4784 q.
1220 4724 1271 4780 3:
1298 4734 1346 4774 c.
1380 4724 1463 4781 13,
1495 4724 1577 4783 14,
1608 4724 1691 4783 17,
1729 4724 1795 4783 X,
1829 4724 1901 4773 de
1930 4721 2511 4782 praescriptionibus,
2544 4722 2627 4781 ΙΙ,
2661 4721 2743 4783 263
2769 4733 2820 4773 c.
2851 4722 2902 4781 4,
2934 4720 3000 4780 X,
3033 4722 3105 4771 de
3136 4726 3266 4772 coru

272 4815 608 4882 firmamo
639 4813 777 4863 auu
809 4812 903 4864 vet
935 4812 1157 4872 faunu,
1192 4814 1274 4872 11,
1307 4813 1389 4874 so,
1421 4825 1471 4864 c.
1505 4813 1554 4869 2.
1590 4815 1661 4863 ae
1693 4812 2277 4873 praescriptionum,
2313 4813 2396 4873 11,
2427 4812 2510 4872 13,
2556 4813 2618 4862 m
2651 4812 2777 4873 νιος
2811 4812 3111 4863 Honorius
3146 4796 3264 4872 ΠΙ.

271 4915 366 4966 ep.
398 4918 430 4954 ι
460 4903 631 4955 Sedis
656 4904 1028 4965 apostoncae
1050 4919 1102 4964 ι,
1126 4904 1192 4957 23
1215 4915 1340 4965 apr.
1367 4903 1513 4965 12213
1544 4903 1901 4956 Benedictus
1924 4903 2074 4958 XIV.
2101 4906 2286 4954 const.
2315 4917 2345 4953 ι
2374 4903 2462 4953 Aa
2490 4903 2891 4953 honorandam
2911 4916 2963 4962 ι,
2991 4901 3060 4953 27
3083 4903 3262 4955 mart.

276 4994 425 5053 1752,
460 4994 488 5053 fi
520 4992 604 5045 30.

448 5084 475 5119 ³
512 5083 577 5135 Ο.
608 5085 659 5143 9,
701 5083 784 5143 15,
817 5083 884 5136 G.
916 5084 1069 5142 XVI,
1109 5095 1166 5145 q.
1206 5083 1257 5145 ὃς
1287 5094 1338 5134 c.
1370 5083 1422 5143 3,
1458 5084 1524 5144 x,
1561 5086 1632 5134 de
1665 5082 2248 5143 praescriptionibus,
2285 5082 2368 5143 11,
2397 5082 2483 5134 m.

450 5179 478 5214 ⁴
516 5173 580 5227 C.
612 5175 663 5234 5,
694 5173 745 5235 8,
778 5173 861 5234 17,
891 5174 976 5233 19,
1007 5172 1090 5234 20,
1120 5174 1187 5234 X,
1223 5175 1295 5224 dc
1327 5173 1910 5233 praescriptionibus,
1948 5172 2030 5235 11,
2064 5174 2145 5237 26;
2177 5173 2318 5235 neg.
2356 5173 2406 5234 2,
2438 5174 2489 5234 3,
2525 5173 2596 5225 R.
2633 5173 2670 5226 J
2678 5210 2713 5232 .,
2750 5173 2811 5223 in
2854 5170 2982 5233 V1⁰;
3026 5170 3268 5223 Benedi-

274 5268 413 5316 ctus
441 5265 593 5325 xlv,
623 5276 715 5327 ep.
743 5279 775 5315 ι
806 5264 1018 5315 Urbem
1044 5279 1095 5324 ι,
1120 5264 1187 5316 19
1218 5265 1393 5316 mart.
1430 5262 1579 5324 1752,
1611 5264 1637 5324 s
1666 5263 1747 5325 23:
1775 5262 1834 5316 S.
1866 5264 1934 5317 Ο.
1968 5264 2073 5325 Ep.
2106 5267 2167 5316 et
2195 5264 2359 5326 neg..
2390 5262 2813 5313 Panormitano
2846 5272 2950 5311 seu
2980 5260 3268 5318 Romana,

272 5355 341 5406 23
366 5358 514 5414 sept.
543 5354 690 5417 m
719 5354 779 5408 8.
809 5355 875 5408 G.
908 5355 982 5407 de
1010 5355 1183 5415 Pron.
1215 5354 1361 5406 Fide
1398 5353 1488 5414 (C.
1525 5354 1588 5405 P.
1625 5367 1729 5417 pro
1762 5353 1973 5407 Sin.—
1993 5354 2358 5415 Sutcbuen.),
2398 5354 2431 5406 5
2460 5365 2586 5415 apr.
2618 5353 2766 5406 1785.

444 5446 474 5483 ⁸
518 5444 817 5498 Martinus
834 5446 884 5496 V
917 5446 1004 5505 (in
1025 5446 1199 5499 Oonc.
1223 5445 1610 5498 constantien
1634 5447 1677 5505 ),
1704 5449 1890 5497 const.
1923 5460 1953 5496 ι
1985 5444 2151 5496 Inter
2179 5448 2422 5496 cunctas
2444 5459 2493 5505 n,
2519 5442 2584 5495 22
2605 5444 2755 5496 febr.
2784 5442 2933 5502 1418,
2957 5444 3072 5494 art.
3097 5440 3266 5501 31-33,

281 5533 524 5585 Ioannis
552 5534 801 5594 wiclefi,
834 5534 1052 5595 dama:
1082 5535 1227 5587 Pius
1255 5535 1353 5595 1x,
1382 5546 1474 5596 ep.
1508 5536 1727 5597 encycl.
1762 5550 1792 5586 ι
1825 5535 2060 5596 Quanta
2092 5546 2236 5585 cum
2274 5549 2325 5594 ι,
2365 5533 2400 5586 8
2435 5533 2559 5586 dec.
2596 5531 2747 5585 18⁸4.
