3753 5871
409 262 518 319 412
1551 266 1749 317 Gom
1786 265 1950 316 Iuris
1997 265 2279 317 canonici

593 446 627 528 ξ
674 448 741 512 2.
791 448 963 531 Qui,
1005 449 1253 532 priore
1290 451 1622 533 dimisso,
1674 452 1881 519 aliud
1922 453 2237 519 officium
2277 455 2393 521 vel
2443 454 2871 522 beneficium
2910 460 3046 524 aut
3084 457 3412 542 dignita»

412 560 560 622 tem
602 556 827 623 etiam
868 557 1193 625 eiusdem
1239 559 1506 642 speciei
1545 564 2127 644 consequuntur,
2173 581 2433 629 rursus
2474 563 2744 631 debent
2789 564 2963 632 fidei
3015 566 3412 649 professio-

413 679 576 728 nem
615 664 952 730 emittere
989 664 1085 730 ad
1135 683 1463 731 normam
1508 666 1730 732 huius
1767 668 2076 733 canonis
2120 667 2169 735 ¹.

1670 844 1849 911 CAN.
1910 844 2105 910 1407.

589 964 1047 1049 obligationi
1082 965 1252 1035 fidei
1291 969 1818 1051 professionem
1859 972 2247 1039 emittendi
2296 991 2443 1040 non
2484 973 2858 1040 satisfacit
2899 974 3026 1058 qui
3071 992 3231 1040 eam
3270 992 3417 1058 per

412 1075 962 1151 procuratorem
998 1074 1116 1141 vel
1154 1093 1402 1142 coram
1434 1076 1626 1144 laico
1661 1080 1944 1147 emittit
1983 1078 2038 1145 ².

1684 1259 1863 1325 CAN.
1924 1261 2117 1326 1408.

591 1378 1062 1463 Reprobatur
1098 1382 1466 1465 quaelibet
1501 1385 1959 1453 consuetudo
1992 1389 2255 1453 contra
2290 1404 2607 1453 canones
2653 1387 2876 1453 huius
2916 1385 3148 1455 tituli.

1582 1757 1824 1859 PARS
1895 1758 2235 1877 QUINTA

1476 1989 1628 2072 DE
1706 1987 2333 2074 BENEFIGHS

817 2137 1344 2253 ALIISQUE
1411 2141 1531 2224 ΙΝ
1532 2138 2039 2226 S'I'I'I'U'I'IS
2114 2137 2994 2227 EOCLESIASTICIS

1320 2291 1531 2377 NON
1605 2291 2496 2381 COLLEGLALIBUS

1560 2685 1724 2750 ΤΙΤ
1732 2685 1986 2755 ULUS
2033 2685 2243 2752 XXV.

1375 2813 1479 2880 De
1524 2813 1882 2880 beneflciis
1929 2813 2444 2880 ecclesiasticis.

1681 2990 1861 3056 CAN.
1910 2988 2108 3056 1409.

586 3129 1037 3198 Beneficium
1079 3130 1658 3198 ecclesiasticum
1700 3134 1816 3199 est
1855 3150 1987 3199 ens
2030 3131 2426 3198 iuridicum
2470 3149 2519 3198 a
2567 3135 3027 3215 competente
3070 3132 3404 3237 ecclesia·

409 3238 597 3306 stica
629 3239 1079 3306 auctoritate
1118 3238 1195 3305 in
1228 3242 1666 3322 perpetuum
1697 3241 2190 3308 constitutum
2231 3259 2360 3307 seu
2394 3244 2745 3320 erectum,
2779 3243 3132 3307 constans
3171 3240 3408 3309 officio

409 3363 620 3414 sacro
651 3352 729 3415 et
755 3347 917 3414 iure
948 3347 1401 3431 percipiendi
1435 3348 1722 3415 reditus
1758 3368 1845 3415 ex
1875 3350 2050 3417 dote
2079 3348 2313 3416 officio
2343 3349 2668 3416 adnexos
2703 3347 2755 3415 ³.

1584 3522 1589 3526 ’
1678 3525 1857 3593 CAN.
1917 3524 2112 3590 1410.

585 3652 850 3719 Dotem
900 3651 1231 3729 beneficii
1270 3653 1745 3719 constituunt
1780 3653 1935 3718 sive
1974 3653 2167 3718 bona
2216 3669 2525 3736 quorum
2570 3651 2990 3734 proprietas
3029 3654 3143 3717 est
3182 3667 3405 3733 penes

408 3757 652 3841 ipsum
693 3778 825 3825 ens
860 3759 1283 3842 iuridicum,
1327 3761 1480 3827 sive
1515 3764 1760 3828 certae
1807 3766 1883 3828 et
1918 3761 2210 3828 debitae
2247 3760 2789 3845 praestationes
2834 3758 3156 3824 alicuius
3191 3758 3399 3824 fami·

408 3865 554 3933 liae
587 3866 705 3932 vel
740 3885 1095 3949 personae
1139 3867 1466 3948 moralis,
1506 3868 1660 3935 sive
1690 3871 1937 3936 certae
1973 3874 2048 3936 et
2090 3868 2557 3935 voluntariae
2593 3861 2918 3934 fidelium
2966 3866 3399 3945 oblationes,

412 3992 599 4057 quae
641 3974 736 4041 ad
762 3973 1112 4041 ‘beneficii
1169 3979 1523 4042 rectorem
1569 3979 1929 4061 spectent,
1981 3963 2149 4045 sive'
2175 3978 2368 4058 iura,
2420 3980 2507 4043 ut
2558 3976 2863 4057 dicitur,
2911 3974 3147 4042 stolae
3201 3974 3405 4041 intra

410 4082 593 4148 fines
643 4083 1051 4149 taxationis
1101 4082 1577 4150 dioecesanae
1626 4084 1737 4150 vel
1791 4085 2166 4168 legitimae
2215 4083 2801 4167 consuetudinis,
2867 4084 3021 4151 sive
3067 4082 3403 4150 chorales

407 4189 999 4272 distributioncS,
1038 4189 1337 4256 exclusa
1371 4191 1596 4256 tertia
1632 4192 2030 4258 earundem
2069 4195 2305 4274 parte,
2344 4193 2411 4259 si
2455 4210 2706 4261 omnes
2742 4192 3029 4259 reditus
3072 4190 3401 4259 beneficii

406 4297 831 4364 choralibus
868 4297 1525 4364 distributionibus
1565 4301 1909 4365 constent
1941 4297 1995 4364 ⁴.

409 4527 489 4577 ad
515 4526 563 4585 3:
599 4524 962 4581 Tit-usonem,
998 4525 1064 4575 20
1088 4536 1238 4585 apr..
1269 4526 1334 4575 11
1361 4524 1506 4575 mall
1539 4524 1687 4583 1782,
1717 4525 1795 4576 ud
1823 4527 1871 4584 1;
1903 4523 2352 4584 lii-spunsarum,
2381 4528 2412 4576 1
2440 4536 2565 4585 apr.
2597 4526 2746 4586 1786,
2774 4526 2854 4577 ad
2887 4525 2969 4586 11;
2995 4525 3152 4577 decr.
3182 4524 3249 4577 m
3277 4525 3398 4576 lan.

412 4616 559 4675 1877;
592 4615 651 4666 S.
684 4615 749 4666 C.
787 4616 860 4666 dc
893 4616 1060 4675 Prop.
1097 4616 1260 4676 Fide,
1295 4616 1363 4667 10
1397 4616 1516 4665 lan.
1552 4614 1697 4676 1875;
1740 4614 1827 4674 (C.
1864 4614 1981 4675 G.),
2017 4615 2082 4665 26
2115 4615 2264 4666 febr.
2304 4615 2450 4677 1875;
2483 4616 2635 4667 decr.
2676 4614 2742 4667 16
2784 4614 2889 4668 iul.
2927 4615 3073 4678 18783
3111 4615 3170 4668 S.
3206 4616 3278 4666 Β.
3314 4615 3403 4675 0.,

412 4705 701 4763 Βήοοεπ.,
731 4706 796 4756 21
834 4706 935 4756 inl.
975 4707 1123 4767 1855,
1155 4707 1232 4758 ad
1263 4709 1312 4768 93
1342 4705 1687 4758 Pontificale
1721 4705 1911 4765 Rom„
1947 4707 2041 4757 tlt.
2078 4703 2234 4755 Ordo
2267 4707 2345 4755 ad
2376 4705 2692 4766 synodum.

591 4795 610 4829 ¹
651 4796 709 4846 S.
743 4797 807 4847 C.
840 4797 927 4856 0.,
962 4796 1411 4856 Hispaniarum,
1442 4797 1477 4847 1
1508 4808 1635 4856 apr.
1669 4794 1818 4856 1786,
1854 4795 1933 4847 ad
1965 4796 2013 4846 1.

583 4890 609 4925 ²
655 4886 713 4937 S.
755 4888 821 4939 C.
862 4888 949 4946 0..
1000 4887 1445 4946 Panormitano,
1487 4900 1685 4939 mense
1723 4888 1883 4939 malo
1930 4886 2077 4947 1586:
2128 4885 2461 4945 Valentino,
2502 4887 2537 4939 5
2574 4887 2723 4938 febr.
2769 4886 2918 4947 1611:
2959 4884 3405 4942 Galeam-itanc,

410 4978 476 5027 22
505 4981 653 5037 sept.
686 4977 833 5037 1696:
864 4979 1163 5036 Catanen„
1198 4977 1265 5029 m
1294 4979 1434 5038 lan„
1468 4978 1503 5030 9
1532 4977 1681 5029 febr.
1720 4977 1869 5037 1726,
1903 4976 1980 5028 ad
2013 4976 2063 5036 2,
2094 4976 2145 5029 3.

582 5071 607 5106 ³
652 5069 717 5119 C.
753 5070 836 5127 1⁰,
867 5070 934 5127 X,
970 5071 1041 5120 ae
1076 5068 1204 5119 vita
1237 5073 1297 5119 ee
1331 5067 1639 5119 honestate
1671 5067 2036 5125 clericorum,
2071 5067 2189 5126 ΙΙΙ,
2227 5069 2277 5129 1;
2306 5078 2358 5119 c.
2395 5067 2479 5127 15,
2525 5069 2598 5118 dc
2638 5066 2964 5127 reson-tntu,
3003 5067 3052 5126 Ι,
3083 5066 3136 5125 3,
3174 5067 3235 5116 tn
3279 5066 3408 5127 V1⁰;

408 5158 584 5211 Oonc.
619 5158 906 5218 Trident„
941 5170 1087 5210 sess.
1129 5159 1277 5217 XXI,
1313 5160 1384 5209 ae
1416 5159 1553 5217 ret„
1594 5169 1645 5209 c.
1687 5158 1737 5211 3.

584 5256 613 5290 ⁴
654 5252 717 5303 0.
751 5250 834 5311 27,
865 5250 932 5307 X,
966 5252 1036 5303 de
1067 5248 1394 5308 rescriptis,
1429 5250 1479 5310 Ι,
1510 5250 1562 5310 3:
1590 5261 1640 5300 c.
1673 5250 1756 5309 12,
1785 5250 1854 5310 X,
1889 5250 1961 5301 do
1994 5246 2434 5311 pmebenassct
2468 5246 2880 5307 divinitatibus,
2923 5248 3039 5307 ΙΙΙ,
3079 5247 3131 5308 63
3159 5258 3209 5298 c.
3245 5248 3296 5305 1.
3338 5247 3407 5306 X,

413 5344 486 5395 ae
507 5344 798 5401 cambus,
820 5341 1228 5394 exactionibus
1252 5345 1312 5392 ct
1341 5341 1874 5401 procurationibus,
1903 5340 2019 5401 ΙΙΙ,
2043 5340 2125 5402 39;
2149 5339 2208 5392 S.
2241 5338 2307 5392 C.
2338 5339 2426 5400 C..
2450 5337 2688 5390 Nullius
2711 5336 3149 5397 Ρονοροπψίῑίὶ,
3174 5335 3238 5388 21
3266 5349 3405 5397 ang.

397 5432 559 5499 χ1811),
593 5431 660 5485 10
686 5432 810 5484 dec.
846 5432 994 5492 1820,
1026 5432 1106 5484 ad
1135 5432 1185 5493 2:
1212 5430 1541 5488 Bri-einen„
1571 5429 1639 5481 22
1668 5443 1801 5492 aug.
1836 5429 1984 5483 1874.
