3753 5871
1268 296 1567 358 Prote-mo
1629 295 1971 349 Catholicae
2031 295 2202 347 Fidei
3059 308 3229 353 van

234 485 565 561 menico
598 481 975 561 Concilio
1006 481 1424 560 Vaticano
1459 480 1799 571 tradita,
1837 479 2195 559 definita
2229 501 2330 557 ac
2367 478 2817 569 declarata,
2857 500 3226 581 praeser-

236 627 396 706 tim
422 626 526 704 de
555 624 923 702 Romani
955 600 1394 702 Po'ntificis
1424 623 1803 726 primatu
1835 624 1922 701 et
1956 619 2393 700 infallibili
2430 621 2942 723 magisterio,
2980 620 3227 698 indu-

236 767 612 846 bitanter
638 766 951 868 recipio
982 768 1238 867 atque
1263 765 1681 866 profiteor,
1712 763 2136 866 simulque
2168 764 2600 843 contraria
2628 765 2939 855 omnia,
2973 768 3228 866 atque

238 908 628 985 haereses
672 927 1223 1007 quascunque
1279 906 1385 985 ab
1430 906 1807 984 Ecclesia
1857 907 2317 984 damnatas
2372 910 2458 986 et
2503 907 2857 985 reiectas
2903 910 2990 985 et
3031 929 3227 985 ana·

239 1044 861 1138 thematizatae,
899 1069 1050 1147 ego
1085 1049 1404 1149 pariter
1444 1049 1782 1139 damn0‚
1828 1047 2114 1127 reiicio
2157 1049 2243 1125 et
2282 1046 2935 1132 anathematizo,
2983 1047 3232 1125 Hanc

237 1209 533 1265 veram
575 1187 1107 1267 catholicam
1145 1162 1459 1285 Fidem,
1500 1192 1744 1267 extra
1782 1209 2046 1289 quam
2095 1211 2344 1267 nemo
2384 1189 2672 1267 salvus
2710 1212 2888 1268 esse
2930 1193 3232 1291 potest,

242 1350 505 1430 quam
548 1329 641 1407 in
684 1328 1112 1431 praesenti
1157 1332 1456 1432 sponte
1508 1329 1909 1432 profiteor
1954 1332 2039 1409 et
2084 1329 2499 1409 veraciter
2540 1326 2812 1420 'tene0‚
2875 1330 3234 1408 eandem

238 1474 662 1573 integram
694 1477 779 1554 et
807 1472 1314 1553 inviolatam
1345 1496 1617 1576 usque
1646 1476 1754 1554 ad
1788 1474 2265 1552 extremum
2305 1473 2533 1551 vitae
2575 1473 2996 1574 spiritum,
3039 1494 3230 1550 con-

240 1617 788 1709 stantissime,
839 1618 1012 1695 Deo
1058 1618 1545 1709 adiuvante,
1603 1618 1960 1697 retinere
2015 1619 2098 1696 et
2147 1616 2554 1708 confiteri,
2611 1619 2868 1718 atque
2922 1640 2973 1695 a
3017 1616 3230 1694 meis

240 1758 609 1837 subditis
640 1782 790 1838 seu
824 1758 1017 1851 illis,
1056 1780 1421 1862 quorum
1456 1782 1662 1839 cura
1696 1761 1807 1839 ad
1851 1782 1987 1838 me
2029 1759 2123 1837 in
2164 1781 2515 1837 munere
2556 1781 2745 1837 meo
2789 1759 3228 1860 spectabit,

240 1902 513 1980 teneri
554 1905 641 1981 et
680 1903 964 1982 doceri
1005 1907 1091 1982 et
1140 1903 1635 2004 praedicari,
1691 1902 2114 2003 quantum
2167 1903 2258 1979 in
2310 1924 2447 1980 me
2500 1903 2663 1980 erit
2704 1906 3226 1993 curaturum,

242 2068 396 2148 ego
442 2046 673 2124 idem
722 2048 814 2124 N.
867 2046 1263 2148 spondeo,
1308 2068 1576 2124 voveo
1625 2067 1724 2125 ac
1779 2046 1990 2123 iuro,
2052 2044 2188 2124 Sic
2246 2067 2384 2123 me
2438 2043 2668 2124 Deus
2724 2047 3096 2139 adiuvet,
3147 2060 3232 2127 et

240 2187 452 2267 haec
479 2189 778 2268 sancta
803 2189 961 2266 Dei
990 2188 1478 2287 Evangelia.
